174602427,0.00223600,200000.00000000,280815835,280815835,1782864005706505,False,True
174602428,0.00223600,9285.00000000,280815836,280815836,1782864005706514,False,True
174602429,0.00223600,14748.00000000,280815837,280815837,1782864005706525,False,True
174602430,0.00223700,4703.00000000,280815838,280815839,1782864005729711,False,True
174602431,0.00223600,25312.00000000,280815840,280815840,1782864007115797,True,True
174602432,0.00223600,223955.00000000,280815841,280815841,1782864023623866,False,True
174602433,0.00223700,43278.00000000,280815842,280815842,1782864023623866,False,True
174602434,0.00223700,2347.00000000,280815843,280815843,1782864043907418,False,True
174602435,0.00223800,2347.00000000,280815844,280815844,1782864050486041,False,True
174602436,0.00223800,201227.00000000,280815845,280815846,1782864050510163,True,True
174602437,0.00223800,2347.00000000,280815847,280815847,1782864050546222,True,True
174602438,0.00223700,2347.00000000,280815848,280815848,1782864052073455,True,True
174602439,0.00223600,200000.00000000,280815849,280815849,1782864066939898,True,True
174602440,0.00223600,14748.00000000,280815850,280815850,1782864066940062,True,True
174602441,0.00223600,8636.00000000,280815851,280815851,1782864066940112,True,True
174602442,0.00223600,200000.00000000,280815852,280815853,1782864066940152,True,True
174602443,0.00223600,160814.00000000,280815854,280815855,1782864066941262,True,True
174602444,0.00223500,4885.00000000,280815856,280815856,1782864066942693,True,True
174602445,0.00223400,14748.00000000,280815857,280815860,1782864093715078,True,True
174602446,0.00223400,200000.00000000,280815861,280815861,1782864093715176,True,True
174602447,0.00223400,20040.00000000,280815862,280815862,1782864093715259,True,True
174602448,0.00223400,195750.00000000,280815863,280815863,1782864119094845,True,True
174602449,0.00223400,53987.00000000,280815864,280815864,1782864138426714,True,True
174602450,0.00223200,75081.00000000,280815865,280815865,1782864176592282,True,True
174602451,0.00223200,138222.00000000,280815866,280815866,1782864178864417,True,True
174602452,0.00223000,200000.00000000,280815867,280815867,1782864221906008,False,True
174602453,0.00223000,14748.00000000,280815868,280815868,1782864221906124,False,True
174602454,0.00223000,24461.00000000,280815869,280815870,1782864221906293,False,True
174602455,0.00223000,310409.00000000,280815871,280815871,1782864221911091,True,True
174602456,0.00223000,11692.00000000,280815872,280815872,1782864221912419,True,True
174602457,0.00223000,35761.00000000,280815873,280815873,1782864221912651,True,True
174602458,0.00223300,14748.00000000,280815874,280815874,1782864252936043,False,True
174602459,0.00223300,9591.00000000,280815875,280815875,1782864252936058,False,True
174602460,0.00223600,224029.00000000,280815876,280815876,1782864305527846,False,True
174602461,0.00223700,24738.00000000,280815877,280815877,1782864307959724,True,True
174602462,0.00223800,14748.00000000,280815878,280815878,1782864315005416,True,True
174602463,0.00223800,200000.00000000,280815879,280815879,1782864315005442,True,True
174602464,0.00223800,4759.00000000,280815880,280815880,1782864315005524,True,True
174602465,0.00223700,6702.00000000,280815881,280815882,1782864315007163,True,True
174602466,0.00223700,8726.00000000,280815883,280815884,1782864315007190,True,True
174602467,0.00223700,4363.00000000,280815885,280815885,1782864315007827,True,True
174602468,0.00223600,195637.00000000,280815886,280815890,1782864315007827,True,True
174602469,0.00223600,200000.00000000,280815891,280815891,1782864315007907,True,True
174602470,0.00223600,14748.00000000,280815892,280815892,1782864315007965,True,True
174602471,0.00223600,14748.00000000,280815893,280815893,1782864315008019,True,True
174602472,0.00223600,35958.00000000,280815894,280815894,1782864315008027,True,True
174602473,0.00223600,3982.00000000,280815895,280815895,1782864315043202,True,True
174602474,0.00223600,89486.00000000,280815896,280815896,1782864344114620,False,True
174602475,0.00223600,134471.00000000,280815897,280815897,1782864344114764,False,True
174602476,0.00223200,11001.00000000,280815898,280815898,1782864406783706,True,True
174602477,0.00223200,14748.00000000,280815899,280815899,1782864418956109,False,True
174602478,0.00223200,200000.00000000,280815900,280815900,1782864418956149,False,True
174602479,0.00223200,9613.00000000,280815901,280815901,1782864418956195,False,True
174602480,0.00223300,86294.00000000,280815902,280815902,1782864422242593,False,True
174602481,0.00223400,200000.00000000,280815903,280815908,1782864430492836,False,True
174602482,0.00223400,14748.00000000,280815909,280815909,1782864430492859,False,True
174602483,0.00223400,37862.00000000,280815910,280815910,1782864430493115,False,True
174602484,0.00223200,39139.00000000,280815911,280815911,1782864439848808,True,True
174602485,0.00223200,39135.00000000,280815912,280815912,1782864439848857,True,True
174602486,0.00223200,35053.00000000,280815913,280815913,1782864439848883,True,True
174602487,0.00223200,39135.00000000,280815914,280815914,1782864439848948,True,True
174602488,0.00223200,39135.00000000,280815915,280815915,1782864439848980,True,True
174602489,0.00223200,34602.00000000,280815916,280815919,1782864439849012,True,True
174602490,0.00223200,33747.00000000,280815920,280815920,1782864439849162,True,True
174602491,0.00223100,39135.00000000,280815921,280815921,1782864439849310,True,True
174602492,0.00223100,6720.00000000,280815922,280815923,1782864439919745,True,True
174602493,0.00223200,200000.00000000,280815924,280815925,1782864472829657,False,True
174602494,0.00223200,14748.00000000,280815926,280815926,1782864472829727,False,True
174602495,0.00223200,111552.00000000,280815927,280815927,1782864472829734,False,True
174602496,0.00223200,4464.00000000,280815928,280815928,1782864472831533,False,True
174602497,0.00223200,4411.00000000,280815929,280815929,1782864472831663,False,True
174602498,0.00223200,127403.00000000,280815930,280815931,1782864472832033,False,True
174602499,0.00223200,36477.00000000,280815932,280815932,1782864472832123,False,True
174602500,0.00223200,14748.00000000,280815933,280815933,1782864481448620,False,True
174602501,0.00223200,200000.00000000,280815934,280815934,1782864481448638,False,True
174602502,0.00223200,137051.00000000,280815935,280815936,1782864481448729,False,True
174602503,0.00223100,5681.00000000,280815937,280815937,1782864540997717,False,True
174602504,0.00222900,72062.00000000,280815938,280815938,1782864548766086,True,True
174602505,0.00223000,14748.00000000,280815939,280815939,1782864631428614,False,True
174602506,0.00223000,4780.00000000,280815940,280815940,1782864631428640,False,True
174602507,0.00223000,200000.00000000,280815941,280815947,1782864631428693,False,True
174602508,0.00223000,14748.00000000,280815948,280815948,1782864631428720,False,True
174602509,0.00223000,200000.00000000,280815949,280815949,1782864631428893,False,True
174602510,0.00223100,200000.00000000,280815950,280815952,1782864631430353,False,True
174602511,0.00223100,14748.00000000,280815953,280815953,1782864631430395,False,True
174602512,0.00223100,6594.00000000,280815954,280815954,1782864631430400,False,True
174602513,0.00223100,26246.00000000,280815955,280815956,1782864631430866,False,True
174602514,0.00223100,2459.00000000,280815957,280815957,1782864743283900,False,True
174602515,0.00223100,179105.00000000,280815958,280815958,1782864751721539,True,True
174602516,0.00223100,14748.00000000,280815959,280815959,1782864751722968,True,True
174602517,0.00223100,26358.00000000,280815960,280815960,1782864751723149,True,True
174602518,0.00223100,4250.00000000,280815961,280815961,1782864751723256,True,True
174602519,0.00223000,89553.00000000,280815962,280815962,1782864758595143,True,True
174602520,0.00223100,14748.00000000,280815963,280815963,1782864793252564,False,True
174602521,0.00223100,200000.00000000,280815964,280815967,1782864793252568,False,True
174602522,0.00223100,200000.00000000,280815968,280815969,1782864793252590,False,True
174602523,0.00223100,14748.00000000,280815970,280815970,1782864793252702,False,True
174602524,0.00223100,58294.00000000,280815971,280815971,1782864793252706,False,True
174602525,0.00223200,14748.00000000,280815972,280815972,1782864793254163,False,True
174602526,0.00223200,14748.00000000,280815973,280815973,1782864793254171,False,True
174602527,0.00223200,200000.00000000,280815974,280815975,1782864793254215,False,True
174602528,0.00223200,48869.00000000,280815976,280815977,1782864793254266,False,True
174602529,0.00223200,200000.00000000,280815978,280815980,1782864793254286,False,True
174602530,0.00223200,187183.00000000,280815981,280815983,1782864793255268,False,True
174602531,0.00223200,50640.00000000,280815984,280815986,1782864793296534,False,True
174602532,0.00223200,69672.00000000,280815987,280815987,1782864793299479,False,True
174602533,0.00223200,69672.00000000,280815988,280815988,1782864793299519,False,True
174602534,0.00223200,132598.00000000,280815989,280815990,1782864793301209,False,True
174602535,0.00223200,59553.00000000,280815991,280815991,1782864793301214,False,True
174602536,0.00223200,31709.00000000,280815992,280815992,1782864793304055,False,True
174602537,0.00223200,19135.00000000,280815993,280815993,1782864793304140,False,True
174602538,0.00223200,74547.00000000,280815994,280815994,1782864793308170,False,True
174602539,0.00223200,195750.00000000,280815995,280815995,1782864793363612,True,True
174602540,0.00223100,135107.00000000,280815996,280815996,1782864793363612,True,True
174602541,0.00223300,2352.00000000,280815997,280815997,1782864828325289,False,True
174602542,0.00223400,2352.00000000,280815998,280815998,1782864836286290,False,True
174602543,0.00223400,7873.00000000,280815999,280816000,1782864841805232,True,True
174602544,0.00223400,2350.00000000,280816001,280816001,1782864858603462,False,True
174602545,0.00223400,40840.00000000,280816002,280816004,1782864858606240,True,True
174602546,0.00223400,20420.00000000,280816005,280816005,1782864858607538,True,True
174602547,0.00223400,10210.00000000,280816006,280816006,1782864858609057,True,True
174602548,0.00223400,5105.00000000,280816007,280816007,1782864858610217,True,True
174602549,0.00223400,2552.00000000,280816008,280816008,1782864858611500,True,True
174602550,0.00223500,2352.00000000,280816009,280816009,1782864914330062,False,True
174602551,0.00223500,2350.00000000,280816010,280816010,1782864939769056,True,True
174602552,0.00223400,2349.00000000,280816011,280816011,1782864948529975,True,True
174602553,0.00223300,9064.00000000,280816012,280816014,1782864948529975,True,True
174602554,0.00223200,4082.00000000,280816015,280816015,1782864948572949,True,True
174602555,0.00223200,2350.00000000,280816016,280816016,1782865074336506,True,True
174602556,0.00223200,29913.00000000,280816017,280816018,1782865074390818,False,True
174602557,0.00223200,200000.00000000,280816019,280816019,1782865074390821,False,True
174602558,0.00223100,3346.00000000,280816020,280816020,1782865201078764,False,True
174602559,0.00223000,6934.00000000,280816021,280816021,1782865202472228,True,True
174602560,0.00223100,20000.00000000,280816022,280816022,1782865216615039,True,True
174602561,0.00223400,2344.00000000,280816023,280816023,1782865264165592,False,True
174602562,0.00223200,8021.00000000,280816024,280816024,1782865302014238,False,True
174602563,0.00223000,166310.00000000,280816025,280816025,1782865313138485,False,True
174602564,0.00223100,14748.00000000,280816026,280816026,1782865314019127,False,True
174602565,0.00223100,200000.00000000,280816027,280816027,1782865314019148,False,True
174602566,0.00223100,115376.00000000,280816028,280816028,1782865314019219,False,True
174602567,0.00223100,2342.00000000,280816029,280816029,1782865387151875,True,True
174602568,0.00223000,45100.00000000,280816030,280816030,1782865413910563,False,True
174602569,0.00222900,17945.00000000,280816031,280816031,1782865415092490,True,True
174602570,0.00223100,6277.00000000,280816032,280816032,1782865525064490,False,True
174602571,0.00222900,14748.00000000,280816033,280816033,1782865539920203,True,True
174602572,0.00222900,14748.00000000,280816034,280816034,1782865539923589,True,True
174602573,0.00222900,195161.00000000,280816035,280816035,1782865539926172,True,True
174602574,0.00222800,4839.00000000,280816036,280816036,1782865539926172,True,True
174602575,0.00222800,200000.00000000,280816037,280816037,1782865539928696,True,True
174602576,0.00222800,26228.00000000,280816038,280816038,1782865539937453,True,True
174602577,0.00222800,133523.00000000,280816039,280816041,1782865539946673,True,True
174602578,0.00222700,4482.00000000,280816042,280816042,1782865540039638,True,True
174602579,0.00222800,200000.00000000,280816043,280816043,1782865562592716,False,True
174602580,0.00222800,14748.00000000,280816044,280816044,1782865562592787,False,True
174602581,0.00222800,10015.00000000,280816045,280816045,1782865562592800,False,True
174602582,0.00222700,10114.00000000,280816046,280816046,1782865619911633,False,True
174602583,0.00222700,14748.00000000,280816047,280816047,1782865619911684,False,True
174602584,0.00222700,200000.00000000,280816048,280816048,1782865619911822,False,True
174602585,0.00223000,9322.00000000,280816049,280816049,1782865765275602,True,True
174602586,0.00223100,200000.00000000,280816050,280816050,1782865777214249,False,True
174602587,0.00223100,24461.00000000,280816051,280816051,1782865777214292,False,True
174602588,0.00223500,9313.00000000,280816052,280816052,1782865950773422,False,True
174602589,0.00223500,200000.00000000,280816053,280816053,1782865950773749,False,True
174602590,0.00223600,76199.00000000,280816054,280816054,1782865985365339,True,True
174602591,0.00223800,120240.00000000,280816055,280816055,1782866024196757,False,True
174602592,0.00223800,294724.00000000,280816056,280816060,1782866024196838,False,True
174602593,0.00223800,299106.00000000,280816061,280816063,1782866024197208,False,True
174602594,0.00223800,14748.00000000,280816064,280816064,1782866024197812,False,True
174602595,0.00223800,32219.00000000,280816065,280816065,1782866024197899,False,True
174602596,0.00223800,195750.00000000,280816066,280816066,1782866045348998,False,True
174602597,0.00223900,4464.00000000,280816067,280816067,1782866062678881,False,True
174602598,0.00223900,18763.00000000,280816068,280816068,1782866067183469,False,True
174602599,0.00223900,2991.00000000,280816069,280816069,1782866099005423,True,True
174602600,0.00223900,257483.00000000,280816070,280816070,1782866116982376,False,True
174602601,0.00223800,195750.00000000,280816071,280816071,1782866140606967,True,True
174602602,0.00224000,8584.00000000,280816072,280816072,1782866281096715,False,True
174602603,0.00224000,3773.00000000,280816073,280816073,1782866285919725,True,True
174602604,0.00223900,177781.00000000,280816074,280816074,1782866322963578,False,True
174602605,0.00224100,7125.00000000,280816075,280816075,1782866724066055,True,True
174602606,0.00224100,12644.00000000,280816076,280816076,1782866726689117,True,True
174602607,0.00224100,2458.00000000,280816077,280816077,1782866727959574,True,True
174602608,0.00224100,10939.00000000,280816078,280816078,1782866728924205,True,True
174602609,0.00224200,35192.00000000,280816079,280816079,1782866779015425,True,True
174602610,0.00224200,200000.00000000,280816080,280816080,1782866779015537,True,True
174602611,0.00224200,14748.00000000,280816081,280816081,1782866779015603,True,True
174602612,0.00224200,14748.00000000,280816082,280816082,1782866779015775,True,True
174602613,0.00224200,4250.00000000,280816083,280816083,1782866779015833,True,True
174602614,0.00224200,195750.00000000,280816084,280816084,1782866779018778,False,True
174602615,0.00224000,5104.00000000,280816085,280816085,1782866803679618,True,True
174602616,0.00224100,6250.00000000,280816086,280816086,1782866956001528,False,True
174602617,0.00223800,14748.00000000,280816087,280816087,1782866976206576,True,True
174602618,0.00223800,6698.00000000,280816088,280816089,1782866976206845,True,True
174602619,0.00224200,200000.00000000,280816090,280816090,1782867160874674,False,True
174602620,0.00224200,4359.00000000,280816091,280816091,1782867160874904,False,True
174602621,0.00224200,14748.00000000,280816092,280816092,1782867160875009,False,True
174602622,0.00224200,4250.00000000,280816093,280816093,1782867160875122,False,True
174602623,0.00224300,62399.00000000,280816094,280816094,1782867164070581,False,True
174602624,0.00224000,3000.00000000,280816095,280816095,1782867267811514,False,True
174602625,0.00223900,223656.00000000,280816096,280816096,1782867309529724,True,True
174602626,0.00223800,122901.00000000,280816097,280816097,1782867309529724,True,True
174602627,0.00224000,52642.00000000,280816098,280816098,1782867345576112,False,True
174602628,0.00224000,195750.00000000,280816099,280816099,1782867352898905,True,True
174602629,0.00223900,249635.00000000,280816100,280816101,1782867352898905,True,True
174602630,0.00224100,2708.00000000,280816102,280816102,1782867366020013,False,True
174602631,0.00223900,111656.00000000,280816103,280816103,1782867566915071,False,True
174602632,0.00224100,82837.00000000,280816104,280816104,1782867627886787,False,True
174602633,0.00224200,111507.00000000,280816105,280816105,1782867768770118,False,True
174602634,0.00223700,4484.00000000,280816106,280816106,1782867914481164,False,True
174602635,0.00223600,8946.00000000,280816107,280816107,1782867916152710,True,True
174602636,0.00223500,45100.00000000,280816108,280816108,1782867926815552,False,True
174602637,0.00223600,45100.00000000,280816109,280816109,1782867961138465,False,True
174602638,0.00223700,3587.00000000,280816110,280816110,1782867975525524,False,True
174602639,0.00223700,45100.00000000,280816111,280816111,1782867979863260,True,True
174602640,0.00223800,4484.00000000,280816112,280816112,1782868005629504,False,True
174602641,0.00223600,4932.00000000,280816113,280816113,1782868036333658,False,True
174602642,0.00223700,15000.00000000,280816114,280816114,1782868067492304,True,True
174602643,0.00223500,3587.00000000,280816115,280816115,1782868128309736,False,True
174602644,0.00223600,296277.00000000,280816116,280816117,1782868201462366,True,True
174602645,0.00223300,13435.00000000,280816118,280816118,1782868216610907,True,True
174602646,0.00223200,4504.00000000,280816119,280816119,1782868222093419,False,True
174602647,0.00223000,59941.00000000,280816120,280816120,1782868227687147,True,True
174602648,0.00223000,3000.00000000,280816121,280816121,1782868227687597,True,True
174602649,0.00222900,187063.00000000,280816122,280816122,1782868227687597,True,True
174602650,0.00222900,150931.00000000,280816123,280816124,1782868227687941,True,True
174602651,0.00222900,3244.00000000,280816125,280816125,1782868227785876,True,True
174602652,0.00222900,93453.00000000,280816126,280816126,1782868227790565,True,True
174602653,0.00222700,157688.00000000,280816127,280816127,1782868238917925,False,True
174602654,0.00222600,2306.00000000,280816128,280816128,1782868247666958,True,True
174602655,0.00222500,149236.00000000,280816129,280816129,1782868247666958,True,True
174602656,0.00222500,3371.00000000,280816130,280816130,1782868250619480,True,True
174602657,0.00222500,3371.00000000,280816131,280816131,1782868250619490,True,True
174602658,0.00222500,3371.00000000,280816132,280816132,1782868250619501,True,True
174602659,0.00222500,12359.00000000,280816133,280816133,1782868250630351,True,True
174602660,0.00222300,200000.00000000,280816134,280816135,1782868256411580,True,True
174602661,0.00222300,90360.00000000,280816136,280816136,1782868256531627,True,True
174602662,0.00222200,65250.00000000,280816137,280816137,1782868257290645,False,True
174602663,0.00222200,65250.00000000,280816138,280816138,1782868257290874,False,True
174602664,0.00222200,65250.00000000,280816139,280816139,1782868257291104,False,True
174602665,0.00222200,45100.00000000,280816140,280816140,1782868257387426,True,True
174602666,0.00222100,3773.00000000,280816141,280816141,1782868362097186,True,True
174602667,0.00221900,3363.00000000,280816142,280816142,1782868364902095,True,True
174602668,0.00221800,3363.00000000,280816143,280816143,1782868365019544,True,True
174602669,0.00221700,49570.00000000,280816144,280816146,1782868365049365,True,True
174602670,0.00221700,61094.00000000,280816147,280816147,1782868365050284,True,True
174602671,0.00221700,3352.00000000,280816148,280816148,1782868365054986,True,True
174602672,0.00221700,3999.00000000,280816149,280816149,1782868365063165,True,True
174602673,0.00221600,200000.00000000,280816150,280816153,1782868365068420,True,True
174602674,0.00221600,14748.00000000,280816154,280816154,1782868365069465,True,True
174602675,0.00221600,200000.00000000,280816155,280816155,1782868365072479,True,True
174602676,0.00221600,200000.00000000,280816156,280816157,1782868365072620,True,True
174602677,0.00221600,60909.00000000,280816158,280816159,1782868365073749,True,True
174602678,0.00221500,489883.00000000,280816160,280816163,1782868365149554,True,True
174602679,0.00221300,3373.00000000,280816164,280816164,1782868365668453,True,True
174602680,0.00221300,7127.00000000,280816165,280816165,1782868365714037,False,True
174602681,0.00221200,50944.00000000,280816166,280816167,1782868365941990,True,True
174602682,0.00221100,66132.00000000,280816168,280816171,1782868365962981,True,True
174602683,0.00221100,29329.00000000,280816172,280816172,1782868365963058,True,True
174602684,0.00221100,10185.00000000,280816173,280816173,1782868365963883,True,True
174602685,0.00221100,36383.00000000,280816174,280816174,1782868365963934,True,True
174602686,0.00221100,42041.00000000,280816175,280816175,1782868365964053,True,True
174602687,0.00221100,10185.00000000,280816176,280816176,1782868365964074,True,True
174602688,0.00221100,67499.00000000,280816177,280816177,1782868365964127,True,True
174602689,0.00221100,24091.00000000,280816178,280816178,1782868365964515,True,True
174602690,0.00221100,10860.00000000,280816179,280816179,1782868365964571,True,True
174602691,0.00221100,10186.00000000,280816180,280816180,1782868365964629,True,True
174602692,0.00221100,10860.00000000,280816181,280816181,1782868365964663,True,True
174602693,0.00221100,5230.00000000,280816182,280816182,1782868365966553,True,True
174602694,0.00221100,60901.00000000,280816183,280816183,1782868365967310,True,True
174602695,0.00221100,10185.00000000,280816184,280816184,1782868365967834,True,True
174602696,0.00221100,86480.00000000,280816185,280816185,1782868365985783,True,True
174602697,0.00221000,133117.00000000,280816186,280816190,1782868366032748,True,True
174602698,0.00221000,208341.00000000,280816191,280816191,1782868366034888,True,True
174602699,0.00221000,151938.00000000,280816192,280816192,1782868366037746,True,True
174602700,0.00221000,14748.00000000,280816193,280816193,1782868366040130,True,True
174602701,0.00221000,200000.00000000,280816194,280816194,1782868366040158,True,True
174602702,0.00221000,14748.00000000,280816195,280816196,1782868366040164,True,True
174602703,0.00221000,200000.00000000,280816197,280816197,1782868366040174,True,True
174602704,0.00221000,200000.00000000,280816198,280816198,1782868366040256,True,True
174602705,0.00221000,60489.00000000,280816199,280816200,1782868366040507,True,True
174602706,0.00220900,3504.00000000,280816201,280816201,1782868366631379,True,True
174602707,0.00220800,478294.00000000,280816202,280816204,1782868366631379,True,True
174602708,0.00220700,3736.00000000,280816205,280816205,1782868366633594,True,True
174602709,0.00220700,2388.00000000,280816206,280816206,1782868366634090,True,True
174602710,0.00220800,47724.00000000,280816207,280816207,1782868366922852,False,True
174602711,0.00220900,37593.00000000,280816208,280816208,1782868367157484,False,True
174602712,0.00220800,58044.00000000,280816209,280816209,1782868367656186,True,True
174602713,0.00220800,251000.00000000,280816210,280816213,1782868367656211,True,True
174602714,0.00220700,57381.00000000,280816214,280816214,1782868367656211,True,True
174602715,0.00220700,58044.00000000,280816215,280816216,1782868367656233,True,True
174602716,0.00220700,120053.00000000,280816217,280816217,1782868367656251,True,True
174602717,0.00220700,201695.00000000,280816218,280816218,1782868367656298,True,True
174602718,0.00220700,115934.00000000,280816219,280816219,1782868367656439,True,True
174602719,0.00220700,203630.00000000,280816220,280816221,1782868367656440,True,True
174602720,0.00220600,149154.00000000,280816222,280816223,1782868367656440,True,True
174602721,0.00220600,73334.00000000,280816224,280816226,1782868367656840,True,True
174602722,0.00220500,391286.00000000,280816227,280816231,1782868367656840,True,True
174602723,0.00220500,58044.00000000,280816232,280816232,1782868367657497,True,True
174602724,0.00220500,58044.00000000,280816233,280816233,1782868367657723,True,True
174602725,0.00220700,4537.00000000,280816234,280816234,1782868367720454,True,True
174602726,0.00220800,33056.00000000,280816235,280816235,1782868368085188,True,True
174602727,0.00220700,47101.00000000,280816236,280816237,1782868369187200,True,True
174602728,0.00220700,47101.00000000,280816238,280816238,1782868369187308,True,True
174602729,0.00220700,47101.00000000,280816239,280816239,1782868369187311,True,True
174602730,0.00220600,47101.00000000,280816240,280816240,1782868369187593,True,True
174602731,0.00220600,47101.00000000,280816241,280816241,1782868369187599,True,True
174602732,0.00220500,200000.00000000,280816242,280816242,1782868369638563,True,True
174602733,0.00220500,10535.00000000,280816243,280816243,1782868369638889,True,True
174602734,0.00220500,112780.00000000,280816244,280816244,1782868369839676,False,True
174602735,0.00220500,70649.00000000,280816245,280816245,1782868369843110,False,True
174602736,0.00220600,112780.00000000,280816246,280816246,1782868370072998,True,True
174602737,0.00220500,2550.00000000,280816247,280816247,1782868370083338,True,True
174602738,0.00220500,4250.00000000,280816248,280816249,1782868370083472,True,True
174602739,0.00220600,112780.00000000,280816250,280816250,1782868370245079,False,True
174602740,0.00220700,198403.00000000,280816251,280816256,1782868370496261,False,True
174602741,0.00220700,182839.00000000,280816257,280816261,1782868371456247,False,True
174602742,0.00220600,6796.00000000,280816262,280816263,1782868371891870,True,True
174602743,0.00220600,70515.00000000,280816264,280816264,1782868371893785,True,True
174602744,0.00220600,40496.00000000,280816265,280816265,1782868371893813,True,True
174602745,0.00220600,69382.00000000,280816266,280816266,1782868371894057,True,True
174602746,0.00220600,40493.00000000,280816267,280816268,1782868371894206,True,True
174602747,0.00220600,40493.00000000,280816269,280816269,1782868371898040,True,True
174602748,0.00220700,16049.00000000,280816270,280816272,1782868371950123,False,True
174602749,0.00220700,65629.00000000,280816273,280816273,1782868371952521,False,True
174602750,0.00220600,38944.00000000,280816274,280816274,1782868371961721,True,True
174602751,0.00220500,189332.00000000,280816275,280816275,1782868372559571,True,True
174602752,0.00220400,6802.00000000,280816276,280816277,1782868372568177,True,True
174602753,0.00220300,70184.00000000,280816278,280816278,1782868372568177,True,True
174602754,0.00220300,32363.00000000,280816279,280816279,1782868372569197,True,True
174602755,0.00220300,15761.00000000,280816280,280816280,1782868372569209,True,True
174602756,0.00220500,48124.00000000,280816281,280816281,1782868372585906,True,True
174602757,0.00220300,41391.00000000,280816282,280816282,1782868372604799,True,True
174602758,0.00220300,2524.00000000,280816283,280816283,1782868372609600,True,True
174602759,0.00220300,8703.00000000,280816284,280816284,1782868372669767,True,True
174602760,0.00220400,2837.00000000,280816285,280816285,1782868372795319,False,True
174602761,0.00220300,8976.00000000,280816286,280816286,1782868372803979,True,True
174602762,0.00220200,7010.00000000,280816287,280816288,1782868372847770,True,True
174602763,0.00220200,14748.00000000,280816289,280816289,1782868372847883,True,True
174602764,0.00220200,141716.00000000,280816290,280816291,1782868372847885,True,True
174602765,0.00220100,58284.00000000,280816292,280816295,1782868372847885,True,True
174602766,0.00220100,32682.00000000,280816296,280816296,1782868372847923,True,True
174602767,0.00220100,54039.00000000,280816297,280816297,1782868372847936,True,True
174602768,0.00220100,200000.00000000,280816298,280816298,1782868372847971,True,True
174602769,0.00220100,138755.00000000,280816299,280816299,1782868372847996,True,True
174602770,0.00220000,79438.00000000,280816300,280816302,1782868372847998,True,True
174602771,0.00220000,32682.00000000,280816303,280816308,1782868372848100,True,True
174602772,0.00220000,54038.00000000,280816309,280816312,1782868372848631,True,True
174602773,0.00220000,54039.00000000,280816313,280816313,1782868372848898,True,True
174602774,0.00220000,32682.00000000,280816314,280816314,1782868372849088,True,True
174602775,0.00220000,20429.00000000,280816315,280816315,1782868372849196,True,True
174602776,0.00220000,32682.00000000,280816316,280816316,1782868372849255,True,True
174602777,0.00220000,4977.00000000,280816317,280816317,1782868372850525,True,True
174602778,0.00220000,14748.00000000,280816318,280816318,1782868372851464,True,True
174602779,0.00220000,115099.00000000,280816319,280816319,1782868372851494,True,True
174602780,0.00220000,10101.00000000,280816320,280816322,1782868372851507,True,True
174602781,0.00219900,94323.00000000,280816323,280816326,1782868372851507,True,True
174602782,0.00219900,195750.00000000,280816327,280816327,1782868372851749,True,True
174602783,0.00219900,245930.00000000,280816328,280816329,1782868372852941,True,True
174602784,0.00219800,230196.00000000,280816330,280816334,1782868372854780,True,True
174602785,0.00219800,88493.00000000,280816335,280816335,1782868372856047,True,True
174602786,0.00219700,6775.00000000,280816336,280816337,1782868372860268,True,True
174602787,0.00219600,59081.00000000,280816338,280816341,1782868372860268,True,True
174602788,0.00219800,4548.00000000,280816342,280816342,1782868372860341,False,True
174602789,0.00219600,68820.00000000,280816343,280816343,1782868372864311,True,True
174602790,0.00219800,195750.00000000,280816344,280816344,1782868372877393,False,True
174602791,0.00219700,93273.00000000,280816345,280816345,1782868372887694,True,True
174602792,0.00219700,4047.00000000,280816346,280816346,1782868372890344,True,True
174602793,0.00219700,93273.00000000,280816347,280816347,1782868372942640,False,True
174602794,0.00219800,10798.00000000,280816348,280816350,1782868372989285,False,True
174602795,0.00219900,6588.00000000,280816351,280816352,1782868373075764,False,True
174602796,0.00219900,4250.00000000,280816353,280816354,1782868373075881,False,True
174602797,0.00219800,35290.00000000,280816355,280816355,1782868373079811,True,True
174602798,0.00219900,35290.00000000,280816356,280816356,1782868373082961,False,True
174602799,0.00219900,8376.00000000,280816357,280816357,1782868373092077,True,True
174602800,0.00220000,6826.00000000,280816358,280816359,1782868373144056,False,True
174602801,0.00220100,6826.00000000,280816360,280816361,1782868373238159,False,True
174602802,0.00220100,14748.00000000,280816362,280816363,1782868373464611,False,True
174602803,0.00220100,49564.00000000,280816364,280816364,1782868373464663,False,True
174602804,0.00220000,57646.00000000,280816365,280816365,1782868373496370,True,True
174602805,0.00220100,23688.00000000,280816366,280816367,1782868373508962,False,True
174602806,0.00220100,14748.00000000,280816368,280816368,1782868373508986,False,True
174602807,0.00220100,4250.00000000,280816369,280816369,1782868373509233,False,True
174602808,0.00220200,20135.00000000,280816370,280816370,1782868373625977,False,True
174602809,0.00220200,130460.00000000,280816371,280816373,1782868373827564,False,True
174602810,0.00220300,14748.00000000,280816374,280816374,1782868373978564,False,True
174602811,0.00220300,164337.00000000,280816375,280816380,1782868373978896,False,True
174602812,0.00220300,4250.00000000,280816381,280816381,1782868373978926,False,True
174602813,0.00220200,21559.00000000,280816382,280816382,1782868374043261,True,True
174602814,0.00220300,29935.00000000,280816383,280816383,1782868374048883,False,True
174602815,0.00220300,4538.00000000,280816384,280816384,1782868374128722,True,True
174602816,0.00220400,662793.00000000,280816385,280816385,1782868374411975,False,True
174602817,0.00220400,8192.00000000,280816386,280816386,1782868374413462,False,True
174602818,0.00220400,112780.00000000,280816387,280816387,1782868375097815,True,True
174602819,0.00220300,6806.00000000,280816388,280816389,1782868375119524,True,True
174602820,0.00220200,37480.00000000,280816390,280816390,1782868375119524,True,True
174602821,0.00220200,49287.00000000,280816391,280816391,1782868375129520,True,True
174602822,0.00220100,91707.00000000,280816392,280816394,1782868375589454,True,True
174602823,0.00220000,89435.00000000,280816395,280816395,1782868375901637,False,True
174602824,0.00219900,202568.00000000,280816396,280816398,1782868376088854,True,True
174602825,0.00219900,233343.00000000,280816399,280816400,1782868376108555,True,True
174602826,0.00219900,37593.00000000,280816401,280816401,1782868376218702,False,True
174602827,0.00219900,37593.00000000,280816402,280816402,1782868377028501,True,True
174602828,0.00219900,37593.00000000,280816403,280816403,1782868378285328,False,True
174602829,0.00220000,216222.00000000,280816404,280816410,1782868378285328,False,True
174602830,0.00220100,196276.00000000,280816411,280816412,1782868378285328,False,True
174602831,0.00220000,45100.00000000,280816413,280816413,1782868378663969,False,True
174602832,0.00220100,129769.00000000,280816414,280816414,1782868379689470,False,True
174602833,0.00220200,112780.00000000,280816415,280816415,1782868380828815,False,True
174602834,0.00220000,12268.00000000,280816416,280816418,1782868382144697,True,True
174602835,0.00220100,9964.00000000,280816419,280816419,1782868384167294,False,True
174602836,0.00219900,6364.00000000,280816420,280816420,1782868384389985,False,True
174602837,0.00219900,4538.00000000,280816421,280816421,1782868384749850,False,True
174602838,0.00219900,12964.00000000,280816422,280816422,1782868384874039,False,True
174602839,0.00219700,17825.00000000,280816423,280816425,1782868389475229,True,True
174602840,0.00219500,15215.00000000,280816426,280816428,1782868390311096,True,True
174602841,0.00219500,12964.00000000,280816429,280816429,1782868390401741,False,True
174602842,0.00219400,2505.00000000,280816430,280816430,1782868392330765,True,True
174602843,0.00219300,15734.00000000,280816431,280816431,1782868392330765,True,True
174602844,0.00219300,8846.00000000,280816432,280816433,1782868392338306,True,True
174602845,0.00219300,65250.00000000,280816434,280816434,1782868392535766,False,True
174602846,0.00219300,65250.00000000,280816435,280816435,1782868392535868,False,True
174602847,0.00219300,65250.00000000,280816436,280816436,1782868392535930,False,True
174602848,0.00219300,46945.00000000,280816437,280816441,1782868392748514,False,True
174602849,0.00219400,77225.00000000,280816442,280816446,1782868392989698,False,True
174602850,0.00219500,194266.00000000,280816447,280816454,1782868392998604,False,True
174602851,0.00219500,12382.00000000,280816455,280816455,1782868393002930,False,True
174602852,0.00219500,12382.00000000,280816456,280816456,1782868393003819,False,True
174602853,0.00219500,13546.00000000,280816457,280816458,1782868393004618,False,True
174602854,0.00219500,13546.00000000,280816459,280816460,1782868393005891,False,True
174602855,0.00219500,12964.00000000,280816461,280816462,1782868393006705,False,True
174602856,0.00219500,14069.00000000,280816463,280816464,1782868393427285,False,True
174602857,0.00219500,14748.00000000,280816465,280816467,1782868393427484,False,True
174602858,0.00219500,16632.00000000,280816468,280816469,1782868393427601,False,True
174602859,0.00219500,18510.00000000,280816470,280816470,1782868393431866,False,True
174602860,0.00219500,17426.00000000,280816471,280816471,1782868393432758,False,True
174602861,0.00219500,21926.00000000,280816472,280816472,1782868393434666,False,True
174602862,0.00219300,6834.00000000,280816473,280816474,1782868393697581,True,True
174602863,0.00219200,30474.00000000,280816475,280816478,1782868393697581,True,True
174602864,0.00219100,17039.00000000,280816479,280816480,1782868393697581,True,True
174602865,0.00219100,41086.00000000,280816481,280816481,1782868393697605,True,True
174602866,0.00219100,52742.00000000,280816482,280816482,1782868393697609,True,True
174602867,0.00219100,5012.00000000,280816483,280816484,1782868393699388,True,True
174602868,0.00219000,11278.00000000,280816485,280816486,1782868393811223,True,True
174602869,0.00219000,44596.00000000,280816487,280816488,1782868393811223,True,True
174602870,0.00219000,21411.00000000,280816489,280816492,1782868394228238,True,True
174602871,0.00218900,4281.00000000,280816493,280816494,1782868394230850,True,True
174602872,0.00218900,2520.00000000,280816495,280816495,1782868394230873,True,True
174602873,0.00218800,1761.00000000,280816496,280816496,1782868394230873,True,True
174602874,0.00218800,4281.00000000,280816497,280816498,1782868394230905,True,True
174602875,0.00218800,2676.00000000,280816499,280816500,1782868394231036,True,True
174602876,0.00218800,4281.00000000,280816501,280816502,1782868394231091,True,True
174602877,0.00218800,2676.00000000,280816503,280816503,1782868394231316,True,True
174602878,0.00218800,2676.00000000,280816504,280816504,1782868394231600,True,True
174602879,0.00218800,2676.00000000,280816505,280816505,1782868394231627,True,True
174602880,0.00218900,22548.00000000,280816506,280816506,1782868394263462,True,True
174602881,0.00218800,22547.00000000,280816507,280816507,1782868394263965,True,True
174602882,0.00218800,22547.00000000,280816508,280816508,1782868394264094,True,True
174602883,0.00218700,22547.00000000,280816509,280816510,1782868394264638,True,True
174602884,0.00218700,3408.00000000,280816511,280816511,1782868394313990,True,True
174602885,0.00218700,2512.00000000,280816512,280816512,1782868394394926,True,True
174602886,0.00218900,22548.00000000,280816513,280816513,1782868394707552,False,True
174602887,0.00219100,4994.00000000,280816514,280816514,1782868395954140,False,True
174602888,0.00218900,65250.00000000,280816515,280816515,1782868398037138,False,True
174602889,0.00218900,65250.00000000,280816516,280816516,1782868398037197,False,True
174602890,0.00218900,65250.00000000,280816517,280816517,1782868398037336,False,True
174602891,0.00218800,22547.00000000,280816518,280816520,1782868398275791,True,True
174602892,0.00218800,12379.00000000,280816521,280816521,1782868398275902,True,True
174602893,0.00218700,10664.00000000,280816522,280816522,1782868398277915,True,True
174602894,0.00218700,22547.00000000,280816523,280816523,1782868398278062,True,True
174602895,0.00218700,6856.00000000,280816524,280816525,1782868398516661,True,True
174602896,0.00218600,24945.00000000,280816526,280816526,1782868398516661,True,True
174602897,0.00218600,37178.00000000,280816527,280816527,1782868398516778,True,True
174602898,0.00218600,31017.00000000,280816528,280816528,1782868398518951,True,True
174602899,0.00218800,14748.00000000,280816529,280816529,1782868399069581,False,True
174602900,0.00218800,5195.00000000,280816530,280816530,1782868399069809,False,True
174602901,0.00218800,6980.00000000,280816531,280816531,1782868399077946,False,True
174602902,0.00218800,6980.00000000,280816532,280816532,1782868399078327,False,True
174602903,0.00218800,6980.00000000,280816533,280816533,1782868399078961,False,True
174602904,0.00218800,6980.00000000,280816534,280816534,1782868399079034,False,True
174602905,0.00218800,26100.00000000,280816535,280816536,1782868399086507,False,True
174602906,0.00218800,20886.00000000,280816537,280816538,1782868399090989,False,True
174602907,0.00218800,5227.00000000,280816539,280816539,1782868399093325,False,True
174602908,0.00218800,9409.00000000,280816540,280816541,1782868399095785,False,True
174602909,0.00218800,5748.00000000,280816542,280816542,1782868399096123,False,True
174602910,0.00218900,14748.00000000,280816543,280816543,1782868399283939,False,True
174602911,0.00218900,17912.00000000,280816544,280816544,1782868399283951,False,True
174602912,0.00218900,30574.00000000,280816545,280816545,1782868399289214,False,True
174602913,0.00218900,20144.00000000,280816546,280816546,1782868399290180,False,True
174602914,0.00218900,20144.00000000,280816547,280816547,1782868399293345,False,True
174602915,0.00218900,10009.00000000,280816548,280816548,1782868399294146,False,True
174602916,0.00218900,15438.00000000,280816549,280816550,1782868399299099,False,True
174602917,0.00218900,12353.00000000,280816551,280816552,1782868399303342,False,True
174602918,0.00218900,50000.00000000,280816553,280816556,1782868399576789,False,True
174602919,0.00219000,200000.00000000,280816557,280816557,1782868400071336,False,True
174602920,0.00219000,14748.00000000,280816558,280816558,1782868400071579,False,True
174602921,0.00219000,147712.00000000,280816559,280816559,1782868400071673,False,True
174602922,0.00218900,14000.00000000,280816560,280816560,1782868401054758,False,True
174602923,0.00219000,31985.00000000,280816561,280816561,1782868401533705,False,True
174602924,0.00218900,2546.00000000,280816562,280816562,1782868401697747,True,True
174602925,0.00218900,6848.00000000,280816563,280816564,1782868403479850,True,True
174602926,0.00218800,9361.00000000,280816565,280816567,1782868403479912,True,True
174602927,0.00218700,13960.00000000,280816568,280816569,1782868403915445,False,True
174602928,0.00218700,11684.00000000,280816570,280816570,1782868403919819,False,True
174602929,0.00218800,45745.00000000,280816571,280816571,1782868403989902,False,True
174602930,0.00218800,9432.00000000,280816572,280816572,1782868404503882,False,True
174602931,0.00218600,12982.00000000,280816573,280816573,1782868405722805,True,True
174602932,0.00218600,12982.00000000,280816574,280816574,1782868405722828,True,True
174602933,0.00218600,12982.00000000,280816575,280816575,1782868405722864,True,True
174602934,0.00218600,12982.00000000,280816576,280816576,1782868405723004,True,True
174602935,0.00218600,20768.00000000,280816577,280816577,1782868405723688,True,True
174602936,0.00218600,3040.00000000,280816578,280816578,1782868406109425,True,True
174602937,0.00218600,3040.00000000,280816579,280816579,1782868406109468,True,True
174602938,0.00218600,3040.00000000,280816580,280816580,1782868406109480,True,True
174602939,0.00218600,3040.00000000,280816581,280816581,1782868406109498,True,True
174602940,0.00218600,4863.00000000,280816582,280816582,1782868406300868,True,True
174602941,0.00218600,2660.00000000,280816583,280816583,1782868406300895,True,True
174602942,0.00218600,4642.00000000,280816584,280816584,1782868406301208,True,True
174602943,0.00218500,293.00000000,280816585,280816585,1782868406301208,True,True
174602944,0.00218500,2660.00000000,280816586,280816586,1782868406301501,True,True
174602945,0.00218500,2660.00000000,280816587,280816588,1782868406302801,True,True
174602946,0.00218500,9166.00000000,280816589,280816589,1782868406317717,True,True
174602947,0.00218700,31390.00000000,280816590,280816590,1782868407536004,False,True
174602948,0.00218700,18357.00000000,280816591,280816591,1782868407540926,False,True
174602949,0.00218700,11378.00000000,280816592,280816592,1782868407542104,False,True
174602950,0.00218700,9868.00000000,280816593,280816593,1782868407543963,False,True
174602951,0.00218700,8730.00000000,280816594,280816595,1782868407546143,False,True
174602952,0.00218700,9695.00000000,280816596,280816596,1782868407548102,False,True
174602953,0.00218700,7377.00000000,280816597,280816597,1782868407550105,False,True
174602954,0.00218700,6440.00000000,280816598,280816598,1782868407551002,False,True
174602955,0.00218700,14705.00000000,280816599,280816599,1782868407593700,False,True
174602956,0.00218700,11767.00000000,280816600,280816600,1782868407597240,False,True
174602957,0.00218700,16395.00000000,280816601,280816601,1782868407601399,False,True
174602958,0.00218700,13118.00000000,280816602,280816602,1782868407611258,False,True
174602959,0.00218700,10497.00000000,280816603,280816603,1782868407615666,False,True
174602960,0.00218700,13960.00000000,280816604,280816605,1782868407617308,False,True
174602961,0.00218700,4882.00000000,280816606,280816606,1782868407620536,False,True
174602962,0.00218700,6974.00000000,280816607,280816608,1782868407646017,False,True
174602963,0.00218800,54190.00000000,280816609,280816609,1782868407974854,False,True
174602964,0.00218800,14748.00000000,280816610,280816610,1782868407974923,False,True
174602965,0.00218800,200000.00000000,280816611,280816611,1782868407974933,False,True
174602966,0.00218900,58743.00000000,280816612,280816612,1782868408099553,False,True
174602967,0.00218900,7484.00000000,280816613,280816613,1782868408105586,False,True
174602968,0.00218900,5988.00000000,280816614,280816614,1782868408110358,False,True
174602969,0.00218900,4792.00000000,280816615,280816615,1782868408114609,False,True
174602970,0.00218900,6711.00000000,280816616,280816617,1782868408121246,False,True
174602971,0.00218900,50000.00000000,280816618,280816619,1782868408410184,False,True
174602972,0.00218900,18000.00000000,280816620,280816620,1782868409483498,False,True
174602973,0.00219000,25313.00000000,280816621,280816621,1782868412620037,True,True
174602974,0.00219000,25312.00000000,280816622,280816622,1782868412837465,True,True
174602975,0.00219000,53171.00000000,280816623,280816623,1782868413129832,False,True
174602976,0.00219100,6852.00000000,280816624,280816625,1782868413189916,False,True
174602977,0.00219000,45100.00000000,280816626,280816626,1782868413286068,True,True
174602978,0.00218900,3424.00000000,280816627,280816627,1782868415163677,True,True
174602979,0.00219100,15980.00000000,280816628,280816630,1782868417161331,False,True
174602980,0.00219200,81300.00000000,280816631,280816634,1782868417326312,False,True
174602981,0.00219200,2511.00000000,280816635,280816635,1782868417502224,True,True
174602982,0.00219100,135058.00000000,280816636,280816637,1782868417787366,True,True
174602983,0.00219200,112780.00000000,280816638,280816638,1782868417843364,False,True
174602984,0.00219300,5296.00000000,280816639,280816640,1782868417939159,False,True
174602985,0.00219300,5912.00000000,280816641,280816642,1782868417939169,False,True
174602986,0.00219200,9556.00000000,280816643,280816643,1782868418491132,True,True
174602987,0.00219200,2303.00000000,280816644,280816644,1782868418794648,True,True
174602988,0.00219200,9141.00000000,280816645,280816645,1782868418801454,True,True
174602989,0.00219100,6842.00000000,280816646,280816647,1782868418843898,True,True
174602990,0.00219000,2299.00000000,280816648,280816648,1782868418843898,True,True
174602991,0.00219000,11278.00000000,280816649,280816649,1782868418955424,True,True
174602992,0.00219100,17379.00000000,280816650,280816650,1782868419136188,False,True
174602993,0.00219100,17731.00000000,280816651,280816651,1782868419991474,True,True
174602994,0.00219100,6000.00000000,280816652,280816652,1782868420023622,False,True
174602995,0.00219100,17731.00000000,280816653,280816653,1782868420673115,False,True
174602996,0.00219200,19510.00000000,280816654,280816654,1782868420979523,False,True
174602997,0.00219100,27088.00000000,280816655,280816655,1782868422173475,True,True
174602998,0.00219100,25832.00000000,280816656,280816656,1782868422173605,True,True
174602999,0.00219100,30721.00000000,280816657,280816657,1782868422173609,True,True
174603000,0.00219100,10000.00000000,280816658,280816658,1782868422174244,True,True
174603001,0.00219000,6846.00000000,280816659,280816660,1782868422213973,True,True
174603002,0.00218900,1895.00000000,280816661,280816661,1782868422213973,True,True
174603003,0.00219100,14748.00000000,280816662,280816662,1782868422567665,False,True
174603004,0.00219100,200000.00000000,280816663,280816663,1782868422567709,False,True
174603005,0.00219100,13802.00000000,280816664,280816664,1782868422567802,False,True
174603006,0.00219100,93641.00000000,280816665,280816665,1782868422570507,False,True
174603007,0.00219200,200000.00000000,280816666,280816666,1782868423124638,False,True
174603008,0.00219200,13726.00000000,280816667,280816667,1782868423124678,False,True
174603009,0.00219200,14748.00000000,280816668,280816668,1782868423124841,False,True
174603010,0.00219500,3865.00000000,280816669,280816669,1782868428507058,True,True
174603011,0.00219600,7631.00000000,280816670,280816670,1782868428515868,False,True
174603012,0.00219800,2390.00000000,280816671,280816671,1782868429534387,False,True
174603013,0.00219900,2390.00000000,280816672,280816672,1782868431185048,False,True
174603014,0.00220000,14748.00000000,280816673,280816675,1782868431195870,False,True
174603015,0.00220000,200000.00000000,280816676,280816677,1782868431195935,False,True
174603016,0.00220000,75867.00000000,280816678,280816678,1782868431196089,False,True
174603017,0.00220000,200000.00000000,280816679,280816685,1782868431196143,False,True
174603018,0.00220000,14748.00000000,280816686,280816686,1782868431196163,False,True
174603019,0.00220300,2433.00000000,280816687,280816687,1782868435037901,False,True
174603020,0.00220400,61699.00000000,280816688,280816688,1782868437326602,True,True
174603021,0.00220500,156710.00000000,280816689,280816689,1782868437516480,False,True
174603022,0.00220500,195750.00000000,280816690,280816690,1782868440109324,False,True
174603023,0.00220600,481250.00000000,280816691,280816691,1782868440477109,False,True
174603024,0.00220600,514352.00000000,280816692,280816692,1782868440477110,False,True
174603025,0.00220600,487014.00000000,280816693,280816693,1782868440477264,False,True
174603026,0.00220600,245408.00000000,280816694,280816694,1782868440477265,False,True
174603027,0.00220600,450704.00000000,280816695,280816695,1782868440477702,False,True
174603028,0.00220600,322718.00000000,280816696,280816696,1782868440477769,False,True
174603029,0.00220600,200000.00000000,280816697,280816697,1782868440478470,False,True
174603030,0.00220600,200000.00000000,280816698,280816698,1782868440478475,False,True
174603031,0.00220600,14748.00000000,280816699,280816699,1782868440478480,False,True
174603032,0.00220600,200000.00000000,280816700,280816700,1782868440478512,False,True
174603033,0.00220600,14748.00000000,280816701,280816701,1782868440478514,False,True
174603034,0.00220600,1740.00000000,280816702,280816702,1782868440478516,False,True
174603035,0.00221000,35095.00000000,280816703,280816705,1782868441673864,False,True
174603036,0.00221000,22809.00000000,280816706,280816706,1782868441796188,False,True
174603037,0.00221000,12198.00000000,280816707,280816708,1782868441823352,False,True
174603038,0.00221100,4684.00000000,280816709,280816710,1782868443102425,False,True
174603039,0.00221200,2376.00000000,280816711,280816711,1782868444353425,False,True
174603040,0.00221300,246122.00000000,280816712,280816715,1782868444353425,False,True
174603041,0.00221300,2376.00000000,280816716,280816716,1782868445418194,False,True
174603042,0.00221300,2373.00000000,280816717,280816717,1782868446486770,True,True
174603043,0.00221200,5763.00000000,280816718,280816719,1782868446599293,True,True
174603044,0.00221100,5762.00000000,280816720,280816721,1782868447346109,True,True
174603045,0.00221100,4179.00000000,280816722,280816722,1782868448045889,False,True
174603046,0.00221000,7970.00000000,280816723,280816725,1782868448933928,True,True
174603047,0.00221000,1188.00000000,280816726,280816726,1782868448934133,True,True
174603048,0.00221000,112780.00000000,280816727,280816727,1782868450580256,True,True
174603049,0.00220900,6786.00000000,280816728,280816729,1782868450806707,True,True
174603050,0.00220800,45773.00000000,280816730,280816730,1782868450806707,True,True
174603051,0.00220800,33728.00000000,280816731,280816731,1782868451910826,True,True
174603052,0.00220800,33728.00000000,280816732,280816732,1782868451952932,True,True
174603053,0.00220700,112780.00000000,280816733,280816733,1782868459694115,False,True
174603054,0.00220800,79052.00000000,280816734,280816734,1782868460173087,True,True
174603055,0.00220800,112780.00000000,280816735,280816735,1782868460874359,False,True
174603056,0.00220900,112780.00000000,280816736,280816736,1782868462266551,True,True
174603057,0.00220700,6792.00000000,280816737,280816738,1782868464575129,True,True
174603058,0.00220500,226860.00000000,280816739,280816739,1782868465878315,False,True
174603059,0.00220500,10925.00000000,280816740,280816740,1782868466333179,False,True
174603060,0.00220600,215935.00000000,280816741,280816744,1782868466333179,False,True
174603061,0.00220300,6806.00000000,280816745,280816746,1782868470563094,True,True
174603062,0.00220200,2150.00000000,280816747,280816747,1782868470563094,True,True
174603063,0.00220200,67912.00000000,280816748,280816748,1782868477625708,False,True
174603064,0.00220400,112780.00000000,280816749,280816749,1782868481269243,False,True
174603065,0.00220400,37593.00000000,280816750,280816750,1782868481275893,False,True
174603066,0.00220300,6806.00000000,280816751,280816752,1782868484286739,True,True
174603067,0.00220200,6806.00000000,280816753,280816754,1782868485372219,True,True
174603068,0.00220200,112780.00000000,280816755,280816755,1782868486317306,True,True
174603069,0.00220100,6812.00000000,280816756,280816757,1782868486371705,True,True
174603070,0.00220100,12765.00000000,280816758,280816758,1782868489274981,False,True
174603071,0.00220100,200000.00000000,280816759,280816759,1782868489274991,False,True
174603072,0.00220100,14748.00000000,280816760,280816760,1782868489275014,False,True
174603073,0.00220200,14748.00000000,280816761,280816761,1782868491701715,False,True
174603074,0.00220200,12687.00000000,280816762,280816762,1782868491701851,False,True
174603075,0.00220200,200000.00000000,280816763,280816763,1782868491702167,False,True
174603076,0.00220300,112780.00000000,280816764,280816764,1782868492416871,False,True
174603077,0.00220800,10000.00000000,280816765,280816765,1782868506134764,True,True
174603078,0.00220900,200000.00000000,280816766,280816766,1782868507321300,False,True
174603079,0.00220900,14748.00000000,280816767,280816767,1782868507321390,False,True
174603080,0.00220900,11941.00000000,280816768,280816768,1782868507321590,False,True
174603081,0.00221200,3617.00000000,280816769,280816769,1782868508105856,False,True
174603082,0.00221100,25312.00000000,280816770,280816770,1782868508378121,True,True
174603083,0.00221100,35312.00000000,280816771,280816771,1782868508764252,False,True
174603084,0.00221600,95547.00000000,280816772,280816772,1782868511108532,False,True
174603085,0.00221200,5448.00000000,280816773,280816773,1782868516962781,False,True
174603086,0.00221600,3383.00000000,280816774,280816774,1782868531142487,True,True
174603087,0.00221600,112780.00000000,280816775,280816775,1782868531153707,True,True
174603088,0.00221600,112780.00000000,280816776,280816776,1782868540684024,False,True
174603089,0.00221700,621806.00000000,280816777,280816782,1782868550553457,False,True
174603090,0.00221800,370365.00000000,280816783,280816786,1782868550553457,False,True
174603091,0.00221300,112780.00000000,280816787,280816787,1782868564219405,True,True
174603092,0.00221100,112780.00000000,280816788,280816788,1782868570233724,False,True
174603093,0.00221200,6297.00000000,280816789,280816789,1782868572514985,False,True
174603094,0.00221200,2373.00000000,280816790,280816790,1782868578271239,True,True
174603095,0.00221100,9153.00000000,280816791,280816793,1782868578271239,True,True
174603096,0.00221000,25182.00000000,280816794,280816795,1782868578528843,True,True
174603097,0.00220900,9159.00000000,280816796,280816798,1782868582385303,True,True
174603098,0.00220800,112780.00000000,280816799,280816799,1782868591829290,True,True
174603099,0.00220700,6792.00000000,280816800,280816801,1782868591938855,True,True
174603100,0.00220700,37593.00000000,280816802,280816802,1782868591941952,True,True
174603101,0.00220700,37593.00000000,280816803,280816803,1782868591944958,True,True
174603102,0.00220600,6794.00000000,280816804,280816805,1782868593137051,True,True
174603103,0.00220500,112780.00000000,280816806,280816806,1782868594110804,False,True
174603104,0.00220500,75186.00000000,280816807,280816807,1782868594114345,False,True
174603105,0.00220400,112780.00000000,280816808,280816808,1782868596616080,True,True
174603106,0.00220500,112780.00000000,280816809,280816809,1782868598935893,False,True
174603107,0.00220400,35078.00000000,280816810,280816810,1782868608399504,True,True
174603108,0.00220400,18383.00000000,280816811,280816811,1782868608415311,True,True
174603109,0.00220400,15574.00000000,280816812,280816812,1782868608465281,True,True
174603110,0.00220400,26144.00000000,280816813,280816813,1782868608470566,True,True
174603111,0.00220400,31977.00000000,280816814,280816814,1782868608484594,True,True
174603112,0.00220400,23217.00000000,280816815,280816815,1782868608500773,True,True
174603113,0.00220400,227206.00000000,280816816,280816816,1782868609509225,False,True
174603114,0.00220300,112780.00000000,280816817,280816817,1782868617639736,False,True
174603115,0.00220300,37593.00000000,280816818,280816818,1782868617643535,False,True
174603116,0.00220500,39756.00000000,280816819,280816819,1782868620335727,False,True
174603117,0.00220400,19147.00000000,280816820,280816820,1782868623387849,True,True
174603118,0.00220400,82729.00000000,280816821,280816821,1782868623410532,True,True
174603119,0.00220500,101876.00000000,280816822,280816822,1782868626039479,False,True
174603120,0.00220700,15000.00000000,280816823,280816823,1782868633810916,True,True
174603121,0.00221900,6762.00000000,280816824,280816824,1782868806451884,False,True
174603122,0.00221700,6414.00000000,280816825,280816825,1782868844137859,True,True
174603123,0.00221800,15000.00000000,280816826,280816826,1782868848750162,False,True
174603124,0.00221800,406519.00000000,280816827,280816828,1782868849669059,False,True
174603125,0.00221900,129962.00000000,280816829,280816830,1782868849669059,False,True
174603126,0.00222000,15000.00000000,280816831,280816831,1782868878913550,False,True
174603127,0.00222000,9009.00000000,280816832,280816832,1782868939249172,False,True
174603128,0.00222000,44656.00000000,280816833,280816834,1782868943920414,True,True
174603129,0.00222100,45100.00000000,280816835,280816835,1782868954273031,True,True
174603130,0.00222200,187081.00000000,280816836,280816836,1782868963133016,False,True
174603131,0.00222100,15000.00000000,280816837,280816837,1782868999594679,False,True
174603132,0.00222100,7254.00000000,280816838,280816838,1782869007917346,False,True
174603133,0.00222000,15000.00000000,280816839,280816839,1782869059924453,False,True
174603134,0.00221600,7704.00000000,280816840,280816840,1782869095568516,False,True
174603135,0.00221900,15000.00000000,280816841,280816841,1782869120256187,False,True
174603136,0.00221700,3381.00000000,280816842,280816842,1782869158828570,True,True
174603137,0.00221600,14748.00000000,280816843,280816844,1782869162260642,True,True
174603138,0.00221600,200000.00000000,280816845,280816845,1782869162263105,True,True
174603139,0.00221700,2353.00000000,280816846,280816846,1782869171260524,True,True
174603140,0.00221900,15000.00000000,280816847,280816847,1782869180590642,False,True
174603141,0.00221800,200000.00000000,280816848,280816848,1782869210172169,False,True
174603142,0.00222000,3080.00000000,280816849,280816849,1782869210761174,False,True
174603143,0.00222100,2016.00000000,280816850,280816850,1782869210761174,False,True
174603144,0.00222200,3052.00000000,280816851,280816851,1782869276046782,True,True
174603145,0.00222200,4954.00000000,280816852,280816852,1782869286057549,True,True
174603146,0.00222200,11037.00000000,280816853,280816853,1782869287528393,True,True
174603147,0.00222400,52485.00000000,280816854,280816854,1782869311053874,True,True
174603148,0.00222400,4035.00000000,280816855,280816855,1782869421655677,True,True
174603149,0.00222400,20000.00000000,280816856,280816856,1782869422770878,True,True
174603150,0.00222600,97165.00000000,280816857,280816858,1782869433775640,False,True
174603151,0.00222700,19433.00000000,280816859,280816861,1782869433786020,False,True
174603152,0.00222700,12154.00000000,280816862,280816862,1782869433788871,False,True
174603153,0.00222800,32825.00000000,280816863,280816863,1782869433795049,False,True
174603154,0.00222700,195750.00000000,280816864,280816864,1782869437429838,False,True
174603155,0.00222900,89747.00000000,280816865,280816866,1782869447129979,False,True
174603156,0.00222900,127130.00000000,280816867,280816867,1782869447129984,False,True
174603157,0.00223000,2643.00000000,280816868,280816868,1782869447130057,False,True
174603158,0.00223000,2643.00000000,280816869,280816869,1782869447130203,False,True
174603159,0.00223000,2643.00000000,280816870,280816870,1782869447130309,False,True
174603160,0.00223000,2643.00000000,280816871,280816871,1782869447130313,False,True
174603161,0.00223000,25902.00000000,280816872,280816873,1782869462417242,False,True
174603162,0.00223000,25903.00000000,280816874,280816874,1782869462417245,False,True
174603163,0.00223000,25902.00000000,280816875,280816875,1782869462417623,False,True
174603164,0.00223000,25903.00000000,280816876,280816876,1782869462417633,False,True
174603165,0.00223200,279139.00000000,280816877,280816878,1782869480904784,False,True
174603166,0.00223000,44843.00000000,280816879,280816879,1782869506585835,False,True
174603167,0.00222700,4484.00000000,280816880,280816880,1782869513937804,True,True
174603168,0.00222600,8811.00000000,280816881,280816881,1782869655160016,True,True
174603169,0.00222400,10791.00000000,280816882,280816882,1782869668875190,True,True
174603170,0.00222800,8992.00000000,280816883,280816883,1782869799977958,True,True
174603171,0.00222900,4486.00000000,280816884,280816884,1782869803181880,False,True
174603172,0.00222800,8913.00000000,280816885,280816885,1782869832289664,True,True
174603173,0.00223300,284817.00000000,280816886,280816889,1782869908971399,False,True
174603174,0.00223200,2690.00000000,280816890,280816890,1782869909897387,True,True
174603175,0.00223100,2508.00000000,280816891,280816891,1782869910569215,True,True
174603176,0.00223200,195750.00000000,280816892,280816892,1782869919634744,False,True
174603177,0.00223300,94404.00000000,280816893,280816893,1782869926301440,False,True
174603178,0.00223400,36293.00000000,280816894,280816895,1782869926311065,False,True
174603179,0.00223400,3374.00000000,280816896,280816896,1782869926315267,False,True
174603180,0.00223500,45101.00000000,280816897,280816898,1782869926315267,False,True
174603181,0.00223500,30964.00000000,280816899,280816899,1782869926315553,False,True
174603182,0.00223500,11808.00000000,280816900,280816900,1782869926317913,False,True
174603183,0.00223500,36293.00000000,280816901,280816901,1782869926319933,False,True
174603184,0.00223400,4285.00000000,280816902,280816902,1782869926733023,True,True
174603185,0.00223500,195750.00000000,280816903,280816903,1782869931750485,False,True
174603186,0.00223500,195750.00000000,280816904,280816904,1782869933996012,False,True
174603187,0.00223700,2235.00000000,280816905,280816905,1782869938406959,False,True
174603188,0.00223900,111093.00000000,280816906,280816908,1782869946284690,False,True
174603189,0.00223900,23111.00000000,280816909,280816909,1782869946285630,False,True
174603190,0.00223900,72287.00000000,280816910,280816911,1782869946285643,False,True
174603191,0.00224000,14450.00000000,280816912,280816913,1782869946350498,False,True
174603192,0.00224000,25707.00000000,280816914,280816914,1782869946351279,False,True
174603193,0.00224000,3206.00000000,280816915,280816915,1782869947987646,True,True
174603194,0.00224100,2306.00000000,280816916,280816916,1782869948263866,False,True
174603195,0.00224200,9195.00000000,280816917,280816919,1782869948263866,False,True
174603196,0.00224300,35084.00000000,280816920,280816921,1782869948263866,False,True
174603197,0.00224300,48976.00000000,280816922,280816922,1782869948263975,False,True
174603198,0.00224400,2456.00000000,280816923,280816923,1782869948398471,False,True
174603199,0.00224300,8781.00000000,280816924,280816924,1782869955609976,True,True
174603200,0.00224300,45100.00000000,280816925,280816925,1782869959020090,True,True
174603201,0.00224500,3204.00000000,280816926,280816926,1782869969122781,True,True
174603202,0.00224800,195750.00000000,280816927,280816927,1782869970159021,False,True
174603203,0.00224600,440503.00000000,280816928,280816929,1782869972614113,False,True
174603204,0.00224700,195750.00000000,280816930,280816930,1782869972817370,False,True
174603205,0.00224700,195750.00000000,280816931,280816931,1782869972825378,False,True
174603206,0.00224400,4454.00000000,280816932,280816932,1782869977123314,True,True
174603207,0.00224600,5594.00000000,280816933,280816933,1782869987165662,True,True
174603208,0.00224700,6682.00000000,280816934,280816935,1782869987211533,False,True
174603209,0.00224800,18639.00000000,280816936,280816936,1782869987211533,False,True
174603210,0.00224800,3339.00000000,280816937,280816937,1782869987211587,False,True
174603211,0.00224800,25321.00000000,280816938,280816938,1782869987211651,False,True
174603212,0.00224800,25321.00000000,280816939,280816939,1782869987211665,False,True
174603213,0.00224800,25321.00000000,280816940,280816940,1782869987211720,False,True
174603214,0.00224800,204306.00000000,280816941,280816944,1782869987211831,False,True
174603215,0.00224800,55646.00000000,280816945,280816945,1782869987211879,False,True
174603216,0.00224800,204381.00000000,280816946,280816946,1782869987211922,False,True
174603217,0.00224800,80149.00000000,280816947,280816947,1782869987211954,False,True
174603218,0.00224800,251399.00000000,280816948,280816950,1782869987211995,False,True
174603219,0.00224900,427904.00000000,280816951,280816955,1782869987211995,False,True
174603220,0.00224900,41676.00000000,280816956,280816956,1782869987212135,False,True
174603221,0.00224900,53881.00000000,280816957,280816957,1782869987212431,False,True
174603222,0.00224800,195750.00000000,280816958,280816958,1782869987283588,False,True
174603223,0.00224800,195750.00000000,280816959,280816959,1782869987286454,False,True
174603224,0.00224800,2451.00000000,280816960,280816960,1782869987392202,False,True
174603225,0.00224200,2777.00000000,280816961,280816961,1782870007922135,True,True
174603226,0.00224400,24485.00000000,280816962,280816962,1782870008205535,False,True
174603227,0.00224400,24485.00000000,280816963,280816963,1782870008205588,False,True
174603228,0.00224400,24485.00000000,280816964,280816964,1782870008205607,False,True
174603229,0.00224400,24485.00000000,280816965,280816965,1782870008205636,False,True
174603230,0.00224200,10148.00000000,280816966,280816966,1782870015245724,True,True
174603231,0.00224700,6682.00000000,280816967,280816968,1782870068155482,False,True
174603232,0.00224800,6680.00000000,280816969,280816970,1782870068196087,False,True
174603233,0.00224900,28856.00000000,280816971,280816973,1782870068196087,False,True
174603234,0.00224900,49495.00000000,280816974,280816974,1782870068196903,False,True
174603235,0.00225000,47932.00000000,280816975,280816977,1782870068227719,False,True
174603236,0.00224800,4619.00000000,280816978,280816978,1782870068402089,True,True
174603237,0.00225000,6676.00000000,280816979,280816980,1782870068482192,False,True
174603238,0.00225100,52664.00000000,280816981,280816984,1782870068706116,False,True
174603239,0.00225000,3144.00000000,280816985,280816985,1782870072167533,True,True
174603240,0.00224900,17473.00000000,280816986,280816988,1782870096723698,False,True
174603241,0.00224500,37043.00000000,280816989,280816989,1782870120859167,True,True
174603242,0.00224600,139172.00000000,280816990,280816990,1782870258968730,True,True
174603243,0.00225100,5197.00000000,280816991,280816991,1782870341206506,True,True
174603244,0.00224800,3095.00000000,280816992,280816992,1782870353620994,False,True
174603245,0.00224700,9608.00000000,280816993,280816993,1782870355115746,True,True
174603246,0.00224500,5040.00000000,280816994,280816994,1782870362316407,True,True
174603247,0.00224500,992550.00000000,280816995,280817001,1782870364243624,True,True
174603248,0.00224500,3382.00000000,280817002,280817002,1782870364245201,False,True
174603249,0.00224500,3331.00000000,280817003,280817003,1782870364245391,False,True
174603250,0.00224500,10000.00000000,280817004,280817004,1782870364245703,False,True
174603251,0.00224500,181868.00000000,280817005,280817005,1782870366131025,False,True
174603252,0.00224600,34926.00000000,280817006,280817006,1782870366134746,False,True
174603253,0.00224600,65997.00000000,280817007,280817007,1782870366135249,False,True
174603254,0.00224600,27355.00000000,280817008,280817008,1782870366141937,False,True
174603255,0.00224600,6684.00000000,280817009,280817010,1782870366233277,False,True
174603256,0.00224700,6684.00000000,280817011,280817011,1782870366233306,False,True
174603257,0.00224700,6684.00000000,280817012,280817012,1782870366233955,False,True
174603258,0.00224700,6684.00000000,280817013,280817013,1782870366234339,False,True
174603259,0.00224700,6684.00000000,280817014,280817015,1782870366238432,False,True
174603260,0.00224800,2225.00000000,280817016,280817016,1782870366238432,False,True
174603261,0.00224600,418713.00000000,280817017,280817018,1782870375938783,True,True
174603262,0.00224600,7684.00000000,280817019,280817019,1782870375955858,False,True
174603263,0.00224600,7684.00000000,280817020,280817020,1782870375955939,False,True
174603264,0.00224600,7684.00000000,280817021,280817021,1782870375956054,False,True
174603265,0.00224600,7684.00000000,280817022,280817022,1782870375956333,False,True
174603266,0.00224600,7349.00000000,280817023,280817023,1782870375957658,False,True
174603267,0.00224600,38763.00000000,280817024,280817024,1782870375958212,False,True
174603268,0.00224600,41922.00000000,280817025,280817025,1782870375958992,False,True
174603269,0.00224600,34926.00000000,280817026,280817026,1782870375959540,False,True
174603270,0.00224600,34926.00000000,280817027,280817027,1782870375978653,False,True
174603271,0.00224600,64872.00000000,280817028,280817028,1782870375978997,False,True
174603272,0.00224600,64872.00000000,280817029,280817029,1782870375982100,False,True
174603273,0.00224600,34926.00000000,280817030,280817030,1782870375985957,False,True
174603274,0.00224600,6639.00000000,280817031,280817031,1782870382027870,False,True
174603275,0.00224600,8098.00000000,280817032,280817032,1782870385542554,False,True
174603276,0.00224400,660159.00000000,280817033,280817038,1782870389041927,True,True
174603277,0.00224400,1707503.00000000,280817039,280817039,1782870389045682,False,True
174603278,0.00224600,42477.00000000,280817040,280817040,1782870389068890,False,True
174603279,0.00224300,195750.00000000,280817041,280817041,1782870419977860,True,True
174603280,0.00224300,200000.00000000,280817042,280817042,1782870421751267,False,True
174603281,0.00224300,200000.00000000,280817043,280817043,1782870421751725,False,True
174603282,0.00224300,200000.00000000,280817044,280817044,1782870421752053,False,True
174603283,0.00224300,14748.00000000,280817045,280817045,1782870421752064,False,True
174603284,0.00224300,14748.00000000,280817046,280817046,1782870421752211,False,True
174603285,0.00224300,19383.00000000,280817047,280817047,1782870421752304,False,True
174603286,0.00224300,70504.00000000,280817048,280817048,1782870421752356,False,True
174603287,0.00224300,200000.00000000,280817049,280817049,1782870421752359,False,True
174603288,0.00224300,21049.00000000,280817050,280817050,1782870421752523,False,True
174603289,0.00224300,200000.00000000,280817051,280817051,1782870421752856,False,True
174603290,0.00224300,78951.00000000,280817052,280817052,1782870421752870,False,True
174603291,0.00224400,56497.00000000,280817053,280817053,1782870421761100,False,True
174603292,0.00224400,79393.00000000,280817054,280817054,1782870421761188,False,True
174603293,0.00224400,40188.00000000,280817055,280817055,1782870421761429,False,True
174603294,0.00224400,53774.00000000,280817056,280817058,1782870421761831,False,True
174603295,0.00224500,24883.00000000,280817059,280817059,1782870421761831,False,True
174603296,0.00224500,78100.00000000,280817060,280817060,1782870421761913,False,True
174603297,0.00224300,195750.00000000,280817061,280817061,1782870464648835,True,True
174603298,0.00224200,1000466.00000000,280817062,280817070,1782870472858583,True,True
174603299,0.00224100,702474.00000000,280817071,280817077,1782870481086525,True,True
174603300,0.00224100,166016.00000000,280817078,280817078,1782870481088755,False,True
174603301,0.00224100,146779.00000000,280817079,280817079,1782870481088982,False,True
174603302,0.00224100,19118.00000000,280817080,280817080,1782870481089326,False,True
174603303,0.00224100,14748.00000000,280817081,280817081,1782870481090282,False,True
174603304,0.00224100,14748.00000000,280817082,280817082,1782870481090292,False,True
174603305,0.00224100,200000.00000000,280817083,280817083,1782870481090371,False,True
174603306,0.00224100,107679.00000000,280817084,280817084,1782870481090435,False,True
174603307,0.00224100,200000.00000000,280817085,280817085,1782870481090583,False,True
174603308,0.00224100,200000.00000000,280817086,280817086,1782870481091547,False,True
174603309,0.00224100,200000.00000000,280817087,280817087,1782870481091553,False,True
174603310,0.00224100,20488.00000000,280817088,280817088,1782870481091625,False,True
174603311,0.00224100,200000.00000000,280817089,280817089,1782870481091630,False,True
174603312,0.00224100,200000.00000000,280817090,280817090,1782870481091666,False,True
174603313,0.00224100,200000.00000000,280817091,280817091,1782870481091674,False,True
174603314,0.00224100,60963.00000000,280817092,280817092,1782870481091677,False,True
174603315,0.00224100,179512.00000000,280817093,280817093,1782870481091736,False,True
174603316,0.00224000,10000.00000000,280817094,280817094,1782870509096492,True,True
174603317,0.00224000,2875.00000000,280817095,280817095,1782870511426618,True,True
174603318,0.00223800,390180.00000000,280817096,280817100,1782870516871983,True,True
174603319,0.00223900,223659.00000000,280817101,280817101,1782870520898610,False,True
174603320,0.00224000,383285.00000000,280817102,280817105,1782870520898610,False,True
174603321,0.00224100,285885.00000000,280817106,280817107,1782870520898610,False,True
174603322,0.00223900,217476.00000000,280817108,280817110,1782870524210413,True,True
174603323,0.00223700,44992.00000000,280817111,280817111,1782870590576033,True,True
174603324,0.00223700,52841.00000000,280817112,280817112,1782870591483283,True,True
174603325,0.00223500,39197.00000000,280817113,280817113,1782870612841046,True,True
174603326,0.00223800,18882.00000000,280817114,280817114,1782870680198230,True,True
174603327,0.00223900,119874.00000000,280817115,280817115,1782870687452650,False,True
174603328,0.00223900,338019.00000000,280817116,280817116,1782870687452767,False,True
174603329,0.00223900,80128.00000000,280817117,280817117,1782870687453751,False,True
174603330,0.00223900,84183.00000000,280817118,280817118,1782870687453773,False,True
174603331,0.00223900,76262.00000000,280817119,280817120,1782870687453815,False,True
174603332,0.00224000,38318.00000000,280817121,280817121,1782870687453815,False,True
174603333,0.00224000,75501.00000000,280817122,280817122,1782870687453882,False,True
174603334,0.00224000,85955.00000000,280817123,280817125,1782870687453896,False,True
174603335,0.00224000,40260.00000000,280817126,280817127,1782870687453938,False,True
174603336,0.00224000,78240.00000000,280817128,280817128,1782870687453942,False,True
174603337,0.00224000,54868.00000000,280817129,280817129,1782870687454007,False,True
174603338,0.00224000,136614.00000000,280817130,280817130,1782870687454089,False,True
174603339,0.00224000,85993.00000000,280817131,280817131,1782870687454136,False,True
174603340,0.00224000,200000.00000000,280817132,280817134,1782870687454157,False,True
174603341,0.00224000,100822.00000000,280817135,280817135,1782870687454215,False,True
174603342,0.00224100,72287.00000000,280817136,280817136,1782870687454406,False,True
174603343,0.00224100,81731.00000000,280817137,280817140,1782870687454792,False,True
174603344,0.00224100,114580.00000000,280817141,280817141,1782870687454835,False,True
174603345,0.00224100,2458.00000000,280817142,280817142,1782870687455940,False,True
174603346,0.00224100,2346.00000000,280817143,280817143,1782870698336168,False,True
174603347,0.00224200,76946.00000000,280817144,280817144,1782870698336168,False,True
174603348,0.00224200,40224.00000000,280817145,280817145,1782870698336173,False,True
174603349,0.00224200,76643.00000000,280817146,280817146,1782870698336181,False,True
174603350,0.00224200,76769.00000000,280817147,280817151,1782870698336314,False,True
174603351,0.00224200,76613.00000000,280817152,280817152,1782870698336381,False,True
174603352,0.00224200,5168.00000000,280817153,280817153,1782870725025371,True,True
174603353,0.00224200,128813.00000000,280817154,280817154,1782870725069770,True,True
174603354,0.00224200,84211.00000000,280817155,280817155,1782870725070944,True,True
174603355,0.00224500,179897.00000000,280817156,280817156,1782870816469825,True,True
174603356,0.00224400,27913.00000000,280817157,280817157,1782870832897872,False,True
174603357,0.00224400,27913.00000000,280817158,280817158,1782870832897941,False,True
174603358,0.00224400,61281.00000000,280817159,280817159,1782870832897982,False,True
174603359,0.00224400,106049.00000000,280817160,280817160,1782870832897993,False,True
174603360,0.00224500,27913.00000000,280817161,280817161,1782870832898005,False,True
174603361,0.00224500,58169.00000000,280817162,280817162,1782870832898083,False,True
174603362,0.00224500,7520.00000000,280817163,280817163,1782870832898087,False,True
174603363,0.00224500,40170.00000000,280817164,280817164,1782870832898113,False,True
174603364,0.00224500,59824.00000000,280817165,280817165,1782870832898140,False,True
174603365,0.00224500,27913.00000000,280817166,280817167,1782870832898245,False,True
174603366,0.00224500,6686.00000000,280817168,280817169,1782870832899375,False,True
174603367,0.00224600,53483.00000000,280817170,280817170,1782870832899375,False,True
174603368,0.00224600,57088.00000000,280817171,280817171,1782870832899467,False,True
174603369,0.00224600,55257.00000000,280817172,280817175,1782870832899504,False,True
174603370,0.00224400,61082.00000000,280817176,280817177,1782870853638711,True,True
174603371,0.00224500,15201.00000000,280817178,280817179,1782870881095458,False,True
174603372,0.00224800,6678.00000000,280817180,280817181,1782870903226825,False,True
174603373,0.00224700,195750.00000000,280817182,280817182,1782870917655605,True,True
174603374,0.00224600,427755.00000000,280817183,280817187,1782870917655605,True,True
174603375,0.00224500,266407.00000000,280817188,280817189,1782870917655605,True,True
174603376,0.00224600,2459.00000000,280817190,280817190,1782870917783071,True,True
174603377,0.00224900,6676.00000000,280817191,280817192,1782870952930369,False,True
174603378,0.00224900,77927.00000000,280817193,280817193,1782870986764561,False,True
174603379,0.00224900,20337.00000000,280817194,280817194,1782870986764655,False,True
174603380,0.00224900,90458.00000000,280817195,280817195,1782870986764900,False,True
174603381,0.00225000,147712.00000000,280817196,280817196,1782871047039939,True,True
174603382,0.00225000,200000.00000000,280817197,280817197,1782871047040115,True,True
174603383,0.00225000,14748.00000000,280817198,280817198,1782871047040719,True,True
174603384,0.00224700,5000.00000000,280817199,280817199,1782871118161860,False,True
174603385,0.00224600,22594.00000000,280817200,280817200,1782871132943199,True,True
174603386,0.00224800,9581.00000000,280817201,280817201,1782871144951270,False,True
174603387,0.00224700,2271.00000000,280817202,280817202,1782871165835265,False,True
174603388,0.00224700,2271.00000000,280817203,280817203,1782871165835727,False,True
174603389,0.00224700,2271.00000000,280817204,280817204,1782871165835953,False,True
174603390,0.00224700,2271.00000000,280817205,280817205,1782871165836337,False,True
174603391,0.00224700,2338.00000000,280817206,280817206,1782871165837763,False,True
174603392,0.00224700,6616.00000000,280817207,280817207,1782871165837854,False,True
174603393,0.00224800,8118.00000000,280817208,280817208,1782871165837854,False,True
174603394,0.00224800,18038.00000000,280817209,280817209,1782871165837917,False,True
174603395,0.00224800,15225.00000000,280817210,280817210,1782871165837998,False,True
174603396,0.00224800,2813.00000000,280817211,280817211,1782871165838092,False,True
174603397,0.00224800,18038.00000000,280817212,280817212,1782871165838705,False,True
174603398,0.00224800,66801.00000000,280817213,280817213,1782871194010652,False,True
174603399,0.00224900,4477.00000000,280817214,280817214,1782871212121140,False,True
174603400,0.00224900,22232.00000000,280817215,280817215,1782871232550886,False,True
174603401,0.00224900,6676.00000000,280817216,280817217,1782871287661947,False,True
174603402,0.00224900,2334.00000000,280817218,280817218,1782871300105560,True,True
174603403,0.00224800,9004.00000000,280817219,280817221,1782871300105560,True,True
174603404,0.00224700,2334.00000000,280817222,280817222,1782871316052760,True,True
174603405,0.00224600,2447.00000000,280817223,280817223,1782871316052760,True,True
174603406,0.00224400,4881.00000000,280817224,280817224,1782871329358499,True,True
174603407,0.00224600,2447.00000000,280817225,280817225,1782871398812834,True,True
174603408,0.00224700,45100.00000000,280817226,280817226,1782871455118118,True,True
174603409,0.00224600,45100.00000000,280817227,280817227,1782871474962573,True,True
174603410,0.00224500,2226.00000000,280817228,280817228,1782871487113244,False,True
174603411,0.00224300,195750.00000000,280817229,280817229,1782871510619227,True,True
174603412,0.00224200,85987.00000000,280817230,280817230,1782871510619227,True,True
174603413,0.00224100,23461.00000000,280817231,280817231,1782871591582212,False,True
174603414,0.00224100,200000.00000000,280817232,280817232,1782871591582366,False,True
174603415,0.00224200,81554.00000000,280817233,280817235,1782871591585556,False,True
174603416,0.00224200,22033.00000000,280817236,280817236,1782871591585846,False,True
174603417,0.00224300,68139.00000000,280817237,280817237,1782871591585846,False,True
174603418,0.00224300,87655.00000000,280817238,280817238,1782871591585897,False,True
174603419,0.00224300,78205.00000000,280817239,280817242,1782871591586091,False,True
174603420,0.00224300,78205.00000000,280817243,280817243,1782871591586303,False,True
174603421,0.00224300,71547.00000000,280817244,280817244,1782871591765185,False,True
174603422,0.00224200,35878.00000000,280817245,280817245,1782871591785393,True,True
174603423,0.00224100,7242.00000000,280817246,280817246,1782871634097296,True,True
174603424,0.00224200,200000.00000000,280817247,280817247,1782871693465538,False,True
174603425,0.00224200,23362.00000000,280817248,280817248,1782871693466005,False,True
174603426,0.00224300,2345.00000000,280817249,280817249,1782871694261375,True,True
174603427,0.00224100,2345.00000000,280817250,280817250,1782871747969048,True,True
174603428,0.00224400,46903.00000000,280817251,280817251,1782871841231065,True,True
174603429,0.00224300,200000.00000000,280817252,280817252,1782871866187790,True,True
174603430,0.00224300,14748.00000000,280817253,280817253,1782871866187880,True,True
174603431,0.00224300,8514.00000000,280817254,280817254,1782871866187955,True,True
174603432,0.00224200,419112.00000000,280817255,280817256,1782871885850740,True,True
174603433,0.00224200,10000.00000000,280817257,280817257,1782871885852897,False,True
174603434,0.00224200,117249.00000000,280817258,280817258,1782871885854687,False,True
174603435,0.00224200,69988.00000000,280817259,280817259,1782871885855693,False,True
174603436,0.00224200,200000.00000000,280817260,280817260,1782871885855760,False,True
174603437,0.00224200,82751.00000000,280817261,280817261,1782871885855864,False,True
174603438,0.00224300,14750.00000000,280817262,280817262,1782871915418721,False,True
174603439,0.00224300,200000.00000000,280817263,280817263,1782871920946335,False,True
174603440,0.00224300,8518.00000000,280817264,280817264,1782871920946440,False,True
174603441,0.00224700,81182.00000000,280817265,280817266,1782872023361480,True,True
174603442,0.00224700,52022.00000000,280817267,280817267,1782872027473029,False,True
174603443,0.00224700,90000.00000000,280817268,280817270,1782872036389118,False,True
174603444,0.00224700,45100.00000000,280817271,280817271,1782872057928719,True,True
174603445,0.00224800,7964.00000000,280817272,280817272,1782872160845696,False,True
174603446,0.00224800,2654.00000000,280817273,280817273,1782872163436433,False,True
174603447,0.00224800,4823.00000000,280817274,280817274,1782872163436898,False,True
174603448,0.00224900,11428.00000000,280817275,280817277,1782872202785912,False,True
174603449,0.00224600,34926.00000000,280817278,280817278,1782872292893698,False,True
174603450,0.00224600,188039.00000000,280817279,280817279,1782872292894908,False,True
174603451,0.00224700,21769.00000000,280817280,280817280,1782872292895014,False,True
174603452,0.00224700,48238.00000000,280817281,280817281,1782872292895040,False,True
174603453,0.00224700,26556.00000000,280817282,280817282,1782872292895201,False,True
174603454,0.00224700,40134.00000000,280817283,280817283,1782872292895231,False,True
174603455,0.00224700,13157.00000000,280817284,280817284,1782872292895254,False,True
174603456,0.00224700,49872.00000000,280817285,280817287,1782872292895305,False,True
174603457,0.00224700,21901.00000000,280817288,280817289,1782872292895366,False,True
174603458,0.00224700,31727.00000000,280817290,280817290,1782872292895520,False,True
174603459,0.00224700,55602.00000000,280817291,280817291,1782872292895827,False,True
174603460,0.00224800,2461.00000000,280817292,280817292,1782872465918786,False,True
174603461,0.00224900,6676.00000000,280817293,280817294,1782872490671127,False,True
174603462,0.00225000,193324.00000000,280817295,280817297,1782872490671127,False,True
174603463,0.00225000,35980.00000000,280817298,280817298,1782872490672232,False,True
174603464,0.00225100,34538.00000000,280817299,280817299,1782872490692859,False,True
174603465,0.00225100,44660.00000000,280817300,280817300,1782872490700601,False,True
174603466,0.00225100,21626.00000000,280817301,280817303,1782872490738612,False,True
174603467,0.00225100,44096.00000000,280817304,280817304,1782872490738664,False,True
174603468,0.00225100,18455.00000000,280817305,280817305,1782872490756272,False,True
174603469,0.00225100,47143.00000000,280817306,280817306,1782872490756581,False,True
174603470,0.00225100,10918.00000000,280817307,280817308,1782872490756583,False,True
174603471,0.00225100,6593.00000000,280817309,280817309,1782872501625526,True,True
174603472,0.00225100,112780.00000000,280817310,280817310,1782872520044689,True,True
174603473,0.00225300,14107.00000000,280817311,280817311,1782872528266894,False,True
174603474,0.00225300,14107.00000000,280817312,280817312,1782872528266918,False,True
174603475,0.00225400,14107.00000000,280817313,280817315,1782872528267162,False,True
174603476,0.00225400,14107.00000000,280817316,280817316,1782872528267324,False,True
174603477,0.00225300,4419.00000000,280817317,280817317,1782872528513693,True,True
174603478,0.00225500,9031.00000000,280817318,280817320,1782872538006481,False,True
174603479,0.00225500,8168.00000000,280817321,280817322,1782872541337877,True,True
174603480,0.00225400,272234.00000000,280817323,280817328,1782872567828933,True,True
174603481,0.00225300,70440.00000000,280817329,280817329,1782872567828933,True,True
174603482,0.00225300,130919.00000000,280817330,280817332,1782872567829006,True,True
174603483,0.00225300,271865.00000000,280817333,280817333,1782872567829092,True,True
174603484,0.00225300,169551.00000000,280817334,280817334,1782872567829352,True,True
174603485,0.00225200,16173.00000000,280817335,280817335,1782872567829352,True,True
174603486,0.00225200,302987.00000000,280817336,280817336,1782872567829355,True,True
174603487,0.00225200,206274.00000000,280817337,280817338,1782872567829829,True,True
174603488,0.00225200,491864.00000000,280817339,280817339,1782872567830230,True,True
174603489,0.00225300,112780.00000000,280817340,280817340,1782872567835192,False,True
174603490,0.00225300,32142.00000000,280817341,280817341,1782872571205052,False,True
174603491,0.00225300,190139.00000000,280817342,280817342,1782872571301544,False,True
174603492,0.00225400,6660.00000000,280817343,280817344,1782872571302631,False,True
174603493,0.00225500,48212.00000000,280817345,280817345,1782872571302631,False,True
174603494,0.00225500,23783.00000000,280817346,280817346,1782872571302676,False,True
174603495,0.00225500,23783.00000000,280817347,280817347,1782872571302718,False,True
174603496,0.00225500,23783.00000000,280817348,280817348,1782872571302722,False,True
174603497,0.00225500,56794.00000000,280817349,280817349,1782872571302756,False,True
174603498,0.00225500,23783.00000000,280817350,280817352,1782872571303048,False,True
174603499,0.00225400,2440.00000000,280817353,280817353,1782872571393805,True,True
174603500,0.00225500,4599.00000000,280817354,280817355,1782872575997786,False,True
174603501,0.00225600,9003.00000000,280817356,280817358,1782872576218413,False,True
174603502,0.00225600,4413.00000000,280817359,280817359,1782872576314416,True,True
174603503,0.00225600,10000.00000000,280817360,280817360,1782872580413434,True,True
174603504,0.00225500,2329.00000000,280817361,280817361,1782872582945885,True,True
174603505,0.00225400,130.00000000,280817362,280817362,1782872582945885,True,True
174603506,0.00225500,175165.00000000,280817363,280817363,1782872612909701,False,True
174603507,0.00225400,9973.00000000,280817364,280817364,1782872614750326,True,True
174603508,0.00225500,19973.00000000,280817365,280817365,1782872625019086,False,True
174603509,0.00225400,299314.00000000,280817366,280817371,1782872627524745,True,True
174603510,0.00225300,312889.00000000,280817372,280817375,1782872627525049,True,True
174603511,0.00225400,195750.00000000,280817376,280817376,1782872627527391,True,True
174603512,0.00225500,222084.00000000,280817377,280817377,1782872630227968,False,True
174603513,0.00225600,14748.00000000,280817378,280817380,1782872633634494,False,True
174603514,0.00225600,11909.00000000,280817381,280817381,1782872633634831,False,True
174603515,0.00225600,200000.00000000,280817382,280817382,1782872633640005,False,True
174603516,0.00225600,2054.00000000,280817383,280817383,1782872633640970,False,True
174603517,0.00225700,46120.00000000,280817384,280817385,1782872633640970,False,True
174603518,0.00225700,3338.00000000,280817386,280817386,1782872633663751,False,True
174603519,0.00225800,25270.00000000,280817387,280817388,1782872633663751,False,True
174603520,0.00225800,50954.00000000,280817389,280817389,1782872633676107,False,True
174603521,0.00225800,28608.00000000,280817390,280817390,1782872633676157,False,True
174603522,0.00225800,28608.00000000,280817391,280817391,1782872633676183,False,True
174603523,0.00225800,28608.00000000,280817392,280817392,1782872633685706,False,True
174603524,0.00225700,2809.00000000,280817393,280817393,1782872633822525,True,True
174603525,0.00225700,10000.00000000,280817394,280817394,1782872633939008,True,True
174603526,0.00225700,102780.00000000,280817395,280817395,1782872633948064,True,True
174603527,0.00225600,10000.00000000,280817396,280817396,1782872635168842,True,True
174603528,0.00225600,24784.00000000,280817397,280817397,1782872651111295,True,True
174603529,0.00225000,9259.00000000,280817398,280817398,1782872753372347,True,True
174603530,0.00224900,4785.00000000,280817399,280817399,1782872753372347,True,True
174603531,0.00224900,3336.00000000,280817400,280817400,1782872785623764,False,True
174603532,0.00224900,27853.00000000,280817401,280817401,1782872790307356,False,True
174603533,0.00224900,27853.00000000,280817402,280817402,1782872790307499,False,True
174603534,0.00224900,65383.00000000,280817403,280817403,1782872790307526,False,True
174603535,0.00224900,65268.00000000,280817404,280817404,1782872790307572,False,True
174603536,0.00224900,32983.00000000,280817405,280817405,1782872790307585,False,True
174603537,0.00225000,31591.00000000,280817406,280817407,1782872790307585,False,True
174603538,0.00225000,65897.00000000,280817408,280817408,1782872790307603,False,True
174603539,0.00225000,65024.00000000,280817409,280817409,1782872790307615,False,True
174603540,0.00225000,27853.00000000,280817410,280817410,1782872790307723,False,True
174603541,0.00225000,27853.00000000,280817411,280817414,1782872790307815,False,True
174603542,0.00225000,40081.00000000,280817415,280817415,1782872790307983,False,True
174603543,0.00225000,41640.00000000,280817416,280817416,1782872790308004,False,True
174603544,0.00225000,39774.00000000,280817417,280817417,1782872790308083,False,True
174603545,0.00225100,23714.00000000,280817418,280817418,1782872790308083,False,True
174603546,0.00224800,38943.00000000,280817419,280817419,1782872886226185,False,True
174603547,0.00224800,108466.00000000,280817420,280817420,1782872886226205,False,True
174603548,0.00224800,46061.00000000,280817421,280817421,1782872886226225,False,True
174603549,0.00224800,29303.00000000,280817422,280817422,1782872886226228,False,True
174603550,0.00224900,11788.00000000,280817423,280817423,1782872886226228,False,True
174603551,0.00224900,40098.00000000,280817424,280817424,1782872886226530,False,True
174603552,0.00224900,41689.00000000,280817425,280817425,1782872886226591,False,True
174603553,0.00224900,5185.00000000,280817426,280817427,1782872886252746,False,True
174603554,0.00224900,1491.00000000,280817428,280817428,1782872886252905,False,True
174603555,0.00225000,4654.00000000,280817429,280817429,1782872886252905,False,True
174603556,0.00225000,3557.00000000,280817430,280817430,1782872891712144,False,True
174603557,0.00225000,5414.00000000,280817431,280817431,1782872892951983,False,True
174603558,0.00225000,3956.00000000,280817432,280817433,1782872899282125,False,True
174603559,0.00225000,222760.00000000,280817434,280817434,1782872908051333,False,True
174603560,0.00225100,26751.00000000,280817435,280817435,1782872908051424,False,True
174603561,0.00225100,44593.00000000,280817436,280817436,1782872908051470,False,True
174603562,0.00225100,47828.00000000,280817437,280817437,1782872908051552,False,True
174603563,0.00225100,45825.00000000,280817438,280817438,1782872908051566,False,True
174603564,0.00225100,13709.00000000,280817439,280817441,1782872908051646,False,True
174603565,0.00225200,398.00000000,280817442,280817442,1782872908051646,False,True
174603566,0.00225200,14107.00000000,280817443,280817443,1782872908051688,False,True
174603567,0.00225200,40063.00000000,280817444,280817444,1782872908051735,False,True
174603568,0.00225200,14107.00000000,280817445,280817445,1782872908051736,False,True
174603569,0.00225200,47019.00000000,280817446,280817446,1782872908051749,False,True
174603570,0.00225000,20508.00000000,280817447,280817447,1782872908054008,False,True
174603571,0.00225000,44990.00000000,280817448,280817448,1782872908054146,False,True
174603572,0.00225000,47282.00000000,280817449,280817449,1782872908055428,False,True
174603573,0.00225100,83177.00000000,280817450,280817450,1782872912334708,True,True
174603574,0.00224900,29603.00000000,280817451,280817451,1782872966785661,True,True
174603575,0.00224900,29603.00000000,280817452,280817452,1782872966788281,True,True
174603576,0.00224800,95728.00000000,280817453,280817453,1782873034433861,False,True
174603577,0.00224800,17052.00000000,280817454,280817454,1782873034434126,False,True
174603578,0.00224900,25670.00000000,280817455,280817455,1782873034434126,False,True
174603579,0.00224900,53006.00000000,280817456,280817456,1782873034435074,False,True
174603580,0.00224900,6676.00000000,280817457,280817458,1782873038207345,False,True
174603581,0.00225000,11831.00000000,280817459,280817459,1782873038207345,False,True
174603582,0.00225000,14107.00000000,280817460,280817460,1782873038209996,False,True
174603583,0.00225000,42253.00000000,280817461,280817461,1782873038210214,False,True
174603584,0.00225000,34926.00000000,280817462,280817462,1782873038210265,False,True
174603585,0.00225000,35700.00000000,280817463,280817463,1782873038210406,False,True
174603586,0.00225000,63605.00000000,280817464,280817466,1782873038210527,False,True
174603587,0.00225100,32081.00000000,280817467,280817467,1782873038210527,False,True
174603588,0.00225100,95686.00000000,280817468,280817468,1782873038211072,False,True
174603589,0.00225000,15559.00000000,280817469,280817469,1782873046843678,False,True
174603590,0.00225000,4222.00000000,280817470,280817470,1782873059908472,True,True
174603591,0.00225200,222377.00000000,280817471,280817471,1782873081463297,False,True
174603592,0.00225400,6660.00000000,280817472,280817473,1782873083759313,False,True
174603593,0.00225300,6664.00000000,280817474,280817475,1782873095677616,False,True
174603594,0.00225400,202410.00000000,280817476,280817478,1782873095708931,False,True
174603595,0.00224900,2586.00000000,280817479,280817479,1782873245214631,False,True
174603596,0.00225000,193424.00000000,280817480,280817480,1782873278830889,False,True
174603597,0.00225000,29207.00000000,280817481,280817481,1782873278833743,False,True
174603598,0.00225100,6670.00000000,280817482,280817483,1782873278838153,False,True
174603599,0.00225200,33393.00000000,280817484,280817486,1782873278838153,False,True
174603600,0.00225200,55745.00000000,280817487,280817487,1782873278838191,False,True
174603601,0.00225200,53166.00000000,280817488,280817488,1782873278838268,False,True
174603602,0.00225200,55058.00000000,280817489,280817489,1782873278838314,False,True
174603603,0.00225200,15865.00000000,280817490,280817491,1782873278838467,False,True
174603604,0.00225200,54156.00000000,280817492,280817492,1782873278838524,False,True
174603605,0.00225200,53166.00000000,280817493,280817493,1782873278838588,False,True
174603606,0.00225100,53166.00000000,280817494,280817494,1782873278838792,False,True
174603607,0.00225200,54173.00000000,280817495,280817496,1782873278839346,False,True
174603608,0.00225200,35684.00000000,280817497,280817497,1782873278839641,False,True
174603609,0.00225200,53082.00000000,280817498,280817498,1782873278840044,False,True
174603610,0.00225200,53166.00000000,280817499,280817499,1782873278840190,False,True
174603611,0.00225200,6666.00000000,280817500,280817501,1782873310568828,False,True
174603612,0.00225300,2220.00000000,280817502,280817502,1782873443443193,True,True
174603613,0.00225200,6658.00000000,280817503,280817504,1782873443443193,True,True
174603614,0.00225200,8405.00000000,280817505,280817505,1782873487447002,False,True
174603615,0.00225200,8405.00000000,280817506,280817506,1782873487447262,False,True
174603616,0.00225200,8405.00000000,280817507,280817507,1782873487447266,False,True
174603617,0.00225200,41981.00000000,280817508,280817508,1782873487447272,False,True
174603618,0.00225300,8405.00000000,280817509,280817511,1782873487447352,False,True
174603619,0.00225300,5865.00000000,280817512,280817512,1782873487449582,False,True
174603620,0.00225300,200000.00000000,280817513,280817513,1782873487449623,False,True
174603621,0.00225300,14748.00000000,280817514,280817514,1782873487449685,False,True
174603622,0.00225400,26543.00000000,280817515,280817515,1782873487452562,False,True
174603623,0.00225400,27595.00000000,280817516,280817516,1782873487452885,False,True
