173451180,0.71800000,221.03000000,291999298,291999304,1782864002364041,False,True
173451181,0.71800000,500.00000000,291999305,291999305,1782864019508794,True,True
173451182,0.71800000,1769.30000000,291999306,291999309,1782864020596273,True,True
173451183,0.71800000,43.36000000,291999310,291999310,1782864021779473,False,True
173451184,0.71800000,933.52000000,291999311,291999315,1782864021779595,False,True
173451185,0.71800000,46.41000000,291999316,291999317,1782864021780935,False,True
173451186,0.71900000,1683.25000000,291999318,291999330,1782864050483108,False,True
173451187,0.71900000,31.97000000,291999331,291999334,1782864063733107,False,True
173451188,0.71900000,13.88000000,291999335,291999337,1782864063735886,False,True
173451189,0.71900000,14.97000000,291999338,291999340,1782864063751531,False,True
173451190,0.71900000,13.97000000,291999341,291999342,1782864063758963,False,True
173451191,0.71900000,15.88000000,291999343,291999345,1782864063762342,False,True
173451192,0.71900000,8.00000000,291999346,291999347,1782864063763946,False,True
173451193,0.71800000,380.00000000,291999348,291999348,1782864091993863,True,True
173451194,0.71900000,14.29000000,291999349,291999351,1782864124871600,False,True
173451195,0.71900000,6.53000000,291999352,291999352,1782864124872988,False,True
173451196,0.71900000,145.50000000,291999353,291999353,1782864125849797,True,True
173451197,0.71900000,315.15000000,291999354,291999356,1782864137917924,True,True
173451198,0.71900000,67.40000000,291999357,291999360,1782864143136957,False,True
173451199,0.71900000,14.88000000,291999361,291999362,1782864154275272,False,True
173451200,0.71900000,7.94000000,291999363,291999364,1782864154276888,False,True
173451201,0.71900000,7.44000000,291999365,291999366,1782864154277014,False,True
173451202,0.71900000,14.41000000,291999367,291999368,1782864154279598,False,True
173451203,0.71900000,14.90000000,291999369,291999370,1782864154339609,False,True
173451204,0.71900000,14.90000000,291999371,291999372,1782864154353544,False,True
173451205,0.71900000,14.90000000,291999373,291999374,1782864154463528,False,True
173451206,0.71900000,7.45000000,291999375,291999375,1782864154464701,False,True
173451207,0.71900000,71.52000000,291999376,291999376,1782864164945612,True,True
173451208,0.71900000,1949.47000000,291999377,291999381,1782864175319799,True,True
173451209,0.71800000,690.00000000,291999382,291999385,1782864191621485,True,True
173451210,0.71800000,769.03000000,291999386,291999392,1782864199628776,True,True
173451211,0.71900000,821.00000000,291999393,291999401,1782864315271557,False,True
173451212,0.71900000,98.23000000,291999402,291999403,1782864315273024,False,True
173451213,0.71900000,2499.89000000,291999404,291999407,1782864323614495,True,True
173451214,0.71900000,69.28000000,291999408,291999408,1782864353268966,False,True
173451215,0.71900000,9.66000000,291999409,291999409,1782864406802542,False,True
173451216,0.71900000,295.76000000,291999410,291999410,1782864409079031,False,True
173451217,0.71800000,1055.62000000,291999411,291999417,1782864412244069,True,True
173451218,0.71800000,7.45000000,291999418,291999418,1782864412245288,True,True
173451219,0.71800000,564.44000000,291999419,291999423,1782864412292272,True,True
173451220,0.71800000,215.84000000,291999424,291999428,1782864412371039,True,True
173451221,0.71900000,445.51000000,291999429,291999429,1782864458098139,False,True
173451222,0.71900000,8589.47000000,291999430,291999436,1782864458099448,False,True
173451223,0.71900000,7.90000000,291999437,291999438,1782864458100920,False,True
173451224,0.71900000,7.44000000,291999439,291999440,1782864458101104,False,True
173451225,0.71900000,7.57000000,291999441,291999442,1782864458102307,False,True
173451226,0.71900000,14.33000000,291999443,291999444,1782864458103536,False,True
173451227,0.71900000,1200.00000000,291999445,291999445,1782864480632115,True,True
173451228,0.72000000,75.83000000,291999446,291999446,1782864491104428,False,True
173451229,0.71900000,524.09000000,291999447,291999450,1782864510215640,True,True
173451230,0.71900000,990.34000000,291999451,291999454,1782864510217744,True,True
173451231,0.71900000,76.93000000,291999455,291999455,1782864533281725,False,True
173451232,0.71900000,518.36000000,291999456,291999456,1782864556869840,False,True
173451233,0.71800000,59.62000000,291999457,291999460,1782864582496732,True,True
173451234,0.71800000,352.66000000,291999461,291999464,1782864582501122,True,True
173451235,0.71800000,598.52000000,291999465,291999469,1782864582502630,True,True
173451236,0.71800000,52.23000000,291999470,291999473,1782864582503797,True,True
173451237,0.71800000,108.23000000,291999474,291999476,1782864665128335,False,True
173451238,0.71700000,262.04000000,291999477,291999483,1782864711247995,True,True
173451239,0.71700000,37.05000000,291999484,291999485,1782864711249164,True,True
173451240,0.71700000,268.03000000,291999486,291999489,1782864728705420,True,True
173451241,0.71800000,86.23000000,291999490,291999490,1782864731152402,False,True
173451242,0.71800000,100.79000000,291999491,291999491,1782864773255240,False,True
173451243,0.71800000,118.89000000,291999492,291999496,1782864812240227,False,True
173451244,0.71800000,449.92000000,291999497,291999497,1782864838020443,True,True
173451245,0.71900000,102.45000000,291999498,291999498,1782864857167953,False,True
173451246,0.71900000,31.28000000,291999499,291999499,1782864893263187,False,True
173451247,0.71900000,248.12000000,291999500,291999506,1782864910746011,False,True
173451248,0.71900000,411.83000000,291999507,291999508,1782864910747718,False,True
173451249,0.71900000,112.50000000,291999509,291999509,1782864944910799,True,True
173451250,0.71900000,134.83000000,291999510,291999511,1782864947821216,True,True
173451251,0.71900000,754.96000000,291999512,291999518,1782864947912430,True,True
173451252,0.71900000,88.81000000,291999519,291999519,1782864963175871,False,True
173451253,0.71900000,81.32000000,291999520,291999520,1782864963177435,False,True
173451254,0.71900000,15.60000000,291999521,291999523,1782864963313683,False,True
173451255,0.71900000,14.92000000,291999524,291999526,1782864963317277,False,True
173451256,0.71900000,14.93000000,291999527,291999529,1782864963324683,False,True
173451257,0.71900000,15.63000000,291999530,291999532,1782864963331403,False,True
173451258,0.71900000,14.94000000,291999533,291999535,1782864963337494,False,True
173451259,0.71900000,14.85000000,291999536,291999538,1782864963350379,False,True
173451260,0.71900000,14.86000000,291999539,291999541,1782864963352811,False,True
173451261,0.71900000,14.85000000,291999542,291999544,1782864963356511,False,True
173451262,0.71900000,7.82000000,291999545,291999546,1782864963706967,False,True
173451263,0.71900000,10.64000000,291999547,291999548,1782864965463040,False,True
173451264,0.71900000,43.00000000,291999549,291999550,1782864971857349,False,True
173451265,0.71900000,9.10000000,291999551,291999553,1782864980233025,False,True
173451266,0.71900000,15.31000000,291999554,291999556,1782864983705761,False,True
173451267,0.71900000,13.82000000,291999557,291999558,1782864984626933,False,True
173451268,0.71900000,7.45000000,291999559,291999559,1782864984627988,False,True
173451269,0.71900000,56.25000000,291999560,291999560,1782865042458224,True,True
173451270,0.71900000,747.85000000,291999561,291999564,1782865042599702,True,True
173451271,0.71900000,30.96000000,291999565,291999568,1782865056480274,False,True
173451272,0.71900000,15.59000000,291999569,291999571,1782865056589926,False,True
173451273,0.71900000,6.76000000,291999572,291999572,1782865056590220,False,True
173451274,0.71900000,72.93000000,291999573,291999573,1782865064564238,True,True
173451275,0.71900000,28.12000000,291999574,291999574,1782865072148264,True,True
173451276,0.71900000,14.06000000,291999575,291999575,1782865072150201,True,True
173451277,0.71900000,684.57000000,291999576,291999578,1782865072150360,True,True
173451278,0.71800000,211.15000000,291999579,291999586,1782865140405900,True,True
173451279,0.71700000,34.93000000,291999587,291999587,1782865208433728,True,True
173451280,0.71800000,342.97000000,291999588,291999592,1782865222739370,False,True
173451281,0.71800000,1727.90000000,291999593,291999593,1782865222740915,False,True
173451282,0.71800000,25.65000000,291999594,291999594,1782865259347534,True,True
173451283,0.71800000,2632.54000000,291999595,291999597,1782865274960694,True,True
173451284,0.71800000,406.15000000,291999598,291999599,1782865274964017,True,True
173451285,0.71800000,36.52000000,291999600,291999600,1782865275000234,True,True
173451286,0.71700000,114.59000000,291999601,291999601,1782865312606330,True,True
173451287,0.71700000,180.70000000,291999602,291999602,1782865312613603,True,True
173451288,0.71700000,788.91000000,291999603,291999608,1782865312620882,True,True
173451289,0.71700000,942.91000000,291999609,291999609,1782865312621680,True,True
173451290,0.71700000,255.62000000,291999610,291999612,1782865312651119,True,True
173451291,0.71700000,143.62000000,291999613,291999613,1782865312664147,True,True
173451292,0.71700000,1433.78000000,291999614,291999615,1782865312672473,True,True
173451293,0.71700000,445.15000000,291999616,291999616,1782865312675730,True,True
173451294,0.71700000,1718.07000000,291999617,291999621,1782865312685562,True,True
173451295,0.71700000,1490.00000000,291999622,291999623,1782865312713592,False,True
173451296,0.71700000,182.22000000,291999624,291999624,1782865312746533,False,True
173451297,0.71700000,124.32000000,291999625,291999625,1782865312754244,False,True
173451298,0.71700000,140.78000000,291999626,291999626,1782865312759124,False,True
173451299,0.71700000,425.56000000,291999627,291999627,1782865312767022,False,True
173451300,0.71700000,44.46000000,291999628,291999628,1782865312774163,False,True
173451301,0.71700000,30.00000000,291999629,291999629,1782865320238769,True,True
173451302,0.71700000,517.85000000,291999630,291999632,1782865376905932,True,True
173451303,0.71700000,2003.80000000,291999633,291999635,1782865388826508,True,True
173451304,0.71700000,123.51000000,291999636,291999637,1782865401193490,True,True
173451305,0.71700000,243.29000000,291999638,291999642,1782865407376593,False,True
173451306,0.71700000,1009.77000000,291999643,291999645,1782865422867239,True,True
173451307,0.71700000,266.28000000,291999646,291999650,1782865422877310,False,True
173451308,0.71700000,53.78000000,291999651,291999654,1782865439758184,False,True
173451309,0.71700000,4.04000000,291999655,291999655,1782865439759050,False,True
173451310,0.71700000,165.45000000,291999656,291999658,1782865459959668,True,True
173451311,0.71600000,582.07000000,291999659,291999661,1782865539916293,True,True
173451312,0.71600000,537.69000000,291999662,291999662,1782865539917241,True,True
173451313,0.71600000,304.11000000,291999663,291999664,1782865539930792,True,True
173451314,0.71600000,9.20000000,291999665,291999665,1782865539932243,True,True
173451315,0.71600000,1433.27000000,291999666,291999672,1782865539949652,True,True
173451316,0.71600000,770.57000000,291999673,291999673,1782865539957009,True,True
173451317,0.71600000,806.54000000,291999674,291999674,1782865539985662,True,True
173451318,0.71600000,326.15000000,291999675,291999675,1782865539985741,True,True
173451319,0.71600000,368.27000000,291999676,291999676,1782865539985790,True,True
173451320,0.71600000,9718.85000000,291999677,291999693,1782865539998134,True,True
173451321,0.71600000,1502.08000000,291999694,291999700,1782865544046894,False,True
173451322,0.71600000,1667.06000000,291999701,291999702,1782865581391614,True,True
173451323,0.71600000,400.00000000,291999703,291999703,1782865588654601,True,True
173451324,0.71700000,10.39000000,291999704,291999704,1782865615583172,False,True
173451325,0.71700000,140.17000000,291999705,291999705,1782865619196348,False,True
173451326,0.71700000,41.12000000,291999706,291999709,1782865626568335,False,True
173451327,0.71700000,7.48000000,291999710,291999710,1782865626569349,False,True
173451328,0.71800000,75.88000000,291999711,291999711,1782865691098364,False,True
173451329,0.71700000,9.07000000,291999712,291999712,1782865700516760,True,True
173451330,0.71800000,524.50000000,291999713,291999713,1782865786098445,False,True
173451331,0.71800000,1196.53000000,291999714,291999725,1782865786099435,False,True
173451332,0.71800000,158.57000000,291999726,291999726,1782865805325253,True,True
173451333,0.71900000,37.04000000,291999727,291999727,1782865811113021,False,True
173451334,0.71900000,288.37000000,291999728,291999736,1782865852938708,False,True
173451335,0.72000000,2555.13000000,291999737,291999745,1782865865687729,False,True
173451336,0.72100000,226.67000000,291999746,291999748,1782865865687729,False,True
173451337,0.72100000,1391.00000000,291999749,291999750,1782865865687740,False,True
173451338,0.72100000,1391.00000000,291999751,291999752,1782865865687756,False,True
173451339,0.72100000,1520.60000000,291999753,291999753,1782865865687924,False,True
173451340,0.72100000,2781.80000000,291999754,291999755,1782865865687986,False,True
173451341,0.72100000,2781.80000000,291999756,291999756,1782865865688050,False,True
173451342,0.72000000,13.94000000,291999757,291999757,1782865866122137,True,True
173451343,0.72100000,55.14000000,291999758,291999759,1782865872547186,False,True
173451344,0.72100000,1102.11000000,291999760,291999766,1782865872548793,False,True
173451345,0.72100000,6.72000000,291999767,291999767,1782865872548812,False,True
173451346,0.72100000,520.39000000,291999768,291999770,1782865874459605,True,True
173451347,0.72100000,67.03000000,291999771,291999771,1782865874527910,True,True
173451348,0.72100000,119.12000000,291999772,291999775,1782865874686740,True,True
173451349,0.72100000,62.41000000,291999776,291999776,1782865878157892,False,True
173451350,0.72100000,13.86000000,291999777,291999777,1782865897657465,False,True
173451351,0.72100000,348.25000000,291999778,291999782,1782865908160410,False,True
173451352,0.72100000,1861.77000000,291999783,291999786,1782865913784833,True,True
173451353,0.72100000,22.27000000,291999787,291999789,1782865913801064,True,True
173451354,0.72100000,580.09000000,291999790,291999790,1782865952260263,False,True
173451355,0.72100000,36.98000000,291999791,291999794,1782865952328361,False,True
173451356,0.72100000,1127.00000000,291999795,291999798,1782865954982915,True,True
173451357,0.72100000,377.70000000,291999799,291999802,1782865962119952,True,True
173451358,0.72100000,15.62000000,291999803,291999805,1782865962440148,True,True
173451359,0.72100000,21.49000000,291999806,291999808,1782865962450075,True,True
173451360,0.72000000,13.86000000,291999809,291999810,1782865970482504,True,True
173451361,0.72100000,30.14000000,291999811,291999813,1782865980851330,False,True
173451362,0.72100000,34.34000000,291999814,291999814,1782865982213093,True,True
173451363,0.72100000,14.86000000,291999815,291999816,1782865991862990,True,True
173451364,0.72100000,15.58000000,291999817,291999819,1782865991959094,True,True
173451365,0.72100000,14.82000000,291999820,291999822,1782865991962358,True,True
173451366,0.72100000,14.13000000,291999823,291999824,1782865991965478,True,True
173451367,0.72100000,7.42000000,291999825,291999825,1782865991965545,True,True
173451368,0.72100000,33.73000000,291999826,291999829,1782865997796232,False,True
173451369,0.72200000,133.66000000,291999830,291999830,1782865997796232,False,True
173451370,0.72200000,65.50000000,291999831,291999831,1782866057796270,False,True
173451371,0.72200000,64.73000000,291999832,291999833,1782866059774030,False,True
173451372,0.72200000,83.32000000,291999834,291999837,1782866074781764,False,True
173451373,0.72200000,84.82000000,291999838,291999838,1782866077774455,False,True
173451374,0.72200000,503.90000000,291999839,291999844,1782866078226646,False,True
173451375,0.72200000,7.43000000,291999845,291999845,1782866078227854,False,True
173451376,0.72200000,17.90000000,291999846,291999846,1782866078866154,True,True
173451377,0.72200000,13.89000000,291999847,291999847,1782866078866443,True,True
173451378,0.72200000,73.60000000,291999848,291999848,1782866078867901,True,True
173451379,0.72200000,13.88000000,291999849,291999849,1782866078869711,True,True
173451380,0.72200000,37.54000000,291999850,291999850,1782866079304290,True,True
173451381,0.72200000,10.47000000,291999851,291999851,1782866092163469,True,True
173451382,0.72300000,56.73000000,291999852,291999852,1782866099773729,False,True
173451383,0.72300000,123.99000000,291999853,291999853,1782866107774780,False,True
173451384,0.72200000,34.67000000,291999854,291999855,1782866112684004,True,True
173451385,0.72200000,1340.57000000,291999856,291999861,1782866113946508,True,True
173451386,0.72200000,136.32000000,291999862,291999862,1782866113947836,True,True
173451387,0.72200000,343.49000000,291999863,291999863,1782866113948334,True,True
173451388,0.72200000,1204.25000000,291999864,291999864,1782866113948374,True,True
173451389,0.72200000,844.20000000,291999865,291999871,1782866113950325,True,True
173451390,0.72200000,33.78000000,291999872,291999874,1782866117641479,True,True
173451391,0.72300000,131.93000000,291999875,291999875,1782866117794171,False,True
173451392,0.72300000,123.18000000,291999876,291999876,1782866119774255,False,True
173451393,0.72200000,14.80000000,291999877,291999878,1782866123062248,True,True
173451394,0.72200000,15.58000000,291999879,291999881,1782866123067124,True,True
173451395,0.72200000,6.62000000,291999882,291999882,1782866123068782,True,True
173451396,0.72200000,392.34000000,291999883,291999883,1782866123362535,False,True
173451397,0.72200000,101.32000000,291999884,291999884,1782866123771271,False,True
173451398,0.72200000,1728.38000000,291999885,291999889,1782866134158199,False,True
173451399,0.72200000,26.38000000,291999890,291999890,1782866152880441,False,True
173451400,0.72200000,91.73000000,291999891,291999891,1782866153771346,False,True
173451401,0.72200000,131.16000000,291999892,291999892,1782866154773392,False,True
173451402,0.72200000,63.67000000,291999893,291999893,1782866157775439,False,True
173451403,0.72200000,103.39000000,291999894,291999894,1782866177785753,False,True
173451404,0.72200000,47.43000000,291999895,291999895,1782866179773892,False,True
173451405,0.72200000,49.64000000,291999896,291999897,1782866183771597,False,True
173451406,0.72100000,227.01000000,291999898,291999903,1782866185868581,True,True
173451407,0.72100000,88.64000000,291999904,291999904,1782866194773660,False,True
173451408,0.72100000,4489.37000000,291999905,291999912,1782866199424457,False,True
173451409,0.72100000,178.25000000,291999913,291999913,1782866199425783,True,True
173451410,0.72100000,469.69000000,291999914,291999914,1782866200297144,True,True
173451411,0.72100000,469.69000000,291999915,291999915,1782866200298316,True,True
173451412,0.72100000,3014.46000000,291999916,291999921,1782866200298542,True,True
173451413,0.72100000,73.23000000,291999922,291999922,1782866203771413,False,True
173451414,0.72100000,81.94000000,291999923,291999923,1782866207781504,False,True
173451415,0.72100000,179.71000000,291999924,291999924,1782866212881170,False,True
173451416,0.72100000,69.69000000,291999925,291999925,1782866218819687,False,True
173451417,0.72100000,92.45000000,291999926,291999927,1782866219774121,False,True
173451418,0.72100000,23.45000000,291999928,291999930,1782866224656746,False,True
173451419,0.72100000,7.42000000,291999931,291999931,1782866224657619,False,True
173451420,0.72200000,58.14000000,291999932,291999932,1782866233771842,False,True
173451421,0.72200000,69.19000000,291999933,291999934,1782866236771271,False,True
173451422,0.72200000,67.21000000,291999935,291999936,1782866237788253,False,True
173451423,0.72200000,69.21000000,291999937,291999937,1782866239774712,False,True
173451424,0.72200000,134.48000000,291999938,291999940,1782866243771505,False,True
173451425,0.72200000,94.13000000,291999941,291999941,1782866256771284,False,True
173451426,0.72200000,134.26000000,291999942,291999943,1782866259774167,False,True
173451427,0.72200000,100.49000000,291999944,291999946,1782866267782021,False,True
173451428,0.72200000,109.30000000,291999947,291999947,1782866272994282,False,True
173451429,0.72200000,93.48000000,291999948,291999948,1782866278771590,False,True
173451430,0.72200000,2118.81000000,291999949,291999952,1782866281808958,False,True
173451431,0.72300000,131.85000000,291999953,291999953,1782866286771320,False,True
173451432,0.72200000,46.31000000,291999954,291999954,1782866288168857,True,True
173451433,0.72300000,75.82000000,291999955,291999955,1782866296771482,False,True
173451434,0.72300000,136.01000000,291999956,291999956,1782866297789934,False,True
173451435,0.72300000,179.70000000,291999957,291999957,1782866299775207,False,True
173451436,0.72300000,112.58000000,291999958,291999958,1782866303771596,False,True
173451437,0.72200000,986.50000000,291999959,291999966,1782866312578538,True,True
173451438,0.72200000,255.42000000,291999967,291999969,1782866312578741,True,True
173451439,0.72200000,159.55000000,291999970,291999970,1782866316771661,False,True
173451440,0.72100000,521.08000000,291999971,291999977,1782866326897778,True,True
173451441,0.72100000,15.64000000,291999978,291999980,1782866326909610,True,True
173451442,0.72100000,14.05000000,291999981,291999982,1782866326925273,True,True
173451443,0.72100000,15.69000000,291999983,291999985,1782866326982201,True,True
173451444,0.72100000,13.99000000,291999986,291999987,1782866326995924,True,True
173451445,0.72100000,16.54000000,291999988,291999990,1782866327146126,True,True
173451446,0.72100000,14.52000000,291999991,291999993,1782866327318897,True,True
173451447,0.72100000,14.72000000,291999994,291999996,1782866328786773,True,True
173451448,0.72100000,15.06000000,291999997,291999999,1782866329462585,True,True
173451449,0.72100000,14.97000000,292000000,292000002,1782866329877189,True,True
173451450,0.72100000,13.23000000,292000003,292000004,1782866329880211,True,True
173451451,0.72100000,14.84000000,292000005,292000006,1782866329882748,True,True
173451452,0.72100000,14.84000000,292000007,292000008,1782866329897175,True,True
173451453,0.72100000,14.84000000,292000009,292000010,1782866330050205,True,True
173451454,0.72100000,16.44000000,292000011,292000013,1782866330052699,True,True
173451455,0.72100000,14.62000000,292000014,292000016,1782866330273316,True,True
173451456,0.72100000,14.70000000,292000017,292000019,1782866330692752,True,True
173451457,0.72100000,14.84000000,292000020,292000021,1782866330698051,True,True
173451458,0.72100000,7.42000000,292000022,292000022,1782866330698679,True,True
173451459,0.72100000,90.32000000,292000023,292000023,1782866333771806,False,True
173451460,0.72100000,170.20000000,292000024,292000024,1782866337775477,False,True
173451461,0.72100000,180.82000000,292000025,292000025,1782866344775525,False,True
173451462,0.72100000,125.94000000,292000026,292000026,1782866353771870,False,True
173451463,0.72100000,115.70000000,292000027,292000028,1782866356771369,False,True
173451464,0.72100000,84.61000000,292000029,292000030,1782866357790335,False,True
173451465,0.72100000,156.41000000,292000031,292000031,1782866359775041,False,True
173451466,0.72100000,157.75000000,292000032,292000032,1782866363771795,False,True
173451467,0.72000000,358.67000000,292000033,292000040,1782866377048882,True,True
173451468,0.72000000,126.64000000,292000041,292000042,1782866377050900,True,True
173451469,0.72000000,132.80000000,292000043,292000046,1782866382775027,False,True
173451470,0.72000000,95.59000000,292000047,292000049,1782866386771324,False,True
173451471,0.72000000,150.05000000,292000050,292000052,1782866398771504,False,True
173451472,0.72000000,139.61000000,292000053,292000053,1782866399775553,False,True
173451473,0.72000000,14.88000000,292000054,292000055,1782866402849288,False,True
173451474,0.72000000,14.87000000,292000056,292000057,1782866404937012,True,True
173451475,0.72000000,324.23000000,292000058,292000060,1782866413760527,False,True
173451476,0.72000000,75.07000000,292000061,292000061,1782866416771345,False,True
173451477,0.72000000,93.54000000,292000062,292000064,1782866417789287,False,True
173451478,0.72000000,22.32000000,292000065,292000067,1782866419776398,False,True
173451479,0.72100000,82.56000000,292000068,292000068,1782866419776398,False,True
173451480,0.72100000,59.09000000,292000069,292000069,1782866423771542,False,True
173451481,0.72100000,131.18000000,292000070,292000070,1782866441781775,False,True
173451482,0.72100000,143.28000000,292000071,292000071,1782866443771554,False,True
173451483,0.72100000,69.22000000,292000072,292000072,1782866444774525,False,True
173451484,0.72100000,61.52000000,292000073,292000073,1782866447222258,False,True
173451485,0.72100000,162.04000000,292000074,292000077,1782866447782432,False,True
173451486,0.72100000,55.45000000,292000078,292000081,1782866476771414,False,True
173451487,0.72100000,67.47000000,292000082,292000082,1782866477787129,False,True
173451488,0.72100000,184.78000000,292000083,292000083,1782866479213608,False,True
173451489,0.72100000,104.88000000,292000084,292000084,1782866479775924,False,True
173451490,0.72100000,50.63000000,292000085,292000085,1782866483771963,False,True
173451491,0.72100000,70.50000000,292000086,292000086,1782866491771883,False,True
173451492,0.72100000,56.85000000,292000087,292000087,1782866492222012,True,True
173451493,0.72200000,71.57000000,292000088,292000088,1782866502775893,False,True
173451494,0.72200000,85.55000000,292000089,292000089,1782866503771622,False,True
173451495,0.72200000,106.56000000,292000090,292000090,1782866512869297,False,True
173451496,0.72200000,93.92000000,292000091,292000091,1782866514774479,False,True
173451497,0.72200000,163.91000000,292000092,292000092,1782866515477303,False,True
173451498,0.72200000,120.98000000,292000093,292000093,1782866521771846,False,True
173451499,0.72200000,54.39000000,292000094,292000094,1782866522780386,False,True
173451500,0.72200000,125.77000000,292000095,292000095,1782866528771558,False,True
173451501,0.72200000,68.88000000,292000096,292000097,1782866536771341,False,True
173451502,0.72200000,73.87000000,292000098,292000098,1782866537787116,False,True
173451503,0.72200000,72.81000000,292000099,292000100,1782866539774569,False,True
173451504,0.72200000,108.48000000,292000101,292000103,1782866543771637,False,True
173451505,0.72200000,478.63000000,292000104,292000104,1782866550553899,False,True
173451506,0.72200000,131.46000000,292000105,292000105,1782866556771770,False,True
173451507,0.72200000,94.90000000,292000106,292000106,1782866557775066,False,True
173451508,0.72200000,76.93000000,292000107,292000107,1782866564774628,False,True
173451509,0.72200000,170.10000000,292000108,292000109,1782866572905870,False,True
173451510,0.72200000,59.45000000,292000110,292000110,1782866578771611,False,True
173451511,0.72200000,42.23000000,292000111,292000111,1782866587784705,False,True
173451512,0.72200000,81.37000000,292000112,292000112,1782866596771329,False,True
173451513,0.72200000,89.90000000,292000113,292000113,1782866597787440,False,True
173451514,0.72200000,43.49000000,292000114,292000114,1782866599774892,False,True
173451515,0.72200000,76.44000000,292000115,292000115,1782866603771788,False,True
173451516,0.72200000,107.60000000,292000116,292000116,1782866614774490,False,True
173451517,0.72200000,46.11000000,292000117,292000117,1782866617535772,False,True
173451518,0.72200000,53.81000000,292000118,292000118,1782866621771852,False,True
173451519,0.72200000,121.21000000,292000119,292000119,1782866632781651,False,True
173451520,0.72200000,30.39000000,292000120,292000120,1782866632950102,False,True
173451521,0.72200000,67.23000000,292000121,292000121,1782866633771511,False,True
173451522,0.72200000,50.15000000,292000122,292000122,1782866649781935,False,True
173451523,0.72200000,38.36000000,292000123,292000123,1782866656755487,False,True
173451524,0.72200000,104.49000000,292000124,292000124,1782866656771494,False,True
173451525,0.72200000,70.27000000,292000125,292000125,1782866657788274,False,True
173451526,0.72200000,83.93000000,292000126,292000126,1782866659774479,False,True
173451527,0.72200000,82.14000000,292000127,292000127,1782866663772279,False,True
173451528,0.72100000,6883.77000000,292000128,292000141,1782866668631492,True,True
173451529,0.72000000,1133.81000000,292000142,292000142,1782866668631492,True,True
173451530,0.72100000,22.26000000,292000143,292000145,1782866682774943,False,True
173451531,0.72200000,62.16000000,292000146,292000146,1782866682774943,False,True
173451532,0.72200000,28.48000000,292000147,292000147,1782866688009012,False,True
173451533,0.72200000,13.70000000,292000148,292000148,1782866692889570,False,True
173451534,0.72200000,106.92000000,292000149,292000149,1782866694774425,False,True
173451535,0.72200000,111.71000000,292000150,292000150,1782866696772283,False,True
173451536,0.72200000,116.57000000,292000151,292000151,1782866698771619,False,True
173451537,0.72200000,84.62000000,292000152,292000152,1782866716771431,False,True
173451538,0.72200000,114.84000000,292000153,292000153,1782866717787466,False,True
173451539,0.72100000,990.82000000,292000154,292000157,1782866718126001,True,True
173451540,0.72100000,824.43000000,292000158,292000158,1782866718127604,True,True
173451541,0.72200000,115.46000000,292000159,292000159,1782866719774700,False,True
173451542,0.72200000,93.16000000,292000160,292000160,1782866723771392,False,True
173451543,0.72200000,63.04000000,292000161,292000164,1782866746771279,False,True
173451544,0.72200000,54.22000000,292000165,292000165,1782866747774202,False,True
173451545,0.72200000,90.48000000,292000166,292000168,1782866748771388,False,True
173451546,0.72200000,140.43000000,292000169,292000169,1782866749774316,False,True
173451547,0.72200000,17.96000000,292000170,292000170,1782866752901958,False,True
173451548,0.72200000,97.36000000,292000171,292000172,1782866762781659,False,True
173451549,0.72200000,86.26000000,292000173,292000173,1782866766771865,False,True
173451550,0.72300000,65.56000000,292000174,292000174,1782866773771518,False,True
173451551,0.72300000,145.87000000,292000175,292000175,1782866776771304,False,True
173451552,0.72300000,81.46000000,292000176,292000176,1782866777786655,False,True
173451553,0.72300000,53.48000000,292000177,292000177,1782866779774299,False,True
173451554,0.72200000,156.83000000,292000178,292000181,1782866780525087,True,True
173451555,0.72200000,148.67000000,292000182,292000182,1782866783771301,False,True
173451556,0.72200000,83.03000000,292000183,292000183,1782866794782464,False,True
173451557,0.72200000,120.15000000,292000184,292000184,1782866802775626,False,True
173451558,0.72200000,82.12000000,292000185,292000185,1782866819781685,False,True
173451559,0.72200000,147.23000000,292000186,292000186,1782866821771207,False,True
173451560,0.72200000,87.07000000,292000187,292000187,1782866823771609,False,True
173451561,0.72200000,106.39000000,292000188,292000188,1782866836771749,False,True
173451562,0.72100000,117.01000000,292000189,292000192,1782866836852478,True,True
173451563,0.72200000,72.66000000,292000193,292000193,1782866837786840,False,True
173451564,0.72200000,133.30000000,292000194,292000194,1782866839774669,False,True
173451565,0.72200000,149.76000000,292000195,292000195,1782866843771519,False,True
173451566,0.72100000,54.92000000,292000196,292000198,1782866849079789,True,True
173451567,0.72100000,22.26000000,292000199,292000201,1782866849100622,True,True
173451568,0.72000000,279.00000000,292000202,292000202,1782866856437873,True,True
173451569,0.72100000,78.15000000,292000203,292000203,1782866862774767,False,True
173451570,0.72100000,53.89000000,292000204,292000204,1782866866771203,False,True
173451571,0.72100000,103.71000000,292000205,292000205,1782866874773783,False,True
173451572,0.72100000,89.89000000,292000206,292000206,1782866887773908,False,True
173451573,0.72000000,373.47000000,292000207,292000215,1782866888325100,True,True
173451574,0.72000000,93.56000000,292000216,292000216,1782866888771324,False,True
173451575,0.72000000,78.77000000,292000217,292000219,1782866896771239,False,True
173451576,0.72000000,85.74000000,292000220,292000220,1782866897780320,False,True
173451577,0.72000000,119.35000000,292000221,292000221,1782866899774007,False,True
173451578,0.72000000,160.31000000,292000222,292000222,1782866903771556,False,True
173451579,0.72000000,151.21000000,292000223,292000223,1782866917774440,False,True
173451580,0.72000000,133.98000000,292000224,292000224,1782866921771497,False,True
173451581,0.72000000,515.95000000,292000225,292000227,1782866923201079,False,True
173451582,0.72000000,3195.83000000,292000228,292000229,1782866923203212,False,True
173451583,0.72000000,7.44000000,292000230,292000230,1782866923204754,False,True
173451584,0.72000000,14.88000000,292000231,292000232,1782866923204884,False,True
173451585,0.72100000,86.36000000,292000233,292000233,1782866939774835,False,True
173451586,0.72100000,158.65000000,292000234,292000234,1782866943771302,False,True
173451587,0.72100000,104.74000000,292000235,292000236,1782866956771380,False,True
173451588,0.72100000,58.30000000,292000237,292000237,1782866957780177,False,True
173451589,0.72100000,135.22000000,292000238,292000238,1782866959774679,False,True
173451590,0.72100000,63.13000000,292000239,292000239,1782866963771901,False,True
173451591,0.72100000,119.31000000,292000240,292000240,1782866977774747,False,True
173451592,0.72100000,74.39000000,292000241,292000241,1782866983771670,False,True
173451593,0.72100000,53.96000000,292000242,292000242,1782866986771761,False,True
173451594,0.72100000,126.01000000,292000243,292000243,1782866999782469,False,True
173451595,0.72100000,89.30000000,292000244,292000244,1782867007774969,False,True
173451596,0.72100000,55.30000000,292000245,292000249,1782867013771568,False,True
173451597,0.72100000,107.51000000,292000250,292000250,1782867016771981,False,True
173451598,0.72100000,113.14000000,292000251,292000251,1782867017781448,False,True
173451599,0.72100000,109.14000000,292000252,292000252,1782867019776437,False,True
173451600,0.72100000,99.58000000,292000253,292000253,1782867023771758,False,True
173451601,0.72100000,73.83000000,292000254,292000254,1782867051771332,False,True
173451602,0.72100000,77.97000000,292000255,292000255,1782867054780928,False,True
173451603,0.72100000,55.76000000,292000256,292000256,1782867057783188,False,True
173451604,0.72100000,110.98000000,292000257,292000257,1782867058771790,False,True
173451605,0.72100000,13.44000000,292000258,292000258,1782867058945313,False,True
173451606,0.72100000,60.18000000,292000259,292000259,1782867076771303,False,True
173451607,0.72100000,74.00000000,292000260,292000260,1782867077780199,False,True
173451608,0.72100000,134.61000000,292000261,292000264,1782867079774601,False,True
173451609,0.72100000,104.46000000,292000265,292000265,1782867083772567,False,True
173451610,0.72100000,77.49000000,292000266,292000266,1782867096771432,False,True
173451611,0.72100000,74.10000000,292000267,292000267,1782867107775175,False,True
173451612,0.72100000,110.37000000,292000268,292000270,1782867112921908,False,True
173451613,0.72100000,48.92000000,292000271,292000271,1782867113772378,False,True
173451614,0.72100000,75.52000000,292000272,292000272,1782867119781214,False,True
173451615,0.72100000,51.76000000,292000273,292000273,1782867120654926,True,True
173451616,0.72200000,89.56000000,292000274,292000274,1782867121771413,False,True
173451617,0.72200000,120.25000000,292000275,292000277,1782867133772073,False,True
173451618,0.72200000,123.92000000,292000278,292000278,1782867136771451,False,True
173451619,0.72200000,114.01000000,292000279,292000279,1782867137781447,False,True
173451620,0.72200000,62.72000000,292000280,292000280,1782867139781766,False,True
173451621,0.72200000,91.58000000,292000281,292000282,1782867143771907,False,True
173451622,0.72200000,92.06000000,292000283,292000283,1782867159774309,False,True
173451623,0.72200000,105.76000000,292000284,292000284,1782867176771479,False,True
173451624,0.72200000,96.51000000,292000285,292000285,1782867177776423,False,True
173451625,0.72200000,68.50000000,292000286,292000286,1782867178771910,False,True
173451626,0.72200000,54.70000000,292000287,292000287,1782867196771516,False,True
173451627,0.72200000,89.89000000,292000288,292000288,1782867197780459,False,True
173451628,0.72200000,41.79000000,292000289,292000289,1782867199793218,False,True
173451629,0.72200000,110.61000000,292000290,292000290,1782867203772506,False,True
173451630,0.72200000,101.95000000,292000291,292000291,1782867214783322,False,True
173451631,0.72200000,71.04000000,292000292,292000292,1782867221771566,False,True
173451632,0.72200000,94.03000000,292000293,292000297,1782867237775133,False,True
173451633,0.72200000,96.66000000,292000298,292000298,1782867243779214,False,True
173451634,0.72200000,48.68000000,292000299,292000299,1782867246771699,False,True
173451635,0.72100000,589.04000000,292000300,292000305,1782867252129664,True,True
173451636,0.72100000,98.90000000,292000306,292000306,1782867252131025,True,True
173451637,0.72100000,22.75000000,292000307,292000307,1782867252132677,True,True
173451638,0.72100000,104.02000000,292000308,292000308,1782867256771897,False,True
173451639,0.72100000,51.59000000,292000309,292000309,1782867257789323,False,True
173451640,0.72100000,94.17000000,292000310,292000310,1782867259783719,False,True
173451641,0.72100000,40.57000000,292000311,292000313,1782867263772087,False,True
173451642,0.72200000,113.16000000,292000314,292000317,1782867277774947,False,True
173451643,0.72200000,74.09000000,292000318,292000318,1782867278772104,False,True
173451644,0.72200000,73.93000000,292000319,292000319,1782867296771705,False,True
173451645,0.72100000,92.86000000,292000320,292000324,1782867296799994,True,True
173451646,0.72100000,22.26000000,292000325,292000327,1782867299782366,False,True
173451647,0.72200000,50.96000000,292000328,292000329,1782867299782366,False,True
173451648,0.72100000,855.25000000,292000330,292000330,1782867300918805,True,True
173451649,0.72100000,734.84000000,292000331,292000332,1782867300918874,True,True
173451650,0.72100000,22.29000000,292000333,292000335,1782867300925020,True,True
173451651,0.72200000,59.29000000,292000336,292000336,1782867308772521,False,True
173451652,0.72200000,120.04000000,292000337,292000337,1782867316771535,False,True
173451653,0.72200000,100.10000000,292000338,292000338,1782867317781311,False,True
173451654,0.72200000,68.30000000,292000339,292000339,1782867319782717,False,True
173451655,0.72200000,75.60000000,292000340,292000340,1782867323772416,False,True
173451656,0.72200000,113.80000000,292000341,292000344,1782867344775567,False,True
173451657,0.72200000,80.19000000,292000345,292000345,1782867347775010,False,True
173451658,0.72200000,111.20000000,292000346,292000346,1782867348771659,False,True
173451659,0.72200000,76.68000000,292000347,292000347,1782867356771470,False,True
173451660,0.72200000,97.58000000,292000348,292000348,1782867376771377,False,True
173451661,0.72100000,23.47000000,292000349,292000349,1782867376833031,True,True
173451662,0.72200000,96.49000000,292000350,292000350,1782867377781725,False,True
173451663,0.72200000,67.50000000,292000351,292000351,1782867379782276,False,True
173451664,0.72200000,48.95000000,292000352,292000352,1782867383771746,False,True
173451665,0.72200000,43.50000000,292000353,292000353,1782867403771627,False,True
173451666,0.72200000,92.75000000,292000354,292000354,1782867409781804,False,True
173451667,0.72200000,41.74000000,292000355,292000355,1782867411771960,False,True
173451668,0.72200000,41.33000000,292000356,292000356,1782867417774579,False,True
173451669,0.72200000,2500.00000000,292000357,292000362,1782867422515085,False,True
173451670,0.72200000,66.94000000,292000363,292000363,1782867423771759,False,True
173451671,0.72200000,84.72000000,292000364,292000364,1782867427774368,False,True
173451672,0.72200000,119.44000000,292000365,292000365,1782867436771375,False,True
173451673,0.72200000,50.79000000,292000366,292000366,1782867437780352,False,True
173451674,0.72200000,73.25000000,292000367,292000367,1782867439782134,False,True
173451675,0.72200000,87.93000000,292000368,292000368,1782867443771527,False,True
173451676,0.72200000,64.43000000,292000369,292000369,1782867452783729,False,True
173451677,0.72200000,92.00000000,292000370,292000370,1782867464773969,False,True
173451678,0.72200000,122.48000000,292000371,292000371,1782867468772009,False,True
173451679,0.72200000,115.18000000,292000372,292000372,1782867472779414,False,True
173451680,0.72200000,121.03000000,292000373,292000373,1782867476771639,False,True
173451681,0.72200000,92.55000000,292000374,292000374,1782867489775090,False,True
173451682,0.72100000,344.38000000,292000375,292000378,1782867492646888,True,True
173451683,0.72100000,123.40000000,292000379,292000379,1782867496771439,False,True
173451684,0.72100000,78.04000000,292000380,292000380,1782867497780624,False,True
173451685,0.72100000,50.28000000,292000381,292000381,1782867499781783,False,True
173451686,0.72100000,24.96000000,292000382,292000382,1782867500950950,False,True
173451687,0.72200000,105.20000000,292000383,292000383,1782867503771549,False,True
173451688,0.72200000,179.02000000,292000384,292000384,1782867509976978,False,True
173451689,0.72200000,81.61000000,292000385,292000385,1782867519774174,False,True
173451690,0.72200000,49.96000000,292000386,292000386,1782867532780907,False,True
173451691,0.72200000,53.17000000,292000387,292000387,1782867536771445,False,True
173451692,0.72200000,53.54000000,292000388,292000388,1782867538772042,False,True
173451693,0.72100000,115.27000000,292000389,292000389,1782867547774902,False,True
173451694,0.72100000,54.90000000,292000390,292000390,1782867549782982,False,True
173451695,0.72100000,107.54000000,292000391,292000391,1782867556771519,False,True
173451696,0.72100000,64.18000000,292000392,292000392,1782867557788552,False,True
173451697,0.72100000,92.81000000,292000393,292000393,1782867559774474,False,True
173451698,0.72100000,68.15000000,292000394,292000394,1782867563771952,False,True
173451699,0.72000000,103.87000000,292000395,292000396,1782867564960050,True,True
173451700,0.72100000,88.75000000,292000397,292000399,1782867582774280,False,True
173451701,0.72100000,50.79000000,292000400,292000400,1782867588771679,False,True
173451702,0.72100000,105.49000000,292000401,292000401,1782867596771564,False,True
173451703,0.72100000,69.44000000,292000402,292000402,1782867599782322,False,True
173451704,0.72200000,46.02000000,292000403,292000403,1782867613771535,False,True
173451705,0.72200000,66.43000000,292000404,292000404,1782867616771381,False,True
173451706,0.72200000,86.53000000,292000405,292000405,1782867617787446,False,True
173451707,0.72100000,7.43000000,292000406,292000406,1782867619325302,True,True
173451708,0.72100000,37.10000000,292000407,292000410,1782867619774638,False,True
173451709,0.72200000,72.54000000,292000411,292000411,1782867619774638,False,True
173451710,0.72200000,53.36000000,292000412,292000412,1782867623771660,False,True
173451711,0.72200000,7.75000000,292000413,292000413,1782867637007648,False,True
173451712,0.72200000,85.67000000,292000414,292000414,1782867641771473,False,True
173451713,0.72200000,82.97000000,292000415,292000415,1782867643772222,False,True
173451714,0.72200000,807.62000000,292000416,292000416,1782867646903306,False,True
173451715,0.72200000,66.08000000,292000417,292000417,1782867652779191,False,True
173451716,0.72200000,76.69000000,292000418,292000418,1782867659781364,False,True
173451717,0.72200000,105.55000000,292000419,292000419,1782867668771638,False,True
173451718,0.72200000,78.78000000,292000420,292000420,1782867676771494,False,True
173451719,0.72200000,84.82000000,292000421,292000421,1782867677788182,False,True
173451720,0.72200000,60.92000000,292000422,292000422,1782867679773959,False,True
173451721,0.72100000,8.36000000,292000423,292000424,1782867682924776,True,True
173451722,0.72200000,74.82000000,292000425,292000425,1782867683771887,False,True
173451723,0.72100000,17.88000000,292000426,292000427,1782867697651669,True,True
173451724,0.72100000,55.27000000,292000428,292000431,1782867704774280,False,True
173451725,0.72200000,51.97000000,292000432,292000432,1782867706771560,False,True
173451726,0.72200000,72.79000000,292000433,292000433,1782867712781393,False,True
173451727,0.72200000,53.42000000,292000434,292000434,1782867718771563,False,True
173451728,0.72200000,76.80000000,292000435,292000435,1782867719789640,False,True
173451729,0.72200000,56.94000000,292000436,292000436,1782867721779066,False,True
173451730,0.72200000,104.49000000,292000437,292000437,1782867736771356,False,True
173451731,0.72200000,45.10000000,292000438,292000438,1782867737794135,False,True
173451732,0.72200000,91.13000000,292000439,292000439,1782867739774185,False,True
173451733,0.72200000,83.34000000,292000440,292000440,1782867743771672,False,True
173451734,0.72200000,106.70000000,292000441,292000441,1782867757774303,False,True
173451735,0.72200000,62.38000000,292000442,292000442,1782867773771656,False,True
173451736,0.72200000,91.07000000,292000443,292000443,1782867774781198,False,True
173451737,0.72200000,74.16000000,292000444,292000444,1782867776771380,False,True
173451738,0.72200000,85.95000000,292000445,292000449,1782867796771510,False,True
173451739,0.72200000,104.69000000,292000450,292000450,1782867797788595,False,True
173451740,0.72200000,55.78000000,292000451,292000451,1782867799774005,False,True
173451741,0.72200000,80.76000000,292000452,292000452,1782867803771485,False,True
173451742,0.72200000,44.82000000,292000453,292000455,1782867819775197,False,True
173451743,0.72200000,88.45000000,292000456,292000456,1782867831771490,False,True
173451744,0.72200000,41.60000000,292000457,292000457,1782867833771590,False,True
173451745,0.72200000,56.49000000,292000458,292000458,1782867837774436,False,True
173451746,0.72200000,80.21000000,292000459,292000459,1782867849783164,False,True
173451747,0.72100000,28.00000000,292000460,292000460,1782867855350296,True,True
173451748,0.72200000,91.13000000,292000461,292000461,1782867856771619,False,True
173451749,0.72100000,1214.89000000,292000462,292000466,1782867857518098,True,True
173451750,0.72100000,7.42000000,292000467,292000467,1782867857518150,True,True
173451751,0.72100000,95.03000000,292000468,292000468,1782867857794873,False,True
173451752,0.72100000,40.04000000,292000469,292000469,1782867859774831,False,True
173451753,0.72100000,102.19000000,292000470,292000470,1782867863771683,False,True
173451754,0.72100000,49.09000000,292000471,292000471,1782867879775643,False,True
173451755,0.72100000,98.47000000,292000472,292000472,1782867891771669,False,True
173451756,0.72100000,98.05000000,292000473,292000473,1782867899788689,False,True
173451757,0.72100000,79.75000000,292000474,292000474,1782867902933124,False,True
173451758,0.72000000,69.87000000,292000475,292000478,1782867906511173,True,True
173451759,0.72000000,308.15000000,292000479,292000480,1782867906513444,True,True
173451760,0.72000000,57.72000000,292000481,292000484,1782867906515559,True,True
173451761,0.72000000,1.95000000,292000485,292000485,1782867906515706,True,True
173451762,0.72000000,420.25000000,292000486,292000486,1782867906648438,False,True
173451763,0.72000000,44.63000000,292000487,292000488,1782867908771734,False,True
173451764,0.71900000,45.47000000,292000489,292000494,1782867915250165,True,True
173451765,0.71900000,58.14000000,292000495,292000495,1782867916771435,False,True
173451766,0.71900000,60.71000000,292000496,292000496,1782867917787774,False,True
173451767,0.71900000,66.63000000,292000497,292000497,1782867919792410,False,True
173451768,0.71900000,68.60000000,292000498,292000498,1782867923771638,False,True
173451769,0.71900000,87.54000000,292000499,292000499,1782867936771354,False,True
173451770,0.71800000,231.89000000,292000500,292000507,1782867939775907,True,True
173451771,0.71800000,73.15000000,292000508,292000508,1782867942776416,False,True
173451772,0.71800000,14.90000000,292000509,292000510,1782867948215133,False,True
173451773,0.71800000,7.46000000,292000511,292000512,1782867948219156,False,True
173451774,0.71800000,7.46000000,292000513,292000514,1782867948223752,False,True
173451775,0.71800000,7.46000000,292000515,292000515,1782867948228640,False,True
173451776,0.71800000,7.46000000,292000516,292000516,1782867948231742,False,True
173451777,0.71800000,7.46000000,292000517,292000517,1782867948235659,False,True
173451778,0.71800000,7.46000000,292000518,292000518,1782867948238886,False,True
173451779,0.71800000,62.05000000,292000519,292000521,1782867949773914,False,True
173451780,0.71800000,14.92000000,292000522,292000523,1782867952292976,False,True
173451781,0.71800000,7.46000000,292000524,292000524,1782867952297528,False,True
173451782,0.71800000,7.46000000,292000525,292000525,1782867952300991,False,True
173451783,0.71800000,7.46000000,292000526,292000526,1782867952304751,False,True
173451784,0.71800000,7.46000000,292000527,292000527,1782867952307650,False,True
173451785,0.71800000,7.46000000,292000528,292000528,1782867952312490,False,True
173451786,0.71800000,7.46000000,292000529,292000529,1782867952315569,False,True
173451787,0.71800000,7.46000000,292000530,292000530,1782867952319736,False,True
173451788,0.71800000,7.46000000,292000531,292000531,1782867952322725,False,True
173451789,0.71800000,7.46000000,292000532,292000532,1782867952326249,False,True
173451790,0.71800000,7.46000000,292000533,292000533,1782867952329545,False,True
173451791,0.71800000,7.46000000,292000534,292000534,1782867952333468,False,True
173451792,0.71800000,7.46000000,292000535,292000535,1782867952336399,False,True
173451793,0.71800000,7.46000000,292000536,292000536,1782867952339550,False,True
173451794,0.71800000,7.46000000,292000537,292000537,1782867952342735,False,True
173451795,0.71800000,7.46000000,292000538,292000538,1782867952346580,False,True
173451796,0.71800000,7.46000000,292000539,292000539,1782867952349633,False,True
173451797,0.71800000,7.46000000,292000540,292000540,1782867952352897,False,True
173451798,0.71800000,7.46000000,292000541,292000541,1782867952356057,False,True
173451799,0.71800000,7.46000000,292000542,292000542,1782867952361482,False,True
173451800,0.71800000,7.46000000,292000543,292000543,1782867952364296,False,True
173451801,0.71800000,7.46000000,292000544,292000544,1782867952368383,False,True
173451802,0.71800000,7.46000000,292000545,292000545,1782867952374428,False,True
173451803,0.71800000,7.46000000,292000546,292000546,1782867952378620,False,True
173451804,0.71800000,7.46000000,292000547,292000547,1782867952381213,False,True
173451805,0.71800000,7.46000000,292000548,292000548,1782867952404315,False,True
173451806,0.71800000,7.46000000,292000549,292000549,1782867952407190,False,True
173451807,0.71800000,7.46000000,292000550,292000550,1782867952410591,False,True
173451808,0.71800000,7.46000000,292000551,292000551,1782867952413427,False,True
173451809,0.71800000,7.46000000,292000552,292000552,1782867952417889,False,True
173451810,0.71800000,7.46000000,292000553,292000553,1782867952420684,False,True
173451811,0.71800000,7.46000000,292000554,292000554,1782867952424924,False,True
173451812,0.71800000,7.46000000,292000555,292000555,1782867952427948,False,True
173451813,0.71800000,7.46000000,292000556,292000556,1782867952432047,False,True
173451814,0.71800000,7.46000000,292000557,292000557,1782867952434921,False,True
173451815,0.71800000,7.46000000,292000558,292000558,1782867952439355,False,True
173451816,0.71800000,7.46000000,292000559,292000559,1782867952442196,False,True
173451817,0.71800000,7.46000000,292000560,292000560,1782867952445531,False,True
173451818,0.71800000,7.46000000,292000561,292000561,1782867952448345,False,True
173451819,0.71800000,7.46000000,292000562,292000562,1782867952452520,False,True
173451820,0.71800000,7.46000000,292000563,292000563,1782867952454689,False,True
173451821,0.71800000,7.46000000,292000564,292000564,1782867952458265,False,True
173451822,0.71800000,7.46000000,292000565,292000565,1782867952460928,False,True
173451823,0.71800000,7.46000000,292000566,292000566,1782867952464527,False,True
173451824,0.71800000,7.46000000,292000567,292000567,1782867952467403,False,True
173451825,0.71800000,7.46000000,292000568,292000568,1782867952471565,False,True
173451826,0.71800000,7.46000000,292000569,292000569,1782867952474584,False,True
173451827,0.71800000,7.46000000,292000570,292000570,1782867952478014,False,True
173451828,0.71800000,7.46000000,292000571,292000571,1782867952480855,False,True
173451829,0.71800000,7.46000000,292000572,292000572,1782867952484589,False,True
173451830,0.71800000,7.46000000,292000573,292000573,1782867952487232,False,True
173451831,0.71800000,7.46000000,292000574,292000574,1782867952490896,False,True
173451832,0.71800000,7.46000000,292000575,292000575,1782867952493135,False,True
173451833,0.71800000,7.46000000,292000576,292000576,1782867952497214,False,True
173451834,0.71800000,7.46000000,292000577,292000577,1782867952499696,False,True
173451835,0.71800000,7.46000000,292000578,292000578,1782867952503091,False,True
173451836,0.71800000,7.46000000,292000579,292000579,1782867952505220,False,True
173451837,0.71800000,7.46000000,292000580,292000580,1782867952508524,False,True
173451838,0.71800000,7.46000000,292000581,292000581,1782867952511272,False,True
173451839,0.71800000,7.46000000,292000582,292000582,1782867952514956,False,True
173451840,0.71800000,7.46000000,292000583,292000583,1782867952517802,False,True
173451841,0.71800000,7.46000000,292000584,292000584,1782867952521974,False,True
173451842,0.71800000,7.46000000,292000585,292000585,1782867952525797,False,True
173451843,0.71800000,14.92000000,292000586,292000587,1782867952526044,False,True
173451844,0.71900000,91.62000000,292000588,292000588,1782867953771529,False,True
173451845,0.71900000,87.27000000,292000589,292000589,1782867969781547,False,True
173451846,0.71900000,90.93000000,292000590,292000590,1782867976771607,False,True
173451847,0.71900000,80.53000000,292000591,292000591,1782867977807085,False,True
173451848,0.71900000,94.88000000,292000592,292000592,1782867979783191,False,True
173451849,0.71900000,28.73000000,292000593,292000593,1782867980911567,False,True
173451850,0.71900000,57.05000000,292000594,292000594,1782867983772189,False,True
173451851,0.71800000,242.77000000,292000595,292000599,1782867997538922,True,True
173451852,0.71800000,14.90000000,292000600,292000601,1782868005393346,False,True
173451853,0.71800000,7.46000000,292000602,292000603,1782868005397120,False,True
173451854,0.71800000,7.46000000,292000604,292000605,1782868005399932,False,True
173451855,0.71800000,7.46000000,292000606,292000606,1782868005404122,False,True
173451856,0.71800000,7.46000000,292000607,292000607,1782868005406584,False,True
173451857,0.71800000,7.46000000,292000608,292000608,1782868005410096,False,True
173451858,0.71800000,7.46000000,292000609,292000609,1782868005412915,False,True
173451859,0.71800000,7.46000000,292000610,292000610,1782868005417415,False,True
173451860,0.71800000,7.46000000,292000611,292000611,1782868005419727,False,True
173451861,0.71800000,7.46000000,292000612,292000612,1782868005423312,False,True
173451862,0.71800000,7.46000000,292000613,292000613,1782868005426101,False,True
173451863,0.71800000,7.46000000,292000614,292000614,1782868005430149,False,True
173451864,0.71800000,7.46000000,292000615,292000615,1782868005432704,False,True
173451865,0.71800000,7.46000000,292000616,292000616,1782868005436193,False,True
173451866,0.71800000,7.46000000,292000617,292000617,1782868005439031,False,True
173451867,0.71800000,36.05000000,292000618,292000620,1782868012780053,False,True
173451868,0.71800000,101.57000000,292000621,292000622,1782868013771839,False,True
173451869,0.71800000,61.58000000,292000623,292000623,1782868019781048,False,True
173451870,0.71800000,89.96000000,292000624,292000624,1782868021781937,False,True
173451871,0.71700000,75.82000000,292000625,292000631,1782868023751089,True,True
173451872,0.71600000,806.81000000,292000632,292000633,1782868024913257,True,True
173451873,0.71700000,14.92000000,292000634,292000635,1782868026096413,False,True
173451874,0.71700000,980.97000000,292000636,292000638,1782868034270950,True,True
173451875,0.71600000,22081.23000000,292000639,292000651,1782868034270950,True,True
173451876,0.71700000,14.92000000,292000652,292000653,1782868035387273,False,True
173451877,0.71800000,81.93000000,292000654,292000654,1782868036771443,False,True
173451878,0.71800000,63.68000000,292000655,292000655,1782868037820284,False,True
173451879,0.71800000,43.67000000,292000656,292000656,1782868039775781,False,True
173451880,0.71800000,86.57000000,292000657,292000657,1782868043772180,False,True
173451881,0.71700000,653.24000000,292000658,292000660,1782868052347004,True,True
173451882,0.71800000,834.65000000,292000661,292000664,1782868057349145,False,True
173451883,0.71800000,2196.80000000,292000665,292000667,1782868057349238,False,True
173451884,0.71800000,8527.96000000,292000668,292000675,1782868057349330,False,True
173451885,0.71800000,101.89000000,292000676,292000676,1782868057368228,True,True
173451886,0.71900000,72.11000000,292000677,292000677,1782868059775028,False,True
173451887,0.71800000,23.49000000,292000678,292000679,1782868066535821,True,True
173451888,0.71800000,110.18000000,292000680,292000680,1782868066772160,False,True
173451889,0.71800000,94.05000000,292000681,292000681,1782868067775983,False,True
173451890,0.71800000,48.49000000,292000682,292000682,1782868078771844,False,True
173451891,0.71800000,84.26000000,292000683,292000683,1782868096771603,False,True
173451892,0.71800000,171.75000000,292000684,292000684,1782868097797074,False,True
173451893,0.71800000,210.70000000,292000685,292000685,1782868099774672,False,True
173451894,0.71800000,216.01000000,292000686,292000686,1782868103772020,False,True
173451895,0.71700000,30.17000000,292000687,292000690,1782868108425242,True,True
173451896,0.71800000,228.31000000,292000691,292000691,1782868111772049,False,True
173451897,0.71700000,26.96000000,292000692,292000694,1782868114235429,True,True
173451898,0.71700000,22.39000000,292000695,292000697,1782868114250628,True,True
173451899,0.71700000,7.71000000,292000698,292000698,1782868118912593,False,True
173451900,0.71700000,29.68000000,292000699,292000701,1782868131402650,True,True
173451901,0.71700000,22.38000000,292000702,292000704,1782868131432621,True,True
173451902,0.71700000,144.37000000,292000705,292000705,1782868132780680,False,True
173451903,0.71700000,53.85000000,292000706,292000708,1782868134931476,False,True
173451904,0.71700000,7.46000000,292000709,292000709,1782868134931785,False,True
173451905,0.71800000,85.89000000,292000710,292000710,1782868139789648,False,True
173451906,0.71700000,35.73000000,292000711,292000713,1782868140230500,True,True
173451907,0.71700000,7.46000000,292000714,292000714,1782868140900403,True,True
173451908,0.71700000,158.29000000,292000715,292000718,1782868148771991,False,True
173451909,0.71700000,116.03000000,292000719,292000719,1782868156771430,False,True
173451910,0.71700000,117.89000000,292000720,292000720,1782868163771868,False,True
173451911,0.71600000,221.00000000,292000721,292000727,1782868177175570,True,True
173451912,0.71600000,13.98000000,292000728,292000729,1782868177720937,False,True
173451913,0.71600000,62.91000000,292000730,292000730,1782868177731424,False,True
173451914,0.71700000,101.52000000,292000731,292000731,1782868181771429,False,True
173451915,0.71700000,58.83000000,292000732,292000732,1782868188771851,False,True
173451916,0.71700000,186.97000000,292000733,292000733,1782868196771502,False,True
173451917,0.71600000,1057.53000000,292000734,292000737,1782868215814514,True,True
173451918,0.71600000,149.42000000,292000738,292000738,1782868216771871,False,True
173451919,0.71500000,606.67000000,292000739,292000739,1782868217424930,True,True
173451920,0.71500000,970.47000000,292000740,292000744,1782868217425080,True,True
173451921,0.71500000,452.21000000,292000745,292000752,1782868217427564,True,True
173451922,0.71600000,34.95000000,292000753,292000753,1782868217795887,False,True
173451923,0.71500000,14.00000000,292000754,292000755,1782868224948929,False,True
173451924,0.71500000,13.99000000,292000756,292000756,1782868224952366,False,True
173451925,0.71500000,34.97000000,292000757,292000757,1782868224954705,False,True
173451926,0.71400000,93.04000000,292000758,292000758,1782868233714228,True,True
173451927,0.71400000,251.38000000,292000759,292000765,1782868238875183,True,True
173451928,0.71400000,7.48000000,292000766,292000766,1782868238879084,True,True
173451929,0.71400000,29.81000000,292000767,292000767,1782868238953892,False,True
173451930,0.71300000,30.00000000,292000768,292000769,1782868240122486,True,True
173451931,0.71400000,35.01000000,292000770,292000770,1782868241348564,False,True
173451932,0.71300000,2511.10000000,292000771,292000778,1782868245606671,True,True
173451933,0.71400000,118.88000000,292000779,292000779,1782868246771526,False,True
173451934,0.71300000,456.86000000,292000780,292000780,1782868247338412,True,True
173451935,0.71300000,6263.19000000,292000781,292000781,1782868247338468,True,True
173451936,0.71300000,6007.26000000,292000782,292000782,1782868247338532,True,True
173451937,0.71300000,7492.36000000,292000783,292000783,1782868247338591,True,True
173451938,0.71300000,3519.30000000,292000784,292000784,1782868247339019,True,True
173451939,0.71300000,1141.74000000,292000785,292000785,1782868247340360,True,True
173451940,0.71300000,948.70000000,292000786,292000786,1782868247341489,True,True
173451941,0.71300000,5586.63000000,292000787,292000787,1782868247341626,True,True
173451942,0.71300000,1411.47000000,292000788,292000788,1782868247342115,True,True
173451943,0.71300000,1835.95000000,292000789,292000789,1782868247342163,True,True
173451944,0.71300000,1802.87000000,292000790,292000790,1782868247343084,True,True
173451945,0.71300000,711.88000000,292000791,292000791,1782868247343458,True,True
173451946,0.71300000,41208.62000000,292000792,292000798,1782868247343574,True,True
173451947,0.71200000,571.61000000,292000799,292000805,1782868247398979,True,True
173451948,0.71300000,13.75000000,292000806,292000806,1782868247948729,False,True
173451949,0.71300000,39.31000000,292000807,292000807,1782868248816436,False,True
173451950,0.71300000,2977.78000000,292000808,292000815,1782868249358171,False,True
173451951,0.71300000,2861.72000000,292000816,292000817,1782868249361150,True,True
173451952,0.71300000,7.52000000,292000818,292000818,1782868250619296,True,True
173451953,0.71200000,1726.65000000,292000819,292000825,1782868258585643,True,True
173451954,0.71300000,19.69000000,292000826,292000828,1782868267655878,False,True
173451955,0.71300000,138.31000000,292000829,292000831,1782868268710594,False,True
173451956,0.71300000,19.77000000,292000832,292000832,1782868268731102,False,True
173451957,0.71300000,10.53000000,292000833,292000833,1782868269918087,False,True
173451958,0.71300000,1602.79000000,292000834,292000841,1782868269922266,False,True
173451959,0.71300000,25.67000000,292000842,292000843,1782868271968107,True,True
173451960,0.71200000,2500.00000000,292000844,292000849,1782868272415240,True,True
173451961,0.71300000,28.00000000,292000850,292000852,1782868278500937,False,True
173451962,0.71300000,27.90000000,292000853,292000853,1782868287613254,False,True
173451963,0.71200000,22.14000000,292000854,292000854,1782868294337724,True,True
173451964,0.71300000,54.57000000,292000855,292000859,1782868299081621,False,True
173451965,0.71300000,7.52000000,292000860,292000860,1782868299084942,False,True
173451966,0.71300000,7.52000000,292000861,292000861,1782868299087925,False,True
173451967,0.71300000,7.52000000,292000862,292000862,1782868299092263,False,True
173451968,0.71300000,7.52000000,292000863,292000863,1782868299095559,False,True
173451969,0.71300000,7.52000000,292000864,292000864,1782868299099794,False,True
173451970,0.71300000,7.52000000,292000865,292000865,1782868299103046,False,True
173451971,0.71300000,7.52000000,292000866,292000866,1782868299107216,False,True
173451972,0.71300000,7.52000000,292000867,292000867,1782868299109826,False,True
173451973,0.71300000,7.52000000,292000868,292000868,1782868299114191,False,True
173451974,0.71300000,7.52000000,292000869,292000869,1782868299122730,False,True
173451975,0.71300000,22.56000000,292000870,292000872,1782868299125315,False,True
173451976,0.71300000,36.10000000,292000873,292000875,1782868304498046,True,True
173451977,0.71300000,15.00000000,292000876,292000877,1782868309594860,False,True
173451978,0.71300000,7.52000000,292000878,292000879,1782868309598308,False,True
173451979,0.71300000,7.52000000,292000880,292000881,1782868309601468,False,True
173451980,0.71300000,15.02000000,292000882,292000883,1782868309601490,False,True
173451981,0.71300000,4059.69000000,292000884,292000886,1782868310768620,True,True
173451982,0.71300000,113.50000000,292000887,292000887,1782868314299824,False,True
173451983,0.71300000,1956.68000000,292000888,292000892,1782868314303442,False,True
173451984,0.71300000,7.65000000,292000893,292000893,1782868317700372,True,True
173451985,0.71300000,22.50000000,292000894,292000896,1782868319829492,False,True
173451986,0.71200000,929.19000000,292000897,292000897,1782868364637935,True,True
173451987,0.71200000,63.53000000,292000898,292000901,1782868364640057,True,True
173451988,0.71200000,660.39000000,292000902,292000905,1782868364642376,True,True
173451989,0.71100000,422.18000000,292000906,292000909,1782868365052433,True,True
173451990,0.71100000,254.80000000,292000910,292000910,1782868365062706,True,True
173451991,0.71100000,1355.04000000,292000911,292000912,1782868365070203,True,True
173451992,0.71100000,51.80000000,292000913,292000913,1782868365080739,True,True
173451993,0.71100000,61.86000000,292000914,292000914,1782868365080992,True,True
173451994,0.71100000,97.88000000,292000915,292000915,1782868365110692,True,True
173451995,0.71100000,3551.86000000,292000916,292000917,1782868365115320,True,True
173451996,0.71100000,2122.91000000,292000918,292000926,1782868365122450,True,True
173451997,0.71000000,335.62000000,292000927,292000927,1782868365248435,True,True
173451998,0.71000000,84.44000000,292000928,292000928,1782868365395933,True,True
173451999,0.71000000,120.16000000,292000929,292000929,1782868365396675,True,True
173452000,0.71000000,113.66000000,292000930,292000930,1782868365396705,True,True
173452001,0.71000000,139.64000000,292000931,292000931,1782868365452801,True,True
173452002,0.71000000,311.76000000,292000932,292000932,1782868365453320,True,True
173452003,0.71000000,467.65000000,292000933,292000933,1782868365453388,True,True
173452004,0.71000000,214.34000000,292000934,292000934,1782868365454139,True,True
173452005,0.71000000,235.75000000,292000935,292000935,1782868365459283,True,True
173452006,0.71000000,165.63000000,292000936,292000936,1782868365483477,True,True
173452007,0.71000000,150.00000000,292000937,292000937,1782868365507628,True,True
173452008,0.71000000,74.69000000,292000938,292000938,1782868365636980,True,True
173452009,0.71000000,415.69000000,292000939,292000939,1782868365638024,True,True
173452010,0.71000000,48.43000000,292000940,292000940,1782868365638380,True,True
173452011,0.71000000,1000.00000000,292000941,292000941,1782868365698598,True,True
173452012,0.71000000,3068.26000000,292000942,292000942,1782868365724678,True,True
173452013,0.71000000,9817.63000000,292000943,292000943,1782868365745462,True,True
173452014,0.71000000,1372.50000000,292000944,292000944,1782868365747015,True,True
173452015,0.71000000,28.15000000,292000945,292000945,1782868365754266,True,True
173452016,0.71000000,30.05000000,292000946,292000946,1782868365754292,True,True
173452017,0.71000000,1669.80000000,292000947,292000947,1782868365755216,True,True
173452018,0.71000000,39260.61000000,292000948,292000948,1782868365759662,True,True
173452019,0.71000000,3556.64000000,292000949,292000949,1782868365764828,True,True
173452020,0.71000000,977.11000000,292000950,292000950,1782868365783187,True,True
173452021,0.71000000,80.68000000,292000951,292000951,1782868365787606,True,True
173452022,0.71000000,1022.44000000,292000952,292000952,1782868365790831,True,True
173452023,0.71000000,809.80000000,292000953,292000953,1782868365794703,True,True
173452024,0.71000000,779.00000000,292000954,292000954,1782868365795134,True,True
173452025,0.71000000,768.76000000,292000955,292000955,1782868365815792,True,True
173452026,0.71000000,7705.48000000,292000956,292000956,1782868365819208,True,True
173452027,0.71000000,523.05000000,292000957,292000957,1782868365823177,True,True
173452028,0.71000000,14041.09000000,292000958,292000958,1782868365826381,True,True
173452029,0.71000000,82.80000000,292000959,292000959,1782868365832277,True,True
173452030,0.71000000,743.55000000,292000960,292000960,1782868365837262,True,True
173452031,0.71000000,718.57000000,292000961,292000961,1782868365838849,True,True
173452032,0.71000000,704.29000000,292000962,292000962,1782868365851623,True,True
173452033,0.71000000,811.49000000,292000963,292000963,1782868365855823,True,True
173452034,0.71000000,390.14000000,292000964,292000964,1782868365858635,True,True
173452035,0.71000000,891.08000000,292000965,292000965,1782868365864119,True,True
173452036,0.71000000,817.76000000,292000966,292000966,1782868365886955,True,True
173452037,0.71000000,821.74000000,292000967,292000968,1782868365893372,True,True
173452038,0.71000000,1058.75000000,292000969,292000975,1782868365896582,True,True
173452039,0.71000000,723.05000000,292000976,292000978,1782868365902865,True,True
173452040,0.71000000,723.73000000,292000979,292000981,1782868365909327,True,True
173452041,0.71000000,4133.16000000,292000982,292000982,1782868365909345,True,True
173452042,0.71000000,879.17000000,292000983,292000987,1782868365918273,True,True
173452043,0.71000000,168.04000000,292000988,292000989,1782868365927710,True,True
173452044,0.71000000,598.82000000,292000990,292000992,1782868365935427,True,True
173452045,0.70900000,300.00000000,292000993,292000995,1782868365936679,True,True
173452046,0.70900000,551.84000000,292000996,292001005,1782868365979805,True,True
173452047,0.70900000,1110.00000000,292001006,292001006,1782868365999233,True,True
173452048,0.70900000,7.53000000,292001007,292001007,1782868366046515,True,True
173452049,0.70800000,1162.47000000,292001008,292001012,1782868366046515,True,True
173452050,0.70800000,388.32000000,292001013,292001013,1782868366046515,True,True
173452051,0.70800000,482.20000000,292001014,292001015,1782868366047951,True,True
173452052,0.70800000,76.64000000,292001016,292001016,1782868366053132,True,True
173452053,0.70900000,58.25000000,292001017,292001017,1782868366074122,False,True
173452054,0.70900000,58.25000000,292001018,292001018,1782868366074342,False,True
173452055,0.70800000,137.00000000,292001019,292001020,1782868366173755,True,True
173452056,0.70800000,150.00000000,292001021,292001021,1782868366362677,True,True
173452057,0.70900000,476.16000000,292001022,292001022,1782868366473930,False,True
173452058,0.70900000,1543.64000000,292001023,292001028,1782868368006261,False,True
173452059,0.70900000,132.62000000,292001029,292001029,1782868368104277,True,True
173452060,0.70900000,16.45000000,292001030,292001030,1782868368183526,False,True
173452061,0.70900000,16.40000000,292001031,292001031,1782868368281741,False,True
173452062,0.70900000,11.55000000,292001032,292001032,1782868368378233,False,True
173452063,0.70800000,28.12000000,292001033,292001033,1782868369196725,True,True
173452064,0.70900000,17.25000000,292001034,292001034,1782868371268983,False,True
173452065,0.70900000,62.08000000,292001035,292001035,1782868371271959,False,True
173452066,0.70900000,14.10000000,292001036,292001036,1782868372324853,False,True
173452067,0.70800000,395.00000000,292001037,292001040,1782868372569807,True,True
173452068,0.70800000,139.63000000,292001041,292001042,1782868373524076,False,True
173452069,0.70900000,39.53000000,292001043,292001043,1782868373966400,False,True
173452070,0.70900000,1540.61000000,292001044,292001049,1782868374907141,False,True
173452071,0.70800000,42.37000000,292001050,292001052,1782868375338783,True,True
173452072,0.70800000,61.49000000,292001053,292001053,1782868375341847,True,True
173452073,0.70800000,7.90000000,292001054,292001054,1782868375470048,True,True
173452074,0.70800000,8.25000000,292001055,292001055,1782868377118172,False,True
173452075,0.70700000,794.90000000,292001056,292001057,1782868379216540,True,True
173452076,0.70700000,883.27000000,292001058,292001062,1782868379216692,True,True
173452077,0.70700000,1057.26000000,292001063,292001067,1782868379218459,True,True
173452078,0.70700000,7.56000000,292001068,292001068,1782868379218461,True,True
173452079,0.70700000,28.29000000,292001069,292001071,1782868379834619,False,True
173452080,0.70800000,13.77000000,292001072,292001074,1782868380285813,False,True
173452081,0.70800000,30.66000000,292001075,292001078,1782868380890600,False,True
173452082,0.70800000,83.00000000,292001079,292001079,1782868380992109,True,True
173452083,0.70700000,15.50000000,292001080,292001081,1782868382521698,True,True
173452084,0.70600000,574.40000000,292001082,292001086,1782868383257694,True,True
173452085,0.70600000,443.22000000,292001087,292001087,1782868384459135,True,True
173452086,0.70600000,9205.50000000,292001088,292001093,1782868384468435,True,True
173452087,0.70600000,95.10000000,292001094,292001094,1782868384477514,True,True
173452088,0.70700000,10166.89000000,292001095,292001101,1782868385183867,False,True
173452089,0.70600000,3934.51000000,292001102,292001112,1782868386452841,True,True
173452090,0.70600000,7.57000000,292001113,292001113,1782868386452955,True,True
173452091,0.70500000,150.00000000,292001114,292001115,1782868386457104,True,True
173452092,0.70500000,55.17000000,292001116,292001116,1782868386509097,True,True
173452093,0.70600000,14.18000000,292001117,292001117,1782868387031519,False,True
173452094,0.70600000,14.92000000,292001118,292001118,1782868387031651,False,True
173452095,0.70600000,35.99000000,292001119,292001119,1782868387435788,False,True
173452096,0.70600000,13.78000000,292001120,292001120,1782868387436242,False,True
173452097,0.70600000,42.50000000,292001121,292001121,1782868387992558,False,True
173452098,0.70600000,691.19000000,292001122,292001127,1782868388782256,False,True
173452099,0.70600000,1030.90000000,292001128,292001128,1782868388784305,True,True
173452100,0.70600000,945.00000000,292001129,292001129,1782868389341149,True,True
173452101,0.70600000,55.30000000,292001130,292001130,1782868391347899,True,True
173452102,0.70600000,579.06000000,292001131,292001133,1782868392141895,False,True
173452103,0.70600000,13.30000000,292001134,292001134,1782868392572390,True,True
173452104,0.70600000,13.30000000,292001135,292001135,1782868392818458,False,True
173452105,0.70600000,791.85000000,292001136,292001137,1782868393023056,True,True
173452106,0.70500000,1139.38000000,292001138,292001142,1782868393808608,True,True
173452107,0.70500000,348.78000000,292001143,292001145,1782868393810595,True,True
173452108,0.70500000,1698.27000000,292001146,292001149,1782868393918549,False,True
173452109,0.70400000,3951.90000000,292001150,292001161,1782868394362649,True,True
173452110,0.70400000,2674.66000000,292001162,292001162,1782868394382095,True,True
173452111,0.70400000,2674.66000000,292001163,292001163,1782868394382196,True,True
173452112,0.70400000,2674.66000000,292001164,292001164,1782868394382206,True,True
173452113,0.70400000,92.86000000,292001165,292001168,1782868394382208,True,True
173452114,0.70400000,58.25000000,292001169,292001169,1782868394384137,False,True
173452115,0.70400000,58.25000000,292001170,292001170,1782868394384148,False,True
173452116,0.70400000,58.21000000,292001171,292001171,1782868394384962,False,True
173452117,0.70300000,5077.82000000,292001172,292001184,1782868394410704,True,True
173452118,0.70200000,28.50000000,292001185,292001185,1782868394410704,True,True
173452119,0.70300000,58.27000000,292001186,292001186,1782868394413514,False,True
173452120,0.70300000,58.21000000,292001187,292001187,1782868394415515,False,True
173452121,0.70300000,58.27000000,292001188,292001188,1782868394416580,False,True
173452122,0.70200000,150.00000000,292001189,292001190,1782868394417547,True,True
173452123,0.70300000,3060.77000000,292001191,292001195,1782868394421045,False,True
173452124,0.70300000,15.22000000,292001196,292001197,1782868394425161,False,True
173452125,0.70300000,556.58000000,292001198,292001199,1782868394432519,True,True
173452126,0.70300000,142.71000000,292001200,292001200,1782868394440755,True,True
173452127,0.70300000,1879.35000000,292001201,292001202,1782868394494002,True,True
173452128,0.70300000,7393.19000000,292001203,292001207,1782868394509377,False,True
173452129,0.70300000,210.45000000,292001208,292001208,1782868394519337,False,True
173452130,0.70300000,873.94000000,292001209,292001209,1782868394523836,False,True
173452131,0.70300000,794.71000000,292001210,292001214,1782868394536938,False,True
173452132,0.70400000,46.89000000,292001215,292001215,1782868394627163,False,True
173452133,0.70400000,588.97000000,292001216,292001221,1782868395253076,False,True
173452134,0.70400000,451.24000000,292001222,292001223,1782868395253094,False,True
173452135,0.70400000,49.81000000,292001224,292001224,1782868395351175,True,True
173452136,0.70400000,245.27000000,292001225,292001225,1782868395424455,True,True
173452137,0.70400000,446.52000000,292001226,292001226,1782868395424690,True,True
173452138,0.70500000,35.46000000,292001227,292001227,1782868395456452,False,True
173452139,0.70500000,150.23000000,292001228,292001228,1782868395604651,False,True
173452140,0.70500000,1340.57000000,292001229,292001230,1782868396152736,False,True
173452141,0.70500000,724.68000000,292001231,292001231,1782868396153279,False,True
173452142,0.70500000,40.05000000,292001232,292001232,1782868396154268,False,True
173452143,0.70500000,587.29000000,292001233,292001238,1782868396154531,False,True
173452144,0.70500000,1500.00000000,292001239,292001240,1782868396853943,True,True
173452145,0.70500000,22.86000000,292001241,292001243,1782868396855733,True,True
173452146,0.70500000,311.80000000,292001244,292001244,1782868397369405,False,True
173452147,0.70500000,117.48000000,292001245,292001245,1782868397369430,False,True
173452148,0.70500000,32.70000000,292001246,292001248,1782868397375395,False,True
173452149,0.70400000,359.51000000,292001249,292001250,1782868398317954,True,True
173452150,0.70400000,149.56000000,292001251,292001251,1782868398317987,True,True
173452151,0.70400000,479.34000000,292001252,292001256,1782868398318004,True,True
173452152,0.70400000,552.78000000,292001257,292001259,1782868399430365,False,True
173452153,0.70400000,49.01000000,292001260,292001261,1782868399431246,False,True
173452154,0.70400000,2865.86000000,292001262,292001266,1782868399536645,True,True
173452155,0.70400000,7.75000000,292001267,292001268,1782868399891847,True,True
173452156,0.70400000,1579.43000000,292001269,292001271,1782868403238023,True,True
173452157,0.70400000,773.57000000,292001272,292001273,1782868403481509,True,True
173452158,0.70400000,73.89000000,292001274,292001274,1782868404214717,False,True
173452159,0.70400000,14.21000000,292001275,292001275,1782868404222007,False,True
173452160,0.70400000,45.50000000,292001276,292001276,1782868405000146,False,True
173452161,0.70300000,53.33000000,292001277,292001282,1782868405174023,True,True
173452162,0.70300000,956.02000000,292001283,292001290,1782868405543954,False,True
173452163,0.70300000,1321.60000000,292001291,292001291,1782868405657974,True,True
173452164,0.70300000,1058.89000000,292001292,292001292,1782868405658335,True,True
173452165,0.70300000,14.24000000,292001293,292001293,1782868405871350,False,True
173452166,0.70300000,15.39000000,292001294,292001294,1782868405883660,False,True
173452167,0.70300000,44.11000000,292001295,292001295,1782868405890217,False,True
173452168,0.70300000,164.72000000,292001296,292001296,1782868406117394,False,True
173452169,0.70300000,352.30000000,292001297,292001298,1782868406698766,False,True
173452170,0.70300000,239.98000000,292001299,292001299,1782868406698899,False,True
173452171,0.70300000,265.92000000,292001300,292001300,1782868406702783,False,True
173452172,0.70300000,22.86000000,292001301,292001303,1782868406705305,False,True
173452173,0.70300000,143.86000000,292001304,292001304,1782868406756105,True,True
173452174,0.70300000,470.25000000,292001305,292001305,1782868407189794,True,True
173452175,0.70300000,18.28000000,292001306,292001306,1782868407191371,True,True
173452176,0.70400000,29.84000000,292001307,292001307,1782868407663638,False,True
173452177,0.70400000,39.78000000,292001308,292001308,1782868407665906,False,True
173452178,0.70400000,18.23000000,292001309,292001309,1782868408574549,False,True
173452179,0.70400000,140.25000000,292001310,292001310,1782868408575774,False,True
173452180,0.70300000,143.96000000,292001311,292001311,1782868409659831,True,True
173452181,0.70300000,71.15000000,292001312,292001312,1782868410474883,False,True
173452182,0.70200000,3601.01000000,292001313,292001322,1782868410727739,True,True
173452183,0.70200000,513.11000000,292001323,292001324,1782868410727876,True,True
173452184,0.70200000,1386.97000000,292001325,292001325,1782868410904230,True,True
173452185,0.70200000,808.08000000,292001326,292001327,1782868410904402,True,True
173452186,0.70200000,232.08000000,292001328,292001332,1782868410904666,True,True
173452187,0.70200000,1765.93000000,292001333,292001337,1782868410909247,False,True
173452188,0.70200000,199.47000000,292001338,292001338,1782868410909305,False,True
173452189,0.70200000,3829.01000000,292001339,292001342,1782868410911035,False,True
173452190,0.70200000,102.07000000,292001343,292001343,1782868411662523,True,True
173452191,0.70300000,416.48000000,292001344,292001346,1782868412220644,False,True
173452192,0.70300000,327.77000000,292001347,292001347,1782868412221069,False,True
173452193,0.70300000,3896.84000000,292001348,292001348,1782868412222427,False,True
173452194,0.70300000,57.06000000,292001349,292001349,1782868412222953,False,True
173452195,0.70300000,208.94000000,292001350,292001354,1782868412223954,False,True
173452196,0.70300000,2793.29000000,292001355,292001359,1782868415204991,True,True
173452197,0.70200000,25.53000000,292001360,292001360,1782868415953436,True,True
173452198,0.70300000,1219.47000000,292001361,292001364,1782868416182226,False,True
173452199,0.70400000,299.87000000,292001365,292001374,1782868417417728,False,True
173452200,0.70400000,121.61000000,292001375,292001375,1782868417417940,False,True
173452201,0.70400000,41.80000000,292001376,292001376,1782868417418115,False,True
173452202,0.70400000,418.21000000,292001377,292001378,1782868417418268,False,True
173452203,0.70400000,784.73000000,292001379,292001379,1782868418782801,True,True
173452204,0.70400000,113.72000000,292001380,292001380,1782868418786229,True,True
173452205,0.70400000,7.61000000,292001381,292001381,1782868418789366,True,True
173452206,0.70400000,467.09000000,292001382,292001382,1782868423278317,False,True
173452207,0.70400000,64.90000000,292001383,292001385,1782868423281104,False,True
173452208,0.70400000,130.00000000,292001386,292001386,1782868426179994,True,True
173452209,0.70500000,30.67000000,292001387,292001390,1782868427726965,False,True
173452210,0.70500000,16.19000000,292001391,292001393,1782868428662348,False,True
173452211,0.70500000,21.86000000,292001394,292001396,1782868428675318,False,True
173452212,0.70600000,186.98000000,292001397,292001399,1782868429925619,False,True
173452213,0.70600000,11.92000000,292001400,292001401,1782868429927668,False,True
173452214,0.70600000,7.59000000,292001402,292001402,1782868429956539,True,True
173452215,0.70700000,415.25000000,292001403,292001409,1782868433950414,False,True
173452216,0.70800000,221.58000000,292001410,292001416,1782868437021648,False,True
173452217,0.70800000,58.21000000,292001417,292001417,1782868437030660,True,True
173452218,0.70900000,378.84000000,292001418,292001421,1782868440427726,False,True
173452219,0.70900000,75.49000000,292001422,292001422,1782868440430848,False,True
173452220,0.70900000,14.11000000,292001423,292001423,1782868440431876,False,True
173452221,0.70900000,63.93000000,292001424,292001424,1782868440433092,False,True
173452222,0.70900000,119.53000000,292001425,292001428,1782868440450465,False,True
173452223,0.70900000,12.62000000,292001429,292001429,1782868440761115,True,True
173452224,0.70900000,14.04000000,292001430,292001430,1782868441000258,True,True
173452225,0.71000000,103.77000000,292001431,292001433,1782868441468071,False,True
173452226,0.71000000,213.58000000,292001434,292001438,1782868441468333,False,True
173452227,0.71000000,112.00000000,292001439,292001443,1782868441468706,False,True
173452228,0.71000000,112.51000000,292001444,292001444,1782868441470535,True,True
173452229,0.71000000,58.21000000,292001445,292001445,1782868441471972,True,True
173452230,0.71000000,9.05000000,292001446,292001446,1782868443579099,True,True
173452231,0.71100000,220.08000000,292001447,292001451,1782868445430350,False,True
173452232,0.71100000,22.59000000,292001452,292001454,1782868446250875,False,True
173452233,0.71100000,2081.25000000,292001455,292001456,1782868446261215,True,True
173452234,0.71100000,27.50000000,292001457,292001457,1782868446775745,False,True
173452235,0.71000000,914.49000000,292001458,292001458,1782868447171982,True,True
173452236,0.71000000,137.92000000,292001459,292001459,1782868447233306,True,True
173452237,0.71000000,142.89000000,292001460,292001460,1782868447235118,True,True
173452238,0.71000000,139.65000000,292001461,292001461,1782868447235242,True,True
173452239,0.71000000,120.21000000,292001462,292001466,1782868447236078,True,True
173452240,0.70900000,23.19000000,292001467,292001469,1782868450788284,True,True
173452241,0.70800000,461.98000000,292001470,292001476,1782868453827356,True,True
173452242,0.70800000,14.11000000,292001477,292001477,1782868453828475,True,True
173452243,0.70800000,1033.64000000,292001478,292001483,1782868453829325,True,True
173452244,0.70800000,16700.24000000,292001484,292001491,1782868460952175,False,True
173452245,0.70900000,16467.42000000,292001492,292001507,1782868460976190,False,True
173452246,0.70900000,1430.63000000,292001508,292001508,1782868460978790,True,True
173452247,0.70800000,1430.63000000,292001509,292001510,1782868460978790,True,True
173452248,0.70800000,85.47000000,292001511,292001512,1782868460999120,True,True
173452249,0.70900000,150.00000000,292001513,292001516,1782868461705808,False,True
173452250,0.70800000,104.65000000,292001517,292001518,1782868464503278,True,True
173452251,0.70800000,10944.15000000,292001519,292001530,1782868477395417,False,True
173452252,0.70700000,21.52000000,292001531,292001531,1782868478220042,True,True
173452253,0.70800000,28.37000000,292001532,292001535,1782868479589344,False,True
173452254,0.70700000,31.02000000,292001536,292001539,1782868486433870,True,True
173452255,0.70700000,22.71000000,292001540,292001542,1782868486975070,False,True
173452256,0.70800000,43.64000000,292001543,292001547,1782868491796881,False,True
173452257,0.70800000,200.00000000,292001548,292001548,1782868499061813,True,True
173452258,0.70900000,32.20000000,292001549,292001553,1782868499717168,False,True
173452259,0.71000000,466.17000000,292001554,292001563,1782868501563418,False,True
173452260,0.71000000,7.56000000,292001564,292001564,1782868501563568,False,True
173452261,0.71000000,36.65000000,292001565,292001568,1782868502775463,False,True
173452262,0.71000000,107.17000000,292001569,292001570,1782868506101856,True,True
173452263,0.71000000,121.61000000,292001571,292001571,1782868506102042,True,True
173452264,0.71000000,47.03000000,292001572,292001573,1782868506107079,True,True
173452265,0.71000000,33.12000000,292001574,292001577,1782868506975320,False,True
173452266,0.71100000,1450.36000000,292001578,292001588,1782868508935856,False,True
173452267,0.71200000,53.12000000,292001589,292001591,1782868511002396,False,True
173452268,0.71200000,244.50000000,292001592,292001597,1782868511005058,False,True
173452269,0.71200000,7.54000000,292001598,292001598,1782868511008263,False,True
173452270,0.71200000,134.22000000,292001599,292001599,1782868511495021,True,True
173452271,0.71100000,15.40000000,292001600,292001601,1782868513665034,True,True
173452272,0.71000000,206.30000000,292001602,292001606,1782868514945796,True,True
173452273,0.71000000,29.70000000,292001607,292001610,1782868515359191,False,True
173452274,0.71100000,164.71000000,292001611,292001615,1782868518800705,False,True
173452275,0.71100000,196.18000000,292001616,292001616,1782868519194017,True,True
173452276,0.71100000,7.54000000,292001617,292001617,1782868519196918,True,True
173452277,0.71100000,22.62000000,292001618,292001620,1782868519550210,False,True
173452278,0.71100000,396.09000000,292001621,292001621,1782868519809382,True,True
173452279,0.71100000,240.02000000,292001622,292001622,1782868519810626,True,True
173452280,0.71100000,110.42000000,292001623,292001623,1782868519810713,True,True
173452281,0.71100000,86.06000000,292001624,292001624,1782868519810845,True,True
173452282,0.71100000,165.18000000,292001625,292001626,1782868519812777,True,True
173452283,0.71100000,15.06000000,292001627,292001628,1782868520478613,False,True
173452284,0.71100000,7.53000000,292001629,292001629,1782868520479164,False,True
173452285,0.71200000,1282.96000000,292001630,292001630,1782868528265901,False,True
173452286,0.71100000,202.97000000,292001631,292001633,1782868531136919,True,True
173452287,0.71100000,253.31000000,292001634,292001634,1782868531136947,True,True
173452288,0.71100000,89.31000000,292001635,292001635,1782868531137005,True,True
173452289,0.71100000,40.59000000,292001636,292001636,1782868531137032,True,True
173452290,0.71100000,64.11000000,292001637,292001637,1782868531137324,True,True
173452291,0.71100000,276.04000000,292001638,292001638,1782868531137484,True,True
173452292,0.71100000,15.74000000,292001639,292001641,1782868531450005,False,True
173452293,0.71100000,15.07000000,292001642,292001644,1782868531466299,False,True
173452294,0.71100000,15.01000000,292001645,292001647,1782868531469807,False,True
173452295,0.71100000,6.89000000,292001648,292001648,1782868531475211,False,True
173452296,0.71100000,22.59000000,292001649,292001651,1782868536025089,False,True
173452297,0.71200000,1055.00000000,292001652,292001658,1782868540471189,False,True
173452298,0.71200000,1415.10000000,292001659,292001659,1782868540471212,False,True
173452299,0.71200000,1406.70000000,292001660,292001660,1782868540471217,False,True
173452300,0.71200000,1415.10000000,292001661,292001661,1782868540471219,False,True
173452301,0.71200000,1055.00000000,292001662,292001666,1782868540471350,False,True
173452302,0.71200000,1406.70000000,292001667,292001667,1782868540471382,False,True
173452303,0.71200000,521.09000000,292001668,292001669,1782868540471478,False,True
173452304,0.71300000,533.91000000,292001670,292001670,1782868540471478,False,True
173452305,0.71300000,1415.10000000,292001671,292001672,1782868540471515,False,True
173452306,0.71300000,1415.10000000,292001673,292001674,1782868540471730,False,True
173452307,0.71300000,121.58000000,292001675,292001678,1782868541736151,False,True
173452308,0.71300000,296.45000000,292001679,292001682,1782868541950628,False,True
173452309,0.71300000,14.11000000,292001683,292001683,1782868542716426,True,True
173452310,0.71300000,70.91000000,292001684,292001684,1782868542717654,True,True
173452311,0.71400000,15.36000000,292001685,292001686,1782868547782902,False,True
173452312,0.71300000,7.52000000,292001687,292001687,1782868548280830,True,True
173452313,0.71300000,14.02000000,292001688,292001688,1782868555839347,False,True
173452314,0.71200000,15.35000000,292001689,292001690,1782868560507900,True,True
173452315,0.71100000,169.16000000,292001691,292001693,1782868565535895,True,True
173452316,0.71100000,58.36000000,292001694,292001695,1782868565536495,True,True
173452317,0.71100000,364.23000000,292001696,292001697,1782868565536664,True,True
173452318,0.71100000,44.90000000,292001698,292001701,1782868568475467,False,True
173452319,0.71000000,271.32000000,292001702,292001708,1782868578546944,True,True
173452320,0.70900000,23.19000000,292001709,292001711,1782868584374354,True,True
173452321,0.70900000,15.78000000,292001712,292001714,1782868585392543,False,True
173452322,0.70900000,21.99000000,292001715,292001717,1782868585400752,False,True
173452323,0.70900000,40.01000000,292001718,292001718,1782868586723883,True,True
173452324,0.70900000,22.65000000,292001719,292001721,1782868587725038,False,True
173452325,0.70900000,30.01000000,292001722,292001722,1782868591503117,True,True
173452326,0.70800000,1956.72000000,292001723,292001731,1782868593128828,True,True
173452327,0.70800000,58.25000000,292001732,292001732,1782868593139379,False,True
173452328,0.70800000,58.21000000,292001733,292001733,1782868593142043,False,True
173452329,0.70800000,58.25000000,292001734,292001734,1782868593145347,False,True
173452330,0.70800000,15.87000000,292001735,292001737,1782868594070049,False,True
173452331,0.70800000,408.43000000,292001738,292001739,1782868596533620,True,True
173452332,0.70800000,685.33000000,292001740,292001743,1782868599899999,False,True
173452333,0.70700000,404.19000000,292001744,292001748,1782868611367087,True,True
173452334,0.70700000,14.15000000,292001749,292001750,1782868611983619,False,True
173452335,0.70700000,22.73000000,292001751,292001753,1782868613175339,False,True
173452336,0.70700000,16.88000000,292001754,292001754,1782868614263730,True,True
173452337,0.70700000,20.23000000,292001755,292001756,1782868614281624,True,True
173452338,0.70700000,22.71000000,292001757,292001759,1782868614800421,False,True
173452339,0.70700000,29.70000000,292001760,292001761,1782868615808046,True,True
173452340,0.70700000,185.69000000,292001762,292001762,1782868615809806,True,True
173452341,0.70700000,204.18000000,292001763,292001763,1782868615811456,True,True
173452342,0.70700000,185.69000000,292001764,292001765,1782868615812689,True,True
173452343,0.70700000,41.06000000,292001766,292001768,1782868617984557,False,True
173452344,0.70700000,2844.00000000,292001769,292001771,1782868618608207,False,True
173452345,0.70700000,9.08000000,292001772,292001773,1782868619231956,False,True
173452346,0.70700000,21.24000000,292001774,292001776,1782868619331701,False,True
173452347,0.70800000,0.72000000,292001777,292001777,1782868619331701,False,True
173452348,0.70800000,8.65000000,292001778,292001778,1782868619419596,False,True
173452349,0.70800000,14.37000000,292001779,292001779,1782868619497657,False,True
173452350,0.70800000,8.64000000,292001780,292001781,1782868619567479,False,True
173452351,0.70700000,7.57000000,292001782,292001782,1782868621905074,True,True
173452352,0.70700000,15.85000000,292001783,292001785,1782868622686055,False,True
173452353,0.70700000,15.11000000,292001786,292001788,1782868622693257,False,True
173452354,0.70700000,15.83000000,292001789,292001791,1782868622698147,False,True
173452355,0.70700000,15.25000000,292001792,292001794,1782868622723837,False,True
173452356,0.70700000,21.91000000,292001795,292001797,1782868622725443,False,True
173452357,0.70800000,25876.42000000,292001798,292001814,1782868624256004,False,True
173452358,0.70700000,46.48000000,292001815,292001817,1782868625049096,True,True
173452359,0.70800000,22.71000000,292001818,292001820,1782868626075344,False,True
173452360,0.70800000,1442.57000000,292001821,292001822,1782868626203421,True,True
173452361,0.70900000,293.66000000,292001823,292001823,1782868628524673,False,True
173452362,0.70900000,16.69000000,292001824,292001825,1782868628526653,False,True
173452363,0.70900000,27.94000000,292001826,292001826,1782868628527611,False,True
173452364,0.70900000,45.20000000,292001827,292001831,1782868628540469,False,True
173452365,0.70900000,20.89000000,292001832,292001834,1782868628550139,False,True
173452366,0.70900000,1429.47000000,292001835,292001835,1782868628896600,True,True
173452367,0.70900000,67.33000000,292001836,292001839,1782868629200505,False,True
173452368,0.71000000,84.80000000,292001840,292001840,1782868635442625,False,True
173452369,0.70900000,904.81000000,292001841,292001843,1782868637749873,True,True
173452370,0.70900000,12.38000000,292001844,292001844,1782868637755732,True,True
173452371,0.70900000,15.79000000,292001845,292001847,1782868639552871,False,True
173452372,0.70900000,21.98000000,292001848,292001850,1782868639600221,False,True
173452373,0.71000000,47.47000000,292001851,292001851,1782868640330477,False,True
173452374,0.71000000,34.16000000,292001852,292001854,1782868640380930,False,True
173452375,0.71000000,89.12000000,292001855,292001855,1782868640385628,False,True
173452376,0.71000000,33.30000000,292001856,292001856,1782868640386047,False,True
173452377,0.71000000,40.80000000,292001857,292001858,1782868640386318,False,True
173452378,0.71000000,31.86000000,292001859,292001863,1782868640387164,False,True
173452379,0.71000000,7.54000000,292001864,292001864,1782868642197071,True,True
173452380,0.70900000,662.10000000,292001865,292001867,1782868654705034,True,True
173452381,0.70900000,93.81000000,292001868,292001868,1782868654705872,True,True
173452382,0.70900000,276.61000000,292001869,292001872,1782868666151846,False,True
173452383,0.70900000,9.28000000,292001873,292001873,1782868668477379,True,True
173452384,0.70900000,22.65000000,292001874,292001876,1782868669500333,False,True
173452385,0.70900000,290.12000000,292001877,292001880,1782868683292238,False,True
173452386,0.70900000,50.09000000,292001881,292001881,1782868683508903,False,True
173452387,0.70900000,184.01000000,292001882,292001882,1782868683508926,False,True
173452388,0.70900000,15.90000000,292001883,292001885,1782868683513042,False,True
173452389,0.70900000,6.77000000,292001886,292001886,1782868683729151,False,True
173452390,0.71000000,260.94000000,292001887,292001892,1782868695275201,False,True
173452391,0.71000000,800.53000000,292001893,292001894,1782868697658454,True,True
173452392,0.71000000,50.17000000,292001895,292001898,1782868703105789,False,True
173452393,0.71000000,1298.34000000,292001899,292001901,1782868704159005,True,True
173452394,0.70900000,7.89000000,292001902,292001902,1782868709588242,True,True
173452395,0.70900000,22.65000000,292001903,292001905,1782868710000287,False,True
173452396,0.71000000,250.00000000,292001906,292001906,1782868712254763,False,True
173452397,0.70900000,97.73000000,292001907,292001907,1782868713360757,True,True
173452398,0.71000000,57.37000000,292001908,292001912,1782868714442611,False,True
173452399,0.71000000,12.39000000,292001913,292001915,1782868714445869,False,True
173452400,0.71000000,6.86000000,292001916,292001916,1782868714447359,False,True
173452401,0.71000000,769.20000000,292001917,292001918,1782868717258364,True,True
173452402,0.71000000,189.40000000,292001919,292001922,1782868717402944,False,True
173452403,0.71000000,23.35000000,292001923,292001925,1782868717608314,False,True
173452404,0.71000000,7.54000000,292001926,292001926,1782868717608573,False,True
173452405,0.71100000,307.29000000,292001927,292001932,1782868730815941,False,True
173452406,0.71100000,30.00000000,292001933,292001933,1782868746342757,False,True
173452407,0.71100000,984.84000000,292001934,292001937,1782868746395543,False,True
173452408,0.71200000,70.22000000,292001938,292001938,1782868763101875,False,True
173452409,0.71200000,284.51000000,292001939,292001946,1782868763775443,False,True
173452410,0.71200000,2317.44000000,292001947,292001951,1782868766523003,False,True
173452411,0.71200000,7.52000000,292001952,292001952,1782868766523568,False,True
173452412,0.71200000,644.91000000,292001953,292001953,1782868766528794,True,True
