19519275,0.00332000,74834.30000000,31598314,31598316,1782864036088238,True,True
19519276,0.00332000,3007.50000000,31598317,31598317,1782864036091383,True,True
19519277,0.00333000,2960.60000000,31598318,31598318,1782864074996138,False,True
19519278,0.00333000,73349.90000000,31598319,31598322,1782864849735168,False,True
19519279,0.00333000,64914.30000000,31598323,31598324,1782864849735308,False,True
19519280,0.00333000,200000.00000000,31598325,31598326,1782865151292579,True,True
19519281,0.00333000,142917.50000000,31598327,31598328,1782865151292794,True,True
19519282,0.00333000,14748.30000000,31598329,31598329,1782865151292883,True,True
19519283,0.00332000,53001.30000000,31598330,31598332,1782865312607034,True,True
19519284,0.00331000,70864.20000000,31598333,31598336,1782865684811615,True,True
19519285,0.00331000,6300.00000000,31598337,31598337,1782865695188353,False,True
19519286,0.00332000,188235.00000000,31598338,31598339,1782865871075933,False,True
19519287,0.00332000,2377.00000000,31598340,31598340,1782865925076954,True,True
19519288,0.00332000,1678.00000000,31598341,31598341,1782865941877580,True,True
19519289,0.00332000,18660.50000000,31598342,31598342,1782865941879307,True,True
19519290,0.00332000,1611.00000000,31598343,31598343,1782866016758509,False,True
19519291,0.00332000,23419.90000000,31598344,31598345,1782866029908734,False,True
19519292,0.00332000,4683.90000000,31598346,31598346,1782866029913179,False,True
19519293,0.00332000,31646.00000000,31598347,31598348,1782866138717288,True,True
19519294,0.00331000,2957.60000000,31598349,31598349,1782867682498277,True,True
19519295,0.00331000,106922.70000000,31598350,31598351,1782867686280558,True,True
19519296,0.00330000,18686.10000000,31598352,31598352,1782867943570285,True,True
19519297,0.00330000,61178.00000000,31598353,31598354,1782867960137275,False,True
19519298,0.00330000,39706.00000000,31598355,31598355,1782867960137419,False,True
19519299,0.00330000,40757.00000000,31598356,31598357,1782867960137735,False,True
19519300,0.00330000,24164.20000000,31598358,31598358,1782867960137902,False,True
19519301,0.00331000,16427.80000000,31598359,31598359,1782867960137902,False,True
19519302,0.00331000,60959.00000000,31598360,31598361,1782867960147491,False,True
19519303,0.00331000,27387.00000000,31598362,31598362,1782867960152308,False,True
19519304,0.00329000,69923.30000000,31598363,31598366,1782868234437995,True,True
19519305,0.00329000,2601.70000000,31598367,31598367,1782868234517171,False,True
19519306,0.00329000,7598.70000000,31598368,31598368,1782868349076998,False,True
19519307,0.00328000,62713.00000000,31598369,31598371,1782868364888475,True,True
19519308,0.00327000,35712.00000000,31598372,31598372,1782868365069914,True,True
19519309,0.00327000,25651.00000000,31598373,31598373,1782868365070774,True,True
19519310,0.00327000,53031.00000000,31598374,31598375,1782868365073689,True,True
19519311,0.00327000,35302.00000000,31598376,31598376,1782868365224794,True,True
19519312,0.00327000,35362.00000000,31598377,31598378,1782868365345447,True,True
19519313,0.00327000,12214.00000000,31598379,31598379,1782868365363499,True,True
19519314,0.00327000,15087.00000000,31598380,31598381,1782868365374952,True,True
19519315,0.00327000,27554.00000000,31598382,31598383,1782868369713373,True,True
19519316,0.00327000,53579.00000000,31598384,31598384,1782868369714324,True,True
19519317,0.00327000,41043.20000000,31598385,31598386,1782868369715539,True,True
19519318,0.00326000,200000.00000000,31598387,31598389,1782868388494633,True,True
19519319,0.00326000,211306.10000000,31598390,31598394,1782868388494668,True,True
19519320,0.00326000,174251.90000000,31598395,31598398,1782868389103060,False,True
19519321,0.00326000,17425.10000000,31598399,31598399,1782868389106064,False,True
19519322,0.00326000,17425.10000000,31598400,31598400,1782868389106168,False,True
19519323,0.00326000,0.10000000,31598401,31598401,1782868389106528,False,True
19519324,0.00326000,3072.00000000,31598402,31598402,1782868389108860,False,True
19519325,0.00326000,3897.90000000,31598403,31598403,1782868389660340,False,True
19519326,0.00327000,2782.50000000,31598404,31598404,1782868389660340,False,True
19519327,0.00326000,6380.30000000,31598405,31598405,1782868389672854,True,True
19519328,0.00326000,6380.30000000,31598406,31598406,1782868389675897,True,True
19519329,0.00325000,1709.00000000,31598407,31598407,1782868395442283,True,True
19519330,0.00325000,24390.80000000,31598408,31598408,1782868404986893,True,True
19519331,0.00325000,4779.00000000,31598409,31598411,1782868404989107,False,True
19519332,0.00325000,37370.60000000,31598412,31598412,1782868406069058,False,True
19519333,0.00325000,8870.20000000,31598413,31598413,1782868413142332,False,True
19519334,0.00325000,2639.30000000,31598414,31598414,1782868423419238,True,True
19519335,0.00326000,5103.80000000,31598415,31598415,1782868426688665,False,True
19519336,0.00326000,140000.00000000,31598416,31598418,1782868429532485,False,True
19519337,0.00326000,123605.50000000,31598419,31598419,1782868429534254,False,True
19519338,0.00326000,25962.40000000,31598420,31598420,1782868429534464,False,True
19519339,0.00326000,50313.90000000,31598421,31598422,1782868429539837,False,True
19519340,0.00326000,120000.00000000,31598423,31598423,1782868429544784,False,True
19519341,0.00327000,134037.60000000,31598424,31598426,1782868440521600,False,True
19519342,0.00327000,140000.00000000,31598427,31598427,1782868440521714,False,True
19519343,0.00327000,37594.90000000,31598428,31598428,1782868440522973,False,True
19519344,0.00327000,23008.50000000,31598429,31598429,1782868453885727,True,True
19519345,0.00327000,16736.80000000,31598430,31598430,1782868498578684,False,True
19519346,0.00328000,201004.60000000,31598431,31598433,1782868509103325,False,True
19519347,0.00328000,198797.00000000,31598434,31598436,1782868509103691,False,True
19519348,0.00328000,33164.00000000,31598437,31598438,1782868509105309,False,True
19519349,0.00328000,15853.50000000,31598439,31598439,1782868509109580,True,True
19519350,0.00328000,16146.40000000,31598440,31598440,1782868509109732,True,True
19519351,0.00328000,89343.60000000,31598441,31598442,1782868514481785,True,True
19519352,0.00327000,41780.90000000,31598443,31598444,1782868580948147,True,True
19519353,0.00327000,15313.90000000,31598445,31598446,1782868725823514,False,True
19519354,0.00327000,14322.50000000,31598447,31598448,1782868725973769,False,True
19519355,0.00327000,34397.80000000,31598449,31598449,1782868731243997,False,True
19519356,0.00327000,6879.50000000,31598450,31598450,1782868731247326,False,True
19519357,0.00328000,76201.50000000,31598451,31598452,1782868963398308,False,True
19519358,0.00328000,76201.50000000,31598453,31598454,1782868963398564,False,True
19519359,0.00328000,194958.40000000,31598455,31598455,1782868963400712,False,True
19519360,0.00328000,14748.30000000,31598456,31598456,1782868980072955,True,True
19519361,0.00328000,108403.10000000,31598457,31598458,1782868980073021,True,True
19519362,0.00328000,200000.00000000,31598459,31598464,1782868980073319,True,True
19519363,0.00328000,61439.60000000,31598465,31598467,1782869276958698,False,True
19519364,0.00328000,17487.00000000,31598468,31598468,1782869276960214,False,True
19519365,0.00328000,14975.10000000,31598469,31598469,1782869276960354,False,True
19519366,0.00328000,174495.50000000,31598470,31598474,1782869288552595,True,True
19519367,0.00328000,3974.90000000,31598475,31598475,1782869310669398,False,True
19519368,0.00328000,13129.80000000,31598476,31598476,1782869310669995,False,True
19519369,0.00328000,75583.30000000,31598477,31598480,1782869351676728,False,True
19519370,0.00328000,15647.00000000,31598481,31598481,1782869351678541,False,True
19519371,0.00328000,2290.10000000,31598482,31598482,1782869377310638,False,True
19519372,0.00328000,2290.10000000,31598483,31598483,1782869392808104,False,True
19519373,0.00328000,80927.00000000,31598484,31598487,1782869414589430,False,True
19519374,0.00328000,27591.80000000,31598488,31598488,1782869422676890,False,True
19519375,0.00328000,3908.20000000,31598489,31598489,1782869422821116,False,True
19519376,0.00328000,6622.00000000,31598490,31598491,1782869433803725,False,True
19519377,0.00328000,119000.00000000,31598492,31598496,1782869514917617,True,True
19519378,0.00328000,6626.00000000,31598497,31598497,1782869550480033,False,True
19519379,0.00328000,20928.00000000,31598498,31598499,1782869551441567,False,True
19519380,0.00328000,125298.30000000,31598500,31598500,1782869551441997,False,True
19519381,0.00328000,58798.00000000,31598501,31598501,1782869551443275,False,True
19519382,0.00328000,279338.40000000,31598502,31598504,1782869551443801,False,True
19519383,0.00328000,5403.10000000,31598505,31598505,1782869551445273,False,True
19519384,0.00328000,42740.90000000,31598506,31598506,1782869551446909,False,True
19519385,0.00328000,3864.90000000,31598507,31598507,1782869563714970,False,True
19519386,0.00328000,3858.70000000,31598508,31598508,1782869570346769,False,True
19519387,0.00328000,23762.00000000,31598509,31598510,1782869599654029,True,True
19519388,0.00328000,2290.10000000,31598511,31598511,1782869905177484,False,True
19519389,0.00328000,2290.10000000,31598512,31598512,1782869905177742,False,True
19519390,0.00328000,2290.10000000,31598513,31598513,1782869905177905,False,True
19519391,0.00328000,2290.10000000,31598514,31598514,1782869905178003,False,True
19519392,0.00328000,2290.10000000,31598515,31598515,1782869905178008,False,True
19519393,0.00328000,780.00000000,31598516,31598516,1782869905178061,False,True
19519394,0.00328000,4190.00000000,31598517,31598518,1782869910581509,False,True
19519395,0.00328000,4709.60000000,31598519,31598519,1782869914961722,False,True
19519396,0.00329000,2283.20000000,31598520,31598520,1782869946252380,False,True
19519397,0.00329000,2283.20000000,31598521,31598521,1782869946252389,False,True
19519398,0.00329000,2283.20000000,31598522,31598522,1782869946252698,False,True
19519399,0.00329000,200000.00000000,31598523,31598527,1782869946259640,False,True
19519400,0.00329000,135021.90000000,31598528,31598528,1782869946265117,False,True
19519401,0.00329000,298.30000000,31598529,31598529,1782869946268114,False,True
19519402,0.00330000,2276.20000000,31598530,31598530,1782869969079910,False,True
19519403,0.00330000,14531.10000000,31598531,31598531,1782869969227848,False,True
19519404,0.00330000,140000.00000000,31598532,31598532,1782869969233471,False,True
19519405,0.00330000,13830.40000000,31598533,31598533,1782869969255620,False,True
19519406,0.00330000,49535.80000000,31598534,31598534,1782869969272058,False,True
19519407,0.00330000,89686.10000000,31598535,31598535,1782869973479135,True,True
19519408,0.00330000,19992.40000000,31598536,31598536,1782869974501674,True,True
19519409,0.00330000,20098.40000000,31598537,31598537,1782869976989807,True,True
19519410,0.00331000,83461.00000000,31598538,31598538,1782870072612190,True,True
19519411,0.00331000,12971.10000000,31598539,31598540,1782870347185528,True,True
19519412,0.00331000,9444.90000000,31598541,31598541,1782870347187358,True,True
19519413,0.00330000,124015.80000000,31598542,31598545,1782870612629589,True,True
19519414,0.00330000,1500.40000000,31598546,31598546,1782870687991000,False,True
19519415,0.00330000,32763.80000000,31598547,31598549,1782871566351091,True,True
19519416,0.00330000,78160.20000000,31598550,31598551,1782871582078333,False,True
19519417,0.00331000,16376.00000000,31598552,31598552,1782871608025645,False,True
19519418,0.00330000,4274.10000000,31598553,31598553,1782871859614863,True,True
19519419,0.00331000,53799.20000000,31598554,31598555,1782872269769411,True,True
19519420,0.00331000,76851.50000000,31598556,31598559,1782872485682826,False,True
19519421,0.00331000,6049.60000000,31598560,31598560,1782872984303556,True,True
19519422,0.00331000,6049.60000000,31598561,31598561,1782873274183449,True,True
19519423,0.00332000,27620.00000000,31598562,31598562,1782874173870771,False,True
19519424,0.00332000,9918.00000000,31598563,31598564,1782874174261495,False,True
19519425,0.00331000,1686.70000000,31598565,31598565,1782874174357997,True,True
19519426,0.00332000,16004.00000000,31598566,31598566,1782874185836199,False,True
19519427,0.00332000,49413.00000000,31598567,31598567,1782874186357414,False,True
19519428,0.00332000,15745.00000000,31598568,31598568,1782874186947893,False,True
19519429,0.00332000,28712.00000000,31598569,31598570,1782874187368044,False,True
19519430,0.00332000,134729.00000000,31598571,31598578,1782874188375026,False,True
19519431,0.00332000,16004.00000000,31598579,31598579,1782874188927581,False,True
19519432,0.00332000,33989.00000000,31598580,31598580,1782874189872072,False,True
19519433,0.00332000,24968.00000000,31598581,31598582,1782874190442649,False,True
19519434,0.00331000,120000.00000000,31598583,31598585,1782874202628180,True,True
19519435,0.00331000,72891.20000000,31598586,31598589,1782874203178292,True,True
19519436,0.00331000,2968.90000000,31598590,31598590,1782874247721792,True,True
19519437,0.00332000,11108.00000000,31598591,31598591,1782874405789948,False,True
19519438,0.00332000,45517.00000000,31598592,31598592,1782874407225519,False,True
19519439,0.00332000,17558.00000000,31598593,31598593,1782874408229287,False,True
19519440,0.00332000,25829.00000000,31598594,31598595,1782874409226094,False,True
19519441,0.00332000,23855.00000000,31598596,31598597,1782874410228109,False,True
19519442,0.00332000,108979.00000000,31598598,31598608,1782874411255777,False,True
19519443,0.00332000,16004.00000000,31598609,31598609,1782874412267981,False,True
19519444,0.00332000,25410.00000000,31598610,31598610,1782874413273289,False,True
19519445,0.00332000,7996.00000000,31598611,31598611,1782874657447491,False,True
19519446,0.00332000,31947.00000000,31598612,31598612,1782874658254128,False,True
19519447,0.00332000,80914.00000000,31598613,31598615,1782874659252490,False,True
19519448,0.00332000,16004.00000000,31598616,31598618,1782874660287141,False,True
19519449,0.00332000,20808.00000000,31598619,31598621,1782874661297450,False,True
19519450,0.00331000,2817.40000000,31598622,31598622,1782874811340337,True,True
19519451,0.00332000,6024.00000000,31598623,31598623,1782874966079078,False,True
19519452,0.00332000,6024.00000000,31598624,31598624,1782874968887065,False,True
19519453,0.00332000,6024.00000000,31598625,31598625,1782874977078673,False,True
19519454,0.00332000,6024.00000000,31598626,31598626,1782874978070506,False,True
19519455,0.00332000,6024.00000000,31598627,31598627,1782874979094437,False,True
19519456,0.00332000,3024.80000000,31598628,31598628,1782875062882034,True,True
19519457,0.00333000,120000.00000000,31598629,31598629,1782875256143891,False,True
19519458,0.00333000,157993.00000000,31598630,31598631,1782875258355640,True,True
19519459,0.00332000,87623.80000000,31598632,31598632,1782875797573448,True,True
19519460,0.00333000,24283.10000000,31598633,31598633,1782877028843516,False,True
19519461,0.00333000,83635.60000000,31598634,31598634,1782877615809511,False,True
19519462,0.00334000,15053.00000000,31598635,31598635,1782877939258576,False,True
19519463,0.00334000,22323.70000000,31598636,31598636,1782877939260327,False,True
19519464,0.00334000,10615.00000000,31598637,31598637,1782877939260712,False,True
19519465,0.00333000,1785.70000000,31598638,31598638,1782877941021212,True,True
19519466,0.00335000,3950.00000000,31598639,31598639,1782877969104134,False,True
19519467,0.00335000,3950.00000000,31598640,31598640,1782877969108423,False,True
19519468,0.00334000,140000.50000000,31598641,31598645,1782878055557070,True,True
19519469,0.00334000,13636.90000000,31598646,31598646,1782878454078252,True,True
19519470,0.00334000,2625.40000000,31598647,31598647,1782878958581848,False,True
19519471,0.00333000,189515.70000000,31598648,31598650,1782880600243923,True,True
19519472,0.00333000,80773.70000000,31598651,31598652,1782880619883304,True,True
19519473,0.00332000,1587.70000000,31598653,31598653,1782880637820093,True,True
19519474,0.00333000,31500.00000000,31598654,31598654,1782880893541031,False,True
19519475,0.00333000,62650.20000000,31598655,31598655,1782880964554450,False,True
19519476,0.00333000,225325.10000000,31598656,31598659,1782880965266602,True,True
19519477,0.00333000,101942.80000000,31598660,31598661,1782880968785061,False,True
19519478,0.00334000,117475.00000000,31598662,31598663,1782881288063394,False,True
19519479,0.00335000,792374.00000000,31598664,31598674,1782881288063394,False,True
19519480,0.00335000,40000.00000000,31598675,31598676,1782881288510688,False,True
19519481,0.00334000,59003.40000000,31598677,31598677,1782882561854094,True,True
19519482,0.00334000,20167.20000000,31598678,31598678,1782882561880394,True,True
19519483,0.00333000,200000.00000000,31598679,31598683,1782883294601714,True,True
19519484,0.00333000,150697.00000000,31598684,31598684,1782883294606867,True,True
19519485,0.00333000,14748.30000000,31598685,31598685,1782883294609642,True,True
19519486,0.00333000,82279.40000000,31598686,31598688,1782883688749619,True,True
19519487,0.00332000,1996.60000000,31598689,31598689,1782884451421521,True,True
19519488,0.00332000,7803.40000000,31598690,31598690,1782884866417862,True,True
19519489,0.00333000,44143.40000000,31598691,31598693,1782884956021844,False,True
19519490,0.00333000,20643.80000000,31598694,31598694,1782885179476769,True,True
19519491,0.00332000,4924.00000000,31598695,31598695,1782885670253895,True,True
19519492,0.00332000,7375.40000000,31598696,31598696,1782885750481060,True,True
19519493,0.00332000,2255.70000000,31598697,31598697,1782885798686783,True,True
19519494,0.00332000,143719.90000000,31598698,31598700,1782885798688850,True,True
19519495,0.00332000,6024.10000000,31598701,31598701,1782886806353829,False,True
19519496,0.00331000,1613.30000000,31598702,31598702,1782886822522444,True,True
19519497,0.00331000,19012.70000000,31598703,31598703,1782886822523916,True,True
19519498,0.00331000,3126.80000000,31598704,31598704,1782886869292499,False,True
19519499,0.00330000,20813.70000000,31598705,31598705,1782886933554094,True,True
19519500,0.00330000,2269.30000000,31598706,31598706,1782886971339639,True,True
19519501,0.00330000,2269.30000000,31598707,31598707,1782886971342191,True,True
19519502,0.00330000,2269.30000000,31598708,31598708,1782886971342195,True,True
19519503,0.00330000,2269.30000000,31598709,31598709,1782886989219097,True,True
19519504,0.00330000,2269.30000000,31598710,31598710,1782886989219118,True,True
19519505,0.00330000,2269.30000000,31598711,31598711,1782886989219149,True,True
19519506,0.00330000,14424.40000000,31598712,31598712,1782887114309550,True,True
19519507,0.00329000,37543.00000000,31598713,31598713,1782887870146359,True,True
19519508,0.00329000,349752.20000000,31598714,31598720,1782887870146413,True,True
19519509,0.00328000,49898.00000000,31598721,31598721,1782887870147588,True,True
19519510,0.00328000,12355.00000000,31598722,31598722,1782887870147605,True,True
19519511,0.00328000,27387.00000000,31598723,31598724,1782887870149077,True,True
19519512,0.00329000,88242.30000000,31598725,31598725,1782887870150474,False,True
19519513,0.00328000,41850.70000000,31598726,31598726,1782888373207571,True,True
19519514,0.00327000,14097.30000000,31598727,31598727,1782888373207571,True,True
19519515,0.00327000,56351.00000000,31598728,31598728,1782888373207648,True,True
19519516,0.00329000,31500.00000000,31598729,31598729,1782888656538945,True,True
19519517,0.00328000,10683.00000000,31598730,31598730,1782889089971219,True,True
19519518,0.00329000,40209.10000000,31598731,31598731,1782889167425899,False,True
19519519,0.00328000,6448.00000000,31598732,31598732,1782889449776294,True,True
19519520,0.00329000,2112.80000000,31598733,31598733,1782889526249065,False,True
19519521,0.00328000,106196.10000000,31598734,31598735,1782889538516407,True,True
19519522,0.00328000,52820.60000000,31598736,31598737,1782889538530334,True,True
19519523,0.00328000,1595.20000000,31598738,31598738,1782889538584158,True,True
19519524,0.00327000,4656.00000000,31598739,31598739,1782889552656460,True,True
19519525,0.00328000,31500.00000000,31598740,31598740,1782889563959003,True,True
19519526,0.00328000,31500.00000000,31598741,31598741,1782889568962472,True,True
19519527,0.00328000,4904.00000000,31598742,31598742,1782889572481110,True,True
19519528,0.00327000,5046.00000000,31598743,31598743,1782889609080852,True,True
19519529,0.00327000,4904.00000000,31598744,31598744,1782889654841849,True,True
19519530,0.00328000,90968.30000000,31598745,31598745,1782889943183011,False,True
19519531,0.00328000,65780.00000000,31598746,31598747,1782891078294051,False,True
19519532,0.00328000,53548.00000000,31598748,31598748,1782891078294163,False,True
19519533,0.00328000,65780.00000000,31598749,31598750,1782891078294223,False,True
19519534,0.00328000,27554.00000000,31598751,31598751,1782891078294487,False,True
19519535,0.00328000,42712.60000000,31598752,31598752,1782891078294489,False,True
19519536,0.00329000,10835.40000000,31598753,31598753,1782891078294489,False,True
19519537,0.00329000,21981.10000000,31598754,31598754,1782891603964445,True,True
19519538,0.00329000,106000.00000000,31598755,31598756,1782892437431278,True,True
19519539,0.00328000,120000.00000000,31598757,31598759,1782892857040211,True,True
19519540,0.00328000,45983.90000000,31598760,31598762,1782892857143884,True,True
19519541,0.00328000,18355.00000000,31598763,31598763,1782892934493035,True,True
19519542,0.00328000,30916.40000000,31598764,31598764,1782892977386810,False,True
19519543,0.00328000,156699.70000000,31598765,31598765,1782892982672820,False,True
19519544,0.00328000,140000.00000000,31598766,31598766,1782892982673414,False,True
19519545,0.00328000,64162.90000000,31598767,31598768,1782892982674509,False,True
19519546,0.00328000,8959.20000000,31598769,31598769,1782892982674674,False,True
19519547,0.00329000,2283.20000000,31598770,31598770,1782893087011468,False,True
19519548,0.00329000,44219.00000000,31598771,31598772,1782893251292558,False,True
19519549,0.00329000,2431.60000000,31598773,31598773,1782893256216454,False,True
19519550,0.00328000,30332.90000000,31598774,31598776,1782894030071566,True,True
19519551,0.00328000,1514.70000000,31598777,31598777,1782894049190824,False,True
19519552,0.00328000,120796.60000000,31598778,31598779,1782894426237166,False,True
19519553,0.00328000,19101.00000000,31598780,31598781,1782894482722143,True,True
19519554,0.00328000,11422.40000000,31598782,31598782,1782894488710218,False,True
19519555,0.00327000,2989.70000000,31598783,31598783,1782895044718783,True,True
19519556,0.00328000,13046.00000000,31598784,31598784,1782895124180193,False,True
19519557,0.00328000,8640.00000000,31598785,31598785,1782895124180852,False,True
19519558,0.00328000,4406.00000000,31598786,31598786,1782895137479285,False,True
19519559,0.00328000,6382.00000000,31598787,31598787,1782895137479445,False,True
19519560,0.00328000,5028.00000000,31598788,31598788,1782895137481923,False,True
19519561,0.00328000,3707.00000000,31598789,31598789,1782895137483616,False,True
19519562,0.00328000,3076.00000000,31598790,31598790,1782895137486387,False,True
19519563,0.00328000,2612.00000000,31598791,31598791,1782895137490584,False,True
19519564,0.00328000,2226.00000000,31598792,31598792,1782895137490773,False,True
19519565,0.00328000,1620.00000000,31598793,31598793,1782895140649870,False,True
19519566,0.00328000,10583.00000000,31598794,31598794,1782895140653008,False,True
19519567,0.00328000,704.30000000,31598795,31598795,1782895140653268,False,True
19519568,0.00329000,1620.70000000,31598796,31598796,1782895140653268,False,True
19519569,0.00329000,11288.00000000,31598797,31598798,1782895140654945,False,True
19519570,0.00328000,3018.00000000,31598799,31598799,1782895330201646,True,True
19519571,0.00329000,9244.00000000,31598800,31598800,1782896224551069,False,True
19519572,0.00329000,51230.50000000,31598801,31598803,1782896224552786,False,True
19519573,0.00330000,9244.00000000,31598804,31598804,1782896224552941,False,True
19519574,0.00329000,120000.00000000,31598805,31598806,1782896236153173,True,True
19519575,0.00330000,63292.80000000,31598807,31598808,1782896502125816,False,True
19519576,0.00330000,63383.70000000,31598809,31598811,1782896508638531,False,True
19519577,0.00329000,23394.90000000,31598812,31598812,1782896512291829,True,True
19519578,0.00329000,25328.10000000,31598813,31598814,1782896517869499,True,True
19519579,0.00329000,39436.20000000,31598815,31598815,1782896523928905,True,True
19519580,0.00329000,26974.40000000,31598816,31598817,1782896525699198,True,True
19519581,0.00329000,10907.60000000,31598818,31598818,1782896531901241,True,True
19519582,0.00330000,32540.60000000,31598819,31598819,1782896536937682,False,True
19519583,0.00330000,32107.30000000,31598820,31598820,1782896541617624,False,True
19519584,0.00330000,30848.20000000,31598821,31598821,1782896549048134,False,True
19519585,0.00330000,30037.40000000,31598822,31598822,1782896553828259,False,True
19519586,0.00329000,31501.30000000,31598823,31598824,1782896557528086,True,True
19519587,0.00329000,31186.40000000,31598825,31598826,1782896568534206,True,True
19519588,0.00329000,18874.10000000,31598827,31598827,1782896569368461,True,True
19519589,0.00329000,20698.60000000,31598828,31598828,1782896579796971,True,True
19519590,0.00329000,23107.70000000,31598829,31598829,1782896596978407,True,True
19519591,0.00330000,62435.30000000,31598830,31598832,1782896642901342,False,True
19519592,0.00329000,17552.60000000,31598833,31598834,1782896654130495,True,True
19519593,0.00329000,32046.00000000,31598835,31598835,1782896662172358,True,True
19519594,0.00329000,12958.40000000,31598836,31598836,1782896668762532,True,True
19519595,0.00330000,24922.00000000,31598837,31598837,1782896678077244,False,True
19519596,0.00330000,62428.00000000,31598838,31598839,1782896681196314,False,True
19519597,0.00330000,37383.00000000,31598840,31598840,1782896685570891,False,True
19519598,0.00329000,22535.60000000,31598841,31598841,1782896689619743,True,True
19519599,0.00329000,22435.50000000,31598842,31598842,1782896698115417,True,True
19519600,0.00329000,61749.80000000,31598843,31598845,1782896702262034,True,True
19519601,0.00329000,17451.60000000,31598846,31598847,1782896710218903,True,True
19519602,0.00330000,30750.60000000,31598848,31598849,1782896719784039,False,True
19519603,0.00330000,33572.50000000,31598850,31598850,1782896723197131,False,True
19519604,0.00330000,30750.60000000,31598851,31598852,1782896727526977,False,True
19519605,0.00330000,28598.80000000,31598853,31598854,1782896734745622,False,True
19519606,0.00329000,45927.00000000,31598855,31598855,1782896737214260,True,True
19519607,0.00329000,15975.10000000,31598856,31598856,1782896743998381,True,True
19519608,0.00329000,61662.50000000,31598857,31598859,1782896759024004,True,True
19519609,0.00330000,19652.50000000,31598860,31598860,1782896773256201,False,True
19519610,0.00330000,61652.80000000,31598861,31598862,1782896773659127,False,True
19519611,0.00330000,28815.60000000,31598863,31598863,1782896781112907,False,True
19519612,0.00329000,31493.80000000,31598864,31598865,1782896784288380,True,True
19519613,0.00330000,12946.10000000,31598866,31598866,1782896791186160,False,True
19519614,0.00329000,29956.10000000,31598867,31598867,1782896792307159,True,True
19519615,0.00329000,33466.80000000,31598868,31598868,1782896800229105,True,True
19519616,0.00330000,109866.80000000,31598869,31598870,1782896801386310,False,True
19519617,0.00331000,61017.50000000,31598871,31598872,1782896802565387,False,True
19519618,0.00330000,19602.90000000,31598873,31598873,1782896810742946,True,True
19519619,0.00330000,41239.60000000,31598874,31598874,1782896825217360,True,True
19519620,0.00330000,52000.00000000,31598875,31598875,1782896835622841,True,True
19519621,0.00330000,28223.80000000,31598876,31598876,1782896858555845,True,True
19519622,0.00331000,60598.00000000,31598877,31598878,1782896870118629,False,True
19519623,0.00331000,35578.20000000,31598879,31598879,1782896874199985,False,True
19519624,0.00330000,18895.70000000,31598880,31598880,1782896881054268,True,True
19519625,0.00330000,35469.40000000,31598881,31598882,1782896886123175,True,True
19519626,0.00330000,31123.10000000,31598883,31598883,1782896888997334,True,True
19519627,0.00329000,10825.80000000,31598884,31598884,1782896897549354,True,True
19519628,0.00330000,44348.20000000,31598885,31598885,1782896908668549,False,True
19519629,0.00331000,16353.20000000,31598886,31598886,1782896915467193,False,True
19519630,0.00329000,60142.60000000,31598887,31598888,1782896927651194,True,True
19519631,0.00330000,21564.10000000,31598889,31598889,1782896936911964,False,True
19519632,0.00330000,38336.30000000,31598890,31598890,1782896944634112,False,True
19519633,0.00330000,61275.50000000,31598891,31598892,1782896951226288,False,True
19519634,0.00329000,45336.00000000,31598893,31598894,1782896955694135,True,True
19519635,0.00329000,32633.40000000,31598895,31598895,1782896962996458,True,True
19519636,0.00329000,14960.90000000,31598896,31598896,1782896963858596,True,True
19519637,0.00329000,28649.70000000,31598897,31598898,1782896974988241,True,True
19519638,0.00330000,12611.30000000,31598899,31598899,1782896976977814,False,True
19519639,0.00330000,24414.50000000,31598900,31598901,1782896985825399,False,True
19519640,0.00329000,12622.30000000,31598902,31598902,1782896989072294,True,True
19519641,0.00330000,36621.80000000,31598903,31598903,1782896996283818,False,True
19519642,0.00329000,19604.70000000,31598904,31598904,1782897005516728,True,True
19519643,0.00329000,25829.20000000,31598905,31598906,1782897013762844,True,True
19519644,0.00329000,15672.50000000,31598907,31598907,1782897027516134,True,True
19519645,0.00330000,32864.50000000,31598908,31598908,1782897036027931,False,True
19519646,0.00329000,32660.00000000,31598909,31598910,1782897048724170,True,True
19519647,0.00330000,36919.80000000,31598911,31598911,1782897095294652,False,True
19519648,0.00330000,23604.50000000,31598912,31598912,1782897106032607,False,True
19519649,0.00329000,23709.50000000,31598913,31598913,1782897114466722,True,True
19519650,0.00329000,22250.50000000,31598914,31598914,1782897122797280,True,True
19519651,0.00329000,14685.30000000,31598915,31598916,1782897142055236,True,True
19519652,0.00330000,58211.40000000,31598917,31598918,1782897156987413,False,True
19519653,0.00331000,2183.00000000,31598919,31598919,1782897156987413,False,True
19519654,0.00329000,30846.00000000,31598920,31598920,1782897169457039,True,True
19519655,0.00329000,29340.00000000,31598921,31598921,1782897179604042,True,True
19519656,0.00330000,20380.80000000,31598922,31598922,1782897189734686,False,True
19519657,0.00330000,23737.70000000,31598923,31598923,1782897201067515,False,True
19519658,0.00330000,15825.10000000,31598924,31598924,1782897209089639,False,True
19519659,0.00330000,62895.10000000,31598925,31598927,1782897228157050,False,True
19519660,0.00329000,59578.20000000,31598928,31598929,1782897233362453,True,True
19519661,0.00330000,26108.80000000,31598930,31598930,1782897241949396,False,True
19519662,0.00329000,26417.70000000,31598931,31598931,1782897261688905,True,True
19519663,0.00329000,24504.50000000,31598932,31598933,1782897267441450,True,True
19519664,0.00329000,27212.60000000,31598934,31598934,1782897274191197,True,True
19519665,0.00329000,11003.90000000,31598935,31598935,1782897280757247,True,True
19519666,0.00330000,30609.50000000,31598936,31598936,1782897295074990,False,True
19519667,0.00330000,31859.00000000,31598937,31598938,1782897302608532,False,True
19519668,0.00329000,31258.60000000,31598939,31598939,1782897311205280,True,True
19519669,0.00329000,30946.00000000,31598940,31598941,1782897321288544,True,True
19519670,0.00330000,24781.60000000,31598942,31598942,1782897348038432,False,True
19519671,0.00330000,31500.00000000,31598943,31598943,1782897357158061,False,True
19519672,0.00331000,5655.30000000,31598944,31598944,1782897357158061,False,True
19519673,0.00330000,47262.50000000,31598945,31598945,1782897365600838,True,True
19519674,0.00329000,14775.80000000,31598946,31598946,1782897373786740,True,True
19519675,0.00330000,1909.00000000,31598947,31598947,1782897409643582,False,True
19519676,0.00329000,1884.40000000,31598948,31598948,1782897416754368,True,True
19519677,0.00330000,61931.50000000,31598949,31598949,1782897452793358,False,True
19519678,0.00330000,21706.60000000,31598950,31598950,1782897459639736,True,True
19519679,0.00330000,30637.30000000,31598951,31598951,1782897467433553,True,True
19519680,0.00330000,9578.20000000,31598952,31598953,1782897474599999,True,True
19519681,0.00331000,30219.90000000,31598954,31598955,1782897483306312,False,True
19519682,0.00330000,20795.20000000,31598956,31598956,1782897509054480,True,True
19519683,0.00329000,9188.30000000,31598957,31598958,1782897509054480,True,True
19519684,0.00331000,61288.70000000,31598959,31598959,1782897532852375,False,True
19519685,0.00330000,23381.50000000,31598960,31598960,1782897541137024,True,True
19519686,0.00330000,27467.10000000,31598961,31598961,1782897549139306,True,True
19519687,0.00330000,10574.90000000,31598962,31598962,1782897557455998,True,True
19519688,0.00331000,23247.10000000,31598963,31598964,1782897578508119,False,True
19519689,0.00331000,37929.60000000,31598965,31598965,1782897585308044,False,True
19519690,0.00330000,45916.70000000,31598966,31598967,1782897593484544,True,True
19519691,0.00330000,15152.60000000,31598968,31598969,1782897603572764,True,True
19519692,0.00331000,3347.00000000,31598970,31598970,1782897614083951,False,True
19519693,0.00331000,60823.90000000,31598971,31598971,1782897647018366,False,True
19519694,0.00330000,23148.10000000,31598972,31598972,1782897654536407,True,True
19519695,0.00330000,24549.20000000,31598973,31598973,1782897662920961,True,True
19519696,0.00330000,13086.60000000,31598974,31598974,1782897672903533,True,True
19519697,0.00331000,30875.20000000,31598975,31598976,1782897685207763,False,True
19519698,0.00331000,29664.50000000,31598977,31598978,1782897693459891,False,True
19519699,0.00330000,24244.50000000,31598979,31598979,1782897703580760,True,True
19519700,0.00330000,36003.20000000,31598980,31598981,1782897712190498,True,True
19519701,0.00331000,45604.20000000,31598982,31598982,1782897721545316,False,True
19519702,0.00330000,22961.10000000,31598983,31598984,1782897731551078,True,True
19519703,0.00330000,22731.60000000,31598985,31598985,1782897740571469,True,True
19519704,0.00331000,62150.70000000,31598986,31598987,1782897743805044,False,True
19519705,0.00331000,24563.30000000,31598988,31598994,1782897749782389,False,True
19519706,0.00330000,29181.60000000,31598995,31598995,1782897756657716,True,True
19519707,0.00330000,18576.20000000,31598996,31598996,1782897759666986,True,True
19519708,0.00330000,6130.20000000,31598997,31598998,1782897766663300,True,True
19519709,0.00330000,32577.80000000,31598999,31599000,1782897768016909,True,True
19519710,0.00331000,41212.50000000,31599001,31599006,1782897779592335,False,True
19519711,0.00331000,20298.70000000,31599007,31599007,1782897791399086,False,True
19519712,0.00330000,27182.60000000,31599008,31599008,1782897800737782,True,True
19519713,0.00330000,20757.70000000,31599009,31599009,1782897808146173,True,True
19519714,0.00330000,13700.10000000,31599010,31599010,1782897819181152,True,True
19519715,0.00331000,36835.60000000,31599011,31599011,1782897829621124,False,True
19519716,0.00330000,36567.80000000,31599012,31599013,1782897842952439,True,True
19519717,0.00331000,60978.00000000,31599014,31599016,1782897904151047,False,True
19519718,0.00330000,27377.00000000,31599017,31599020,1782897914744688,True,True
19519719,0.00329000,201.80000000,31599021,31599021,1782897914744688,True,True
19519720,0.00330000,33370.50000000,31599022,31599024,1782897927935932,True,True
19519721,0.00331000,39457.40000000,31599025,31599025,1782897937454344,False,True
19519722,0.00331000,21246.40000000,31599026,31599026,1782897946240993,False,True
19519723,0.00330000,29590.50000000,31599027,31599031,1782897969734180,True,True
19519724,0.00329000,30779.90000000,31599032,31599033,1782897969734180,True,True
19519725,0.00331000,22813.20000000,31599034,31599034,1782897979144042,False,True
19519726,0.00331000,28660.70000000,31599035,31599035,1782897986829947,False,True
19519727,0.00331000,8561.00000000,31599036,31599037,1782897996886152,False,True
19519728,0.00330000,59978.80000000,31599038,31599039,1782898010161216,True,True
19519729,0.00331000,37634.80000000,31599040,31599040,1782898018785117,False,True
19519730,0.00331000,62770.80000000,31599041,31599042,1782898031195710,False,True
19519731,0.00330000,37821.00000000,31599043,31599044,1782898032925458,True,True
19519732,0.00331000,28092.80000000,31599045,31599045,1782898043179909,False,True
19519733,0.00330000,62080.90000000,31599046,31599046,1782898049638148,True,True
19519734,0.00330000,28162.20000000,31599047,31599047,1782898055700666,True,True
19519735,0.00331000,30915.70000000,31599048,31599049,1782898058957275,False,True
19519736,0.00331000,30915.80000000,31599050,31599050,1782898067616256,False,True
19519737,0.00330000,3337.80000000,31599051,31599051,1782898075334116,True,True
19519738,0.00329000,17877.10000000,31599052,31599052,1782898075334116,True,True
19519739,0.00329000,31298.20000000,31599053,31599053,1782898081308947,True,True
19519740,0.00329000,9784.80000000,31599054,31599054,1782898091381339,True,True
19519741,0.00330000,59909.30000000,31599055,31599055,1782898104629180,False,True
19519742,0.00330000,31500.00000000,31599056,31599056,1782898117147801,False,True
19519743,0.00331000,30464.80000000,31599057,31599057,1782898117147801,False,True
19519744,0.00330000,28864.20000000,31599058,31599058,1782898117228891,True,True
19519745,0.00330000,22514.20000000,31599059,31599059,1782898126491776,True,True
19519746,0.00330000,24180.60000000,31599060,31599060,1782898127047617,True,True
19519747,0.00329000,28744.00000000,31599061,31599062,1782898135445257,True,True
19519748,0.00329000,8667.90000000,31599063,31599063,1782898139676749,True,True
19519749,0.00329000,8986.30000000,31599064,31599064,1782898144631897,True,True
19519750,0.00330000,28181.20000000,31599065,31599066,1782898150279034,False,True
19519751,0.00330000,11741.50000000,31599067,31599067,1782898153681490,False,True
19519752,0.00331000,18452.60000000,31599068,31599068,1782898153681490,False,True
19519753,0.00331000,31682.80000000,31599069,31599070,1782898159215975,False,True
19519754,0.00331000,31389.60000000,31599071,31599071,1782898160965733,False,True
19519755,0.00330000,59292.80000000,31599072,31599072,1782898173487756,True,True
19519756,0.00330000,31500.00000000,31599073,31599073,1782898173588322,True,True
19519757,0.00329000,10396.80000000,31599074,31599074,1782898173588322,True,True
19519758,0.00329000,19518.90000000,31599075,31599075,1782898181920237,True,True
19519759,0.00331000,36023.20000000,31599076,31599076,1782898189150252,False,True
19519760,0.00331000,23031.30000000,31599077,31599078,1782898201591829,False,True
19519761,0.00331000,43365.80000000,31599079,31599080,1782898203951595,False,True
19519762,0.00331000,17712.80000000,31599081,31599081,1782898210701831,False,True
19519763,0.00330000,32180.90000000,31599082,31599083,1782898211775103,True,True
19519764,0.00330000,22649.40000000,31599084,31599084,1782898219547493,True,True
19519765,0.00330000,27139.30000000,31599085,31599085,1782898222956501,True,True
19519766,0.00330000,26610.10000000,31599086,31599086,1782898226725178,True,True
19519767,0.00330000,11835.70000000,31599087,31599087,1782898236480327,True,True
19519768,0.00331000,60849.70000000,31599088,31599089,1782898264412486,False,True
19519769,0.00330000,29845.10000000,31599090,31599090,1782898273804069,True,True
19519770,0.00331000,59081.90000000,31599091,31599096,1782898287227874,False,True
19519771,0.00330000,30752.60000000,31599097,31599098,1782898296074939,True,True
19519772,0.00330000,30241.40000000,31599099,31599099,1782898296425214,True,True
19519773,0.00330000,28765.00000000,31599100,31599100,1782898307564846,True,True
19519774,0.00331000,18106.20000000,31599101,31599105,1782898310429933,False,True
19519775,0.00331000,42248.10000000,31599106,31599108,1782898317410507,False,True
19519776,0.00331000,35261.50000000,31599109,31599109,1782898319043669,False,True
19519777,0.00330000,36362.70000000,31599110,31599111,1782898327810370,True,True
19519778,0.00331000,23507.80000000,31599112,31599113,1782898330780109,False,True
19519779,0.00330000,23999.50000000,31599114,31599114,1782898335127636,True,True
19519780,0.00330000,20650.40000000,31599115,31599115,1782898340446044,True,True
19519781,0.00331000,19839.40000000,31599116,31599116,1782898342309918,False,True
19519782,0.00330000,21859.90000000,31599117,31599118,1782898348206030,True,True
19519783,0.00330000,14444.60000000,31599119,31599119,1782898353128974,True,True
19519784,0.00330000,16325.90000000,31599120,31599120,1782898360027006,True,True
19519785,0.00330000,5561.20000000,31599121,31599121,1782898370728123,True,True
19519786,0.00331000,58599.80000000,31599122,31599122,1782898378629911,False,True
19519787,0.00330000,9612.90000000,31599123,31599123,1782898387906038,True,True
19519788,0.00329000,16804.80000000,31599124,31599124,1782898387906038,True,True
19519789,0.00330000,20588.10000000,31599125,31599125,1782898390855030,True,True
19519790,0.00329000,31965.50000000,31599126,31599127,1782898397468618,True,True
19519791,0.00331000,28898.70000000,31599128,31599129,1782898398455277,False,True
19519792,0.00331000,31306.90000000,31599130,31599131,1782898407025223,False,True
19519793,0.00331000,31900.70000000,31599132,31599132,1782898407525884,False,True
19519794,0.00330000,31869.80000000,31599133,31599133,1782898417775533,True,True
19519795,0.00330000,33035.00000000,31599134,31599135,1782898418296900,True,True
19519796,0.00329000,26564.60000000,31599136,31599136,1782898418296900,True,True
19519797,0.00331000,59280.00000000,31599137,31599137,1782898428152993,False,True
19519798,0.00330000,21536.10000000,31599138,31599138,1782898436034488,True,True
19519799,0.00330000,27949.20000000,31599139,31599139,1782898443103844,True,True
19519800,0.00330000,10234.00000000,31599140,31599140,1782898450723942,True,True
19519801,0.00331000,23196.90000000,31599141,31599141,1782898463099489,False,True
19519802,0.00331000,36282.40000000,31599142,31599149,1782898471954436,False,True
19519803,0.00330000,22618.80000000,31599150,31599150,1782898480492287,True,True
19519804,0.00330000,30939.20000000,31599151,31599152,1782898488792887,True,True
19519805,0.00329000,5596.20000000,31599153,31599153,1782898488792887,True,True
19519806,0.00331000,23559.80000000,31599154,31599154,1782898496344007,False,True
19519807,0.00330000,16733.70000000,31599155,31599155,1782898510564503,True,True
19519808,0.00330000,7099.80000000,31599156,31599156,1782898519504842,True,True
19519809,0.00331000,5187.00000000,31599157,31599157,1782898537282852,False,True
19519810,0.00329000,631764.50000000,31599158,31599166,1782898564045759,True,True
19519811,0.00330000,8117.00000000,31599167,31599167,1782898728187026,False,True
19519812,0.00330000,63632.40000000,31599168,31599169,1782899037465460,False,True
19519813,0.00329000,63568.70000000,31599170,31599170,1782899043133512,True,True
19519814,0.00330000,63312.60000000,31599171,31599172,1782899048451052,False,True
19519815,0.00329000,63249.30000000,31599173,31599175,1782899054390658,True,True
19519816,0.00330000,62994.60000000,31599176,31599176,1782899059183539,False,True
19519817,0.00329000,62931.60000000,31599177,31599178,1782899063725857,True,True
19519818,0.00330000,62678.20000000,31599179,31599181,1782899068336576,False,True
19519819,0.00329000,62615.50000000,31599182,31599182,1782899075279034,True,True
19519820,0.00330000,62363.30000000,31599183,31599184,1782899128272519,False,True
19519821,0.00329000,62301.00000000,31599185,31599186,1782899133021912,True,True
19519822,0.00330000,31500.00000000,31599187,31599187,1782899179708373,False,True
19519823,0.00331000,30422.30000000,31599188,31599188,1782899179708373,False,True
19519824,0.00329000,38353.40000000,31599189,31599189,1782899190734103,True,True
19519825,0.00329000,23271.90000000,31599190,31599191,1782899201993229,True,True
19519826,0.00330000,34984.90000000,31599192,31599193,1782899212824918,False,True
19519827,0.00330000,14779.60000000,31599194,31599194,1782899230163635,False,True
19519828,0.00330000,11612.60000000,31599195,31599195,1782899246125188,False,True
19519829,0.00329000,35699.40000000,31599196,31599196,1782899258588197,True,True
19519830,0.00329000,9306.50000000,31599197,31599197,1782899303644804,True,True
19519831,0.00329000,11746.80000000,31599198,31599198,1782899311681441,True,True
19519832,0.00329000,4750.10000000,31599199,31599199,1782899326816654,True,True
19519833,0.00330000,62050.10000000,31599200,31599201,1782899347038298,False,True
19519834,0.00329000,61988.00000000,31599202,31599206,1782899351822859,True,True
19519835,0.00330000,61738.40000000,31599207,31599207,1782899356400595,False,True
19519836,0.00329000,61676.70000000,31599208,31599209,1782899364079035,True,True
19519837,0.00330000,61428.30000000,31599210,31599214,1782899369461792,False,True
19519838,0.00330000,38590.70000000,31599215,31599215,1782899374000779,False,True
19519839,0.00329000,61366.90000000,31599216,31599217,1782899374180224,True,True
19519840,0.00330000,61119.70000000,31599218,31599223,1782899381863257,False,True
19519841,0.00329000,61058.50000000,31599224,31599229,1782899385784162,True,True
19519842,0.00329000,38214.10000000,31599230,31599231,1782899389517640,True,True
19519843,0.00330000,60812.60000000,31599232,31599232,1782899390935122,False,True
19519844,0.00329000,60751.80000000,31599233,31599234,1782899395948294,True,True
19519845,0.00330000,60507.20000000,31599235,31599238,1782899414422981,False,True
19519846,0.00329000,60446.70000000,31599239,31599240,1782899419054739,True,True
19519847,0.00330000,60203.20000000,31599241,31599241,1782899425050433,False,True
19519848,0.00330000,60730.60000000,31599242,31599245,1782899429081480,False,True
19519849,0.00329000,60143.00000000,31599246,31599246,1782899433984310,True,True
19519850,0.00329000,21841.10000000,31599247,31599249,1782899439867078,True,True
19519851,0.00330000,59900.80000000,31599250,31599253,1782899442080906,False,True
19519852,0.00330000,60724.60000000,31599254,31599255,1782899447685274,False,True
19519853,0.00329000,23685.50000000,31599256,31599259,1782899450261660,True,True
19519854,0.00329000,36019.40000000,31599260,31599260,1782899457935713,True,True
19519855,0.00329000,59840.90000000,31599261,31599263,1782899465614544,True,True
19519856,0.00329000,14991.80000000,31599264,31599264,1782899466031599,True,True
19519857,0.00330000,59599.90000000,31599265,31599266,1782899471126648,False,True
19519858,0.00329000,24780.10000000,31599267,31599267,1782899474850561,True,True
19519859,0.00330000,30137.30000000,31599268,31599268,1782899475930887,False,True
19519860,0.00329000,59540.30000000,31599269,31599271,1782899477142024,True,True
19519861,0.00330000,30137.40000000,31599272,31599276,1782899483720889,False,True
19519862,0.00330000,42388.20000000,31599277,31599277,1782899486626506,False,True
19519863,0.00329000,44670.70000000,31599278,31599278,1782899495047650,True,True
19519864,0.00330000,18166.40000000,31599279,31599282,1782899497571371,False,True
19519865,0.00329000,15538.20000000,31599283,31599283,1782899506761128,True,True
19519866,0.00329000,60136.90000000,31599284,31599289,1782899511616474,True,True
19519867,0.00330000,16190.90000000,31599290,31599290,1782899519634421,False,True
19519868,0.00329000,5226.10000000,31599291,31599291,1782899527917059,True,True
19519869,0.00329000,8329.20000000,31599292,31599292,1782899535578054,True,True
19519870,0.00330000,30546.30000000,31599293,31599293,1782899538418160,False,True
19519871,0.00329000,2748.60000000,31599294,31599294,1782899545920396,True,True
19519872,0.00330000,29348.40000000,31599295,31599296,1782899556876135,False,True
19519873,0.00330000,212612.20000000,31599297,31599299,1782899559417603,False,True
19519874,0.00330000,257336.80000000,31599300,31599300,1782899559418850,True,True
19519875,0.00330000,2244.50000000,31599301,31599301,1782899559421451,True,True
19519876,0.00330000,22363.60000000,31599302,31599302,1782899565601182,True,True
19519877,0.00331000,30514.50000000,31599303,31599304,1782899579899974,False,True
19519878,0.00330000,25893.50000000,31599305,31599306,1782899582257214,True,True
19519879,0.00331000,29317.90000000,31599307,31599307,1782899586890881,False,True
19519880,0.00330000,20930.10000000,31599308,31599308,1782899595924442,True,True
19519881,0.00330000,12063.30000000,31599309,31599309,1782899604611986,True,True
19519882,0.00330000,38481.50000000,31599310,31599310,1782899609102871,True,True
19519883,0.00331000,59172.90000000,31599311,31599311,1782899617215914,False,True
19519884,0.00331000,49864.80000000,31599312,31599313,1782899621870350,False,True
19519885,0.00330000,21420.80000000,31599314,31599315,1782899626068882,True,True
19519886,0.00330000,27418.80000000,31599316,31599317,1782899633478634,True,True
19519887,0.00330000,49437.50000000,31599318,31599318,1782899634371815,True,True
19519888,0.00330000,10556.20000000,31599319,31599319,1782899644196462,True,True
19519889,0.00331000,43776.30000000,31599320,31599320,1782899654548121,False,True
19519890,0.00331000,15380.80000000,31599321,31599321,1782899662552495,False,True
19519891,0.00330000,29602.30000000,31599322,31599323,1782899674935199,True,True
19519892,0.00330000,29306.30000000,31599324,31599324,1782899687374123,True,True
19519893,0.00331000,27575.80000000,31599325,31599326,1782899728970736,False,True
19519894,0.00330000,18098.70000000,31599327,31599327,1782899743798762,True,True
19519895,0.00331000,59452.10000000,31599328,31599329,1782899746390300,False,True
19519896,0.00330000,14468.80000000,31599330,31599330,1782899748998807,True,True
19519897,0.00330000,9648.10000000,31599331,31599331,1782899755379511,True,True
19519898,0.00330000,31742.70000000,31599332,31599333,1782899757092119,True,True
19519899,0.00330000,27867.80000000,31599334,31599334,1782899774216083,True,True
19519900,0.00331000,58731.40000000,31599335,31599336,1782899790107794,False,True
19519901,0.00331000,33841.40000000,31599337,31599338,1782899791420267,False,True
19519902,0.00330000,17631.00000000,31599339,31599339,1782899800053877,True,True
19519903,0.00331000,25529.60000000,31599340,31599340,1782899803900660,False,True
19519904,0.00330000,25917.60000000,31599341,31599342,1782899810266099,True,True
19519905,0.00330000,58997.20000000,31599343,31599343,1782899820882910,True,True
19519906,0.00330000,15069.30000000,31599344,31599345,1782899824087801,True,True
19519907,0.00331000,26442.00000000,31599346,31599346,1782899830609262,False,True
19519908,0.00331000,58382.40000000,31599347,31599348,1782899835886563,False,True
19519909,0.00331000,22299.50000000,31599349,31599349,1782899839957846,False,True
19519910,0.00330000,43857.10000000,31599350,31599351,1782899844298474,True,True
19519911,0.00331000,10018.60000000,31599352,31599352,1782899849001577,False,True
19519912,0.00330000,14472.90000000,31599353,31599353,1782899858088904,True,True
19519913,0.00330000,34392.40000000,31599354,31599354,1782899860387204,True,True
19519914,0.00331000,28466.80000000,31599355,31599356,1782899869481229,False,True
19519915,0.00330000,24655.80000000,31599357,31599357,1782899873461967,True,True
19519916,0.00330000,14292.20000000,31599358,31599359,1782899879447261,True,True
19519917,0.00331000,35874.70000000,31599360,31599361,1782899883597743,False,True
19519918,0.00330000,14149.40000000,31599362,31599362,1782899889877237,True,True
19519919,0.00330000,31500.00000000,31599363,31599363,1782899898712234,True,True
19519920,0.00329000,4227.00000000,31599364,31599364,1782899898712234,True,True
19519921,0.00330000,58131.80000000,31599365,31599365,1782899929931662,False,True
19519922,0.00329000,20375.80000000,31599366,31599367,1782899939044613,True,True
19519923,0.00331000,58507.00000000,31599368,31599368,1782899958283087,False,True
19519924,0.00329000,37462.40000000,31599369,31599371,1782899958607946,True,True
19519925,0.00330000,21759.40000000,31599372,31599373,1782899965589434,True,True
19519926,0.00330000,19636.50000000,31599374,31599374,1782899976392328,True,True
19519927,0.00331000,28141.30000000,31599375,31599376,1782899977257231,False,True
19519928,0.00331000,29289.90000000,31599377,31599378,1782899985393108,False,True
19519929,0.00330000,17239.30000000,31599379,31599379,1782899988298454,True,True
19519930,0.00331000,26279.80000000,31599380,31599380,1782899997659132,False,True
19519931,0.00330000,57174.60000000,31599381,31599381,1782900001032151,True,True
19519932,0.00331000,22162.60000000,31599382,31599382,1782900008572067,False,True
19519933,0.00331000,18222.30000000,31599383,31599383,1782900012297665,False,True
19519934,0.00331000,9957.20000000,31599384,31599384,1782900019509694,False,True
19519935,0.00331000,38722.60000000,31599385,31599386,1782900020179698,False,True
19519936,0.00330000,28732.70000000,31599387,31599387,1782900029498869,True,True
19519937,0.00330000,28445.50000000,31599388,31599388,1782900040747805,True,True
19519938,0.00331000,28474.20000000,31599389,31599392,1782900050451312,False,True
19519939,0.00330000,56951.40000000,31599393,31599393,1782900056234188,True,True
19519940,0.00329000,978.80000000,31599394,31599394,1782900056234188,True,True
19519941,0.00330000,20104.60000000,31599395,31599395,1782900060587019,True,True
19519942,0.00329000,1445.20000000,31599396,31599396,1782900060587019,True,True
19519943,0.00331000,31155.00000000,31599397,31599405,1782900067929923,False,True
19519944,0.00330000,7111.40000000,31599406,31599406,1782900069688759,True,True
19519945,0.00329000,31391.90000000,31599407,31599407,1782900081960351,True,True
19519946,0.00329000,119000.00000000,31599408,31599409,1782901291887602,True,True
19519947,0.00329000,27972.00000000,31599410,31599414,1782901316140703,True,True
19519948,0.00330000,56986.40000000,31599415,31599416,1782901410265340,False,True
19519949,0.00329000,18217.40000000,31599417,31599418,1782901418596408,True,True
19519950,0.00329000,26711.20000000,31599419,31599421,1782901425773887,True,True
19519951,0.00329000,11880.80000000,31599422,31599423,1782901437621467,True,True
19519952,0.00330000,28290.30000000,31599424,31599424,1782901446346813,False,True
19519953,0.00330000,28290.30000000,31599425,31599425,1782901452566335,False,True
19519954,0.00329000,43049.40000000,31599426,31599430,1782901460712539,True,True
19519955,0.00329000,582.60000000,31599431,31599431,1782901474699967,True,True
19519956,0.00328000,12876.00000000,31599432,31599432,1782901474699967,True,True
19519957,0.00330000,24183.80000000,31599433,31599434,1782901484140643,False,True
19519958,0.00329000,12633.70000000,31599435,31599435,1782901491220018,True,True
19519959,0.00329000,11545.30000000,31599436,31599436,1782901504534115,True,True
19519960,0.00329000,56309.90000000,31599437,31599438,1782901539983386,False,True
19519961,0.00328000,16347.30000000,31599439,31599439,1782901560345089,True,True
19519962,0.00328000,28816.50000000,31599440,31599440,1782901566874555,True,True
19519963,0.00328000,11094.30000000,31599441,31599441,1782901583456121,True,True
19519964,0.00329000,43143.90000000,31599442,31599443,1782901590585507,False,True
19519965,0.00329000,4768.20000000,31599444,31599444,1782901598245042,False,True
19519966,0.00328000,21109.50000000,31599445,31599445,1782901607915678,True,True
19519967,0.00328000,26598.10000000,31599446,31599447,1782901616584530,True,True
19519968,0.00329000,22809.90000000,31599448,31599449,1782901623268349,False,True
19519969,0.00329000,32824.10000000,31599450,31599450,1782901632087404,False,True
19519970,0.00328000,27923.50000000,31599451,31599451,1782901639250909,True,True
19519971,0.00328000,27644.30000000,31599452,31599452,1782901645347072,True,True
19519972,0.00329000,28225.20000000,31599453,31599453,1782901656338172,False,True
19519973,0.00328000,28191.50000000,31599454,31599455,1782901664162455,True,True
19519974,0.00329000,55196.00000000,31599456,31599467,1782901687517815,False,True
19519975,0.00328000,21615.90000000,31599468,31599469,1782901694465966,True,True
19519976,0.00328000,25019.10000000,31599470,31599471,1782901701389353,True,True
19519977,0.00328000,8702.60000000,31599472,31599472,1782901708152142,True,True
19519978,0.00329000,27005.90000000,31599473,31599474,1782901716316456,False,True
19519979,0.00329000,28108.30000000,31599475,31599475,1782901723006911,False,True
19519980,0.00328000,41360.20000000,31599476,31599477,1782901732458629,True,True
19519981,0.00328000,13648.90000000,31599478,31599478,1782901743276683,True,True
19519982,0.00329000,21914.80000000,31599479,31599479,1782901752785807,False,True
19519983,0.00329000,32872.30000000,31599480,31599480,1782901761437312,False,True
19519984,0.00328000,18655.80000000,31599481,31599481,1782901769928517,True,True
19519985,0.00328000,20280.10000000,31599482,31599484,1782901778448384,True,True
19519986,0.00328000,15775.00000000,31599485,31599487,1782901788297988,True,True
19519987,0.00329000,54490.00000000,31599488,31599490,1782901810864486,False,True
19519988,0.00328000,27297.40000000,31599491,31599492,1782901820446134,True,True
19519989,0.00328000,27024.50000000,31599493,31599493,1782901828059636,True,True
19519990,0.00329000,41659.00000000,31599494,31599494,1782901836186127,False,True
19519991,0.00329000,12443.70000000,31599495,31599495,1782901845476734,False,True
19519992,0.00328000,18469.30000000,31599496,31599496,1782901854515891,True,True
19519993,0.00328000,35493.70000000,31599497,31599498,1782901860979204,True,True
19519994,0.00329000,53745.10000000,31599499,31599500,1782901870397632,False,True
19519995,0.00328000,37294.40000000,31599501,31599501,1782901879276840,True,True
19519996,0.00328000,16587.90000000,31599502,31599502,1782901887030953,True,True
19519997,0.00329000,26295.80000000,31599503,31599503,1782901897766059,False,True
19519998,0.00329000,27369.10000000,31599504,31599504,1782901906937439,False,True
19519999,0.00328000,32805.10000000,31599505,31599506,1782901917546351,True,True
19520000,0.00328000,20764.00000000,31599507,31599507,1782901925399087,True,True
19520001,0.00329000,41081.70000000,31599508,31599508,1782901934899342,False,True
19520002,0.00328000,13612.60000000,31599509,31599509,1782901942506698,True,True
19520003,0.00328000,20451.90000000,31599510,31599512,1782901949150434,True,True
19520004,0.00328000,7114.00000000,31599513,31599513,1782901957025184,True,True
19520005,0.00329000,2227.70000000,31599514,31599514,1782902200908020,False,True
19520006,0.00328000,2225.40000000,31599515,31599515,1782902207180770,True,True
19520007,0.00329000,62006.90000000,31599516,31599517,1782902383271338,False,True
19520008,0.00328000,61944.90000000,31599518,31599518,1782902387567518,True,True
19520009,0.00329000,61694.90000000,31599519,31599520,1782902392583392,False,True
19520010,0.00329000,61633.20000000,31599521,31599521,1782902398311496,True,True
19520011,0.00329000,61571.50000000,31599522,31599522,1782902404412889,False,True
19520012,0.00328000,61509.90000000,31599523,31599532,1782902410356909,True,True
19520013,0.00329000,61261.60000000,31599533,31599535,1782902415803232,False,True
19520014,0.00329000,54744.80000000,31599536,31599538,1782902422053116,True,True
19520015,0.00328000,6455.60000000,31599539,31599539,1782902422053116,True,True
19520016,0.00329000,34203.30000000,31599540,31599541,1782902427465441,False,True
19520017,0.00330000,26834.80000000,31599542,31599542,1782902427465441,False,True
19520018,0.00329000,60977.00000000,31599543,31599544,1782902432641663,True,True
19520019,0.00330000,60731.40000000,31599545,31599547,1782902500106541,False,True
19520020,0.00329000,60670.70000000,31599548,31599549,1782902505396013,True,True
19520021,0.00330000,60426.40000000,31599550,31599551,1782902510599944,False,True
19520022,0.00329000,60366.00000000,31599552,31599553,1782902515760846,True,True
19520023,0.00330000,60122.90000000,31599554,31599554,1782902521032838,False,True
19520024,0.00329000,29472.60000000,31599555,31599555,1782902526370574,True,True
19520025,0.00328000,30590.20000000,31599556,31599556,1782902526370574,True,True
19520026,0.00329000,59909.80000000,31599557,31599557,1782902531535988,False,True
19520027,0.00328000,59849.90000000,31599558,31599559,1782902537302914,True,True
19520028,0.00329000,59608.30000000,31599560,31599561,1782902547373763,False,True
19520029,0.00328000,59548.70000000,31599562,31599562,1782902553148118,True,True
19520030,0.00329000,59308.40000000,31599563,31599563,1782902559582138,False,True
19520031,0.00328000,59249.00000000,31599564,31599566,1782902564631169,True,True
19520032,0.00329000,59009.80000000,31599567,31599568,1782902569653730,False,True
19520033,0.00328000,58950.80000000,31599569,31599570,1782902575270894,True,True
19520034,0.00329000,58712.90000000,31599571,31599577,1782902580554496,False,True
19520035,0.00328000,58654.20000000,31599578,31599579,1782902585938627,True,True
19520036,0.00329000,58417.40000000,31599580,31599586,1782902590845507,False,True
19520037,0.00328000,58359.00000000,31599587,31599588,1782902596754960,True,True
19520038,0.00329000,58123.40000000,31599589,31599589,1782902602636341,False,True
19520039,0.00328000,58065.30000000,31599590,31599592,1782902607882419,True,True
19520040,0.00329000,4560.00000000,31599593,31599593,1782903283280946,False,True
19520041,0.00328000,104063.30000000,31599594,31599599,1782903645534181,True,True
19520042,0.00328000,132349.20000000,31599600,31599601,1782903645685315,False,True
19520043,0.00329000,49796.00000000,31599602,31599603,1782904265308398,False,True
19520044,0.00329000,49755.00000000,31599604,31599605,1782904265308405,False,True
19520045,0.00329000,27470.00000000,31599606,31599606,1782904265308437,False,True
19520046,0.00329000,120307.10000000,31599607,31599608,1782904265311532,False,True
19520047,0.00329000,5222.00000000,31599609,31599609,1782904709226049,True,True
19520048,0.00329000,40830.80000000,31599610,31599612,1782905370490209,True,True
19520049,0.00329000,13912.00000000,31599613,31599613,1782906823659939,True,True
19520050,0.00329000,12773.00000000,31599614,31599615,1782906851687383,True,True
19520051,0.00329000,27092.00000000,31599616,31599617,1782906860663268,True,True
19520052,0.00329000,32440.00000000,31599618,31599619,1782906912672858,True,True
19520053,0.00329000,15733.00000000,31599620,31599621,1782906962431839,True,True
19520054,0.00329000,14930.00000000,31599622,31599622,1782906970189560,True,True
19520055,0.00329000,59308.00000000,31599623,31599623,1782906982733378,True,True
19520056,0.00329000,136425.40000000,31599624,31599630,1782907907248135,True,True
19520057,0.00329000,251057.00000000,31599631,31599637,1782908241141837,True,True
19520058,0.00329000,8224.00000000,31599638,31599638,1782908403223853,False,True
19520059,0.00329000,62259.00000000,31599639,31599639,1782908403224461,False,True
19520060,0.00329000,50505.00000000,31599640,31599640,1782908403225754,False,True
19520061,0.00329000,50505.00000000,31599641,31599641,1782908403225860,False,True
19520062,0.00329000,50505.00000000,31599642,31599642,1782908403225934,False,True
19520063,0.00329000,8320.00000000,31599643,31599643,1782908403792789,False,True
19520064,0.00329000,8382.00000000,31599644,31599644,1782908409337534,False,True
19520065,0.00329000,8502.00000000,31599645,31599645,1782908429785998,False,True
19520066,0.00329000,8822.00000000,31599646,31599646,1782908430132396,False,True
19520067,0.00329000,5000.00000000,31599647,31599647,1782908430877585,False,True
19520068,0.00329000,5836.00000000,31599648,31599648,1782908436004852,False,True
19520069,0.00329000,2884.00000000,31599649,31599649,1782908437717929,False,True
19520070,0.00329000,60556.80000000,31599650,31599650,1782908568511842,False,True
19520071,0.00328000,18753.80000000,31599651,31599651,1782908576975150,True,True
19520072,0.00328000,24628.00000000,31599652,31599653,1782908587648525,True,True
19520073,0.00329000,21201.00000000,31599654,31599654,1782908587650658,False,True
19520074,0.00328000,16943.20000000,31599655,31599655,1782908602876076,True,True
19520075,0.00329000,33044.80000000,31599656,31599656,1782908614734896,False,True
19520076,0.00329000,27036.70000000,31599657,31599658,1782908624241342,False,True
19520077,0.00328000,59590.70000000,31599659,31599659,1782908643824361,True,True
19520078,0.00329000,30862.10000000,31599660,31599660,1782908654115803,False,True
19520079,0.00328000,11315.90000000,31599661,31599662,1782908662288916,True,True
19520080,0.00329000,21024.00000000,31599663,31599663,1782908668526224,False,True
19520081,0.00329000,21024.00000000,31599664,31599664,1782908669623030,False,True
19520082,0.00329000,1600.00000000,31599665,31599665,1782908669623316,False,True
19520083,0.00328000,19916.10000000,31599666,31599666,1782908673498692,True,True
19520084,0.00330000,3338.00000000,31599667,31599667,1782908697249371,False,True
19520085,0.00330000,3152.00000000,31599668,31599668,1782908697249568,False,True
19520086,0.00330000,59413.40000000,31599669,31599673,1782908773569512,False,True
19520087,0.00329000,24417.60000000,31599674,31599674,1782908784805460,True,True
19520088,0.00329000,34786.20000000,31599675,31599676,1782908796538728,True,True
19520089,0.00330000,30662.00000000,31599677,31599679,1782908810135987,False,True
19520090,0.00330000,28303.40000000,31599680,31599680,1782908816494480,False,True
19520091,0.00329000,23703.10000000,31599681,31599681,1782908824869885,True,True
19520092,0.00329000,21688.30000000,31599682,31599682,1782908832354024,True,True
19520093,0.00329000,13727.70000000,31599683,31599684,1782908843029917,True,True
19520094,0.00330000,26496.40000000,31599685,31599685,1782908853162907,False,True
19520095,0.00330000,23316.90000000,31599686,31599687,1782908861346121,False,True
19520096,0.00330000,9067.70000000,31599688,31599688,1782908868925560,False,True
19520097,0.00329000,58371.20000000,31599689,31599691,1782908883443888,True,True
19520098,0.00330000,35463.00000000,31599692,31599693,1782908891677116,False,True
19520099,0.00329000,17288.20000000,31599694,31599694,1782908903929239,True,True
19520100,0.00329000,18541.60000000,31599695,31599695,1782908916055222,True,True
19520101,0.00330000,57766.00000000,31599696,31599696,1782909025287504,False,True
19520102,0.00329000,14910.00000000,31599697,31599698,1782909036226978,True,True
19520103,0.00328000,16353.60000000,31599699,31599699,1782909036226978,True,True
19520104,0.00328000,26365.60000000,31599700,31599700,1782909046027222,True,True
19520105,0.00329000,34465.10000000,31599701,31599701,1782909054382597,False,True
19520106,0.00329000,22976.80000000,31599702,31599702,1782909065313364,False,True
19520107,0.00329000,29401.90000000,31599703,31599703,1782909078667017,True,True
19520108,0.00329000,19774.20000000,31599704,31599704,1782909087327890,True,True
19520109,0.00328000,8390.00000000,31599705,31599705,1782909100230009,True,True
19520110,0.00330000,23496.60000000,31599706,31599706,1782909110907948,False,True
19520111,0.00330000,33474.10000000,31599707,31599708,1782909121556978,False,True
19520112,0.00329000,43632.00000000,31599709,31599711,1782909178150189,True,True
19520113,0.00328000,12796.50000000,31599712,31599713,1782909178150189,True,True
19520114,0.00329000,1564.00000000,31599714,31599714,1782909178172737,False,True
19520115,0.00330000,56500.60000000,31599715,31599717,1782909234796168,False,True
19520116,0.00329000,28507.00000000,31599718,31599718,1782909244974687,True,True
19520117,0.00329000,20525.10000000,31599719,31599719,1782909252708328,True,True
19520118,0.00329000,151955.70000000,31599720,31599723,1782909259996613,True,True
19520119,0.00328000,7902.10000000,31599724,31599724,1782909264224226,True,True
19520120,0.00329000,27289.60000000,31599725,31599725,1782909272964055,False,True
19520121,0.00329000,20398.90000000,31599726,31599726,1782909282724388,False,True
19520122,0.00329000,9164.80000000,31599727,31599727,1782909292456482,False,True
19520123,0.00328000,55738.80000000,31599728,31599728,1782909305481533,True,True
19520124,0.00329000,1936.30000000,31599729,31599729,1782909319004760,False,True
19520125,0.00330000,29616.50000000,31599730,31599730,1782909319004760,False,True
19520126,0.00329000,19721.60000000,31599731,31599731,1782909324085168,True,True
19520127,0.00329000,23871.00000000,31599732,31599732,1782909327945487,False,True
19520128,0.00328000,22037.30000000,31599733,31599734,1782909335479133,True,True
19520129,0.00328000,22404.60000000,31599735,31599735,1782909346692404,True,True
19520130,0.00328000,11943.30000000,31599736,31599736,1782909358795867,True,True
19520131,0.00329000,36502.40000000,31599737,31599737,1782909370524379,False,True
19520132,0.00328000,36220.70000000,31599738,31599738,1782909384780897,True,True
19520133,0.00329000,8973.00000000,31599739,31599739,1782909506094997,False,True
19520134,0.00329000,8973.00000000,31599740,31599740,1782909506095238,False,True
19520135,0.00329000,8973.00000000,31599741,31599741,1782909506095248,False,True
19520136,0.00330000,8973.00000000,31599742,31599742,1782909506095616,False,True
19520137,0.00330000,60613.10000000,31599743,31599744,1782909517024402,False,True
19520138,0.00328000,60552.40000000,31599745,31599749,1782909521882790,True,True
19520139,0.00329000,46834.60000000,31599750,31599751,1782909526491918,False,True
19520140,0.00330000,13432.60000000,31599752,31599752,1782909526491918,False,True
19520141,0.00328000,60207.00000000,31599753,31599753,1782909531232424,True,True
19520142,0.00329000,59964.00000000,31599754,31599754,1782909536013690,False,True
19520143,0.00328000,59904.00000000,31599755,31599756,1782909540692666,True,True
19520144,0.00329000,59662.20000000,31599757,31599758,1782909545625255,False,True
19520145,0.00328000,59602.50000000,31599759,31599759,1782909550614340,True,True
19520146,0.00329000,59361.90000000,31599760,31599761,1782909558141486,False,True
19520147,0.00328000,59302.60000000,31599762,31599763,1782909562737193,True,True
19520148,0.00329000,31500.00000000,31599764,31599764,1782909626449424,False,True
19520149,0.00330000,27479.70000000,31599765,31599766,1782909626449424,False,True
19520150,0.00328000,58920.70000000,31599767,31599767,1782909631009280,True,True
19520151,0.00329000,58682.80000000,31599768,31599768,1782909636067000,False,True
19520152,0.00328000,58624.10000000,31599769,31599770,1782909640829982,True,True
19520153,0.00329000,58387.50000000,31599771,31599772,1782909645361206,False,True
19520154,0.00328000,58329.10000000,31599773,31599773,1782909650332522,True,True
19520155,0.00329000,58093.70000000,31599774,31599776,1782909655659836,False,True
19520156,0.00328000,58035.60000000,31599777,31599778,1782909660156942,True,True
19520157,0.00329000,57801.30000000,31599779,31599780,1782909664830416,False,True
19520158,0.00328000,57743.50000000,31599781,31599782,1782909669300540,True,True
19520159,0.00330000,57336.20000000,31599783,31599783,1782909675027447,False,True
19520160,0.00329000,31500.00000000,31599784,31599784,1782909680310296,True,True
19520161,0.00328000,25778.90000000,31599785,31599786,1782909680310296,True,True
19520162,0.00329000,3034.90000000,31599787,31599787,1782909680314295,True,True
19520163,0.00330000,56970.10000000,31599788,31599789,1782909685609899,False,True
19520164,0.00329000,44872.00000000,31599790,31599791,1782909690712899,True,True
19520165,0.00328000,12041.10000000,31599792,31599792,1782909690712899,True,True
19520166,0.00330000,56647.50000000,31599793,31599794,1782909697119615,False,True
19520167,0.00329000,56590.90000000,31599795,31599795,1782909702138523,True,True
19520168,0.00330000,56363.00000000,31599796,31599798,1782909707089058,False,True
19520169,0.00329000,56306.60000000,31599799,31599801,1782909711789433,True,True
19520170,0.00329000,2578.40000000,31599802,31599802,1782909716545349,True,True
19520171,0.00329000,4033.10000000,31599803,31599803,1782909765237144,True,True
19520172,0.00329000,46746.00000000,31599804,31599806,1782910087112514,True,True
19520173,0.00329000,26640.50000000,31599807,31599809,1782910299585022,True,True
19520174,0.00329000,58350.60000000,31599810,31599811,1782910493201730,False,True
19520175,0.00328000,58292.20000000,31599812,31599813,1782910498089381,True,True
19520176,0.00329000,58056.90000000,31599814,31599814,1782910503228836,False,True
19520177,0.00328000,57998.80000000,31599815,31599815,1782910507914910,True,True
19520178,0.00329000,34203.30000000,31599816,31599817,1782910510702256,False,True
19520179,0.00330000,23490.00000000,31599818,31599818,1782910510702256,False,True
19520180,0.00328000,57635.60000000,31599819,31599820,1782910516301738,True,True
19520181,0.00329000,31500.00000000,31599821,31599821,1782910525732536,False,True
19520182,0.00330000,25824.50000000,31599822,31599822,1782910525732536,False,True
19520183,0.00328000,57267.20000000,31599823,31599825,1782910531009490,True,True
19520184,0.00329000,57036.00000000,31599826,31599828,1782910536568774,False,True
19520185,0.00328000,56979.00000000,31599829,31599830,1782910544425806,True,True
19520186,0.00329000,56749.00000000,31599831,31599839,1782910549477340,False,True
19520187,0.00328000,56692.20000000,31599840,31599842,1782910554461982,True,True
19520188,0.00329000,56463.40000000,31599843,31599844,1782910583230720,False,True
19520189,0.00328000,56407.00000000,31599845,31599845,1782910588817311,True,True
19520190,0.00329000,31500.00000000,31599846,31599846,1782910600594768,False,True
19520191,0.00330000,24604.50000000,31599847,31599847,1782910600594768,False,True
19520192,0.00328000,56048.40000000,31599848,31599849,1782910605507300,True,True
19520193,0.00329000,55822.20000000,31599850,31599850,1782910610428001,False,True
19520194,0.00328000,55766.30000000,31599851,31599853,1782910615502176,True,True
19520195,0.00329000,55541.20000000,31599854,31599855,1782910620438877,False,True
19520196,0.00328000,55485.70000000,31599856,31599858,1782910623980365,True,True
19520197,0.00329000,55261.70000000,31599859,31599860,1782910630440262,False,True
19520198,0.00328000,55206.40000000,31599861,31599862,1782910635280970,True,True
19520199,0.00329000,31500.00000000,31599863,31599863,1782910640334756,False,True
19520200,0.00330000,23412.40000000,31599864,31599865,1782910640334756,False,True
19520201,0.00329000,93843.70000000,31599866,31599866,1782910640338942,True,True
19520202,0.00329000,6322.10000000,31599867,31599867,1782910640341350,True,True
19520203,0.00329000,19470.70000000,31599868,31599868,1782910643664719,True,True
19520204,0.00328000,54857.50000000,31599869,31599870,1782910645419112,True,True
19520205,0.00329000,54636.10000000,31599871,31599872,1782910650455406,False,True
19520206,0.00328000,54581.50000000,31599873,31599873,1782910655662474,True,True
19520207,0.00329000,54361.10000000,31599874,31599874,1782910660699651,False,True
19520208,0.00328000,54306.70000000,31599875,31599877,1782910665766544,True,True
19520209,0.00329000,54087.50000000,31599878,31599880,1782910671183183,False,True
19520210,0.00328000,54033.40000000,31599881,31599882,1782910676360585,True,True
19520211,0.00329000,53815.30000000,31599883,31599883,1782910681917919,False,True
19520212,0.00328000,53761.50000000,31599884,31599885,1782910686985357,True,True
19520213,0.00330000,21551.00000000,31599886,31599886,1782910882837232,False,True
19520214,0.00330000,21551.00000000,31599887,31599888,1782910882837303,False,True
19520215,0.00330000,124653.50000000,31599889,31599890,1782910882839061,False,True
19520216,0.00330000,474025.50000000,31599891,31599892,1782910882839144,False,True
19520217,0.00331000,21551.00000000,31599893,31599893,1782910882839842,False,True
19520218,0.00331000,21551.00000000,31599894,31599895,1782910882840401,False,True
19520219,0.00331000,18000.00000000,31599896,31599897,1782911117242228,False,True
19520220,0.00331000,55883.90000000,31599898,31599899,1782911313615401,False,True
19520221,0.00330000,55828.00000000,31599900,31599902,1782911319350920,True,True
19520222,0.00331000,55603.70000000,31599903,31599903,1782911325495848,False,True
19520223,0.00330000,55548.10000000,31599904,31599905,1782911335349602,True,True
19520224,0.00331000,55324.90000000,31599906,31599912,1782911355810120,False,True
19520225,0.00330000,55269.50000000,31599913,31599913,1782911363658240,True,True
19520226,0.00331000,55047.40000000,31599914,31599916,1782911373797221,False,True
19520227,0.00330000,54992.40000000,31599917,31599918,1782911382486845,True,True
19520228,0.00331000,54771.40000000,31599919,31599919,1782911389030384,False,True
19520229,0.00330000,54716.60000000,31599920,31599921,1782911394869727,True,True
19520230,0.00331000,54496.80000000,31599922,31599924,1782911403399606,False,True
19520231,0.00330000,54442.30000000,31599925,31599926,1782911409238227,True,True
19520232,0.00331000,54223.50000000,31599927,31599927,1782911416077968,False,True
19520233,0.00330000,54169.30000000,31599928,31599929,1782911421805429,True,True
19520234,0.00331000,53951.70000000,31599930,31599931,1782911457802909,False,True
19520235,0.00330000,53897.70000000,31599932,31599934,1782911464355262,True,True
19520236,0.00331000,53681.10000000,31599935,31599936,1782911472197084,False,True
19520237,0.00330000,53627.50000000,31599937,31599937,1782911477236870,True,True
19520238,0.00331000,53412.00000000,31599938,31599938,1782911482400196,False,True
19520239,0.00330000,53358.60000000,31599939,31599940,1782911488570118,True,True
19520240,0.00331000,53144.20000000,31599941,31599942,1782911493623777,False,True
19520241,0.00330000,53091.00000000,31599943,31599946,1782911498724072,True,True
19520242,0.00331000,52877.70000000,31599947,31599947,1782911504218994,False,True
19520243,0.00330000,52824.80000000,31599948,31599948,1782911509077590,True,True
19520244,0.00331000,52612.50000000,31599949,31599950,1782911514399499,False,True
19520245,0.00330000,52559.90000000,31599951,31599954,1782911522535637,True,True
19520246,0.00331000,52348.70000000,31599955,31599956,1782911527530864,False,True
19520247,0.00330000,52296.40000000,31599957,31599957,1782911532522592,True,True
19520248,0.00331000,52086.30000000,31599958,31599959,1782911538151917,False,True
19520249,0.00330000,52034.20000000,31599960,31599961,1782911543104290,True,True
19520250,0.00331000,51825.10000000,31599962,31599963,1782911548236143,False,True
19520251,0.00330000,51773.30000000,31599964,31599964,1782911553557098,True,True
19520252,0.00330000,1963.50000000,31599965,31599965,1782911566321682,True,True
19520253,0.00331000,66913.20000000,31599966,31599967,1782911849940481,False,True
19520254,0.00331000,15750.00000000,31599968,31599968,1782911849942784,False,True
19520255,0.00331000,15750.00000000,31599969,31599969,1782911849942892,False,True
19520256,0.00331000,172584.70000000,31599970,31599975,1782912603197133,True,True
19520257,0.00330000,200000.00000000,31599976,31599979,1782912610408552,True,True
19520258,0.00330000,14748.30000000,31599980,31599980,1782912610408665,True,True
19520259,0.00330000,14748.30000000,31599981,31599981,1782912610408714,True,True
19520260,0.00330000,14748.30000000,31599982,31599982,1782912610408852,True,True
19520261,0.00330000,50716.40000000,31599983,31599983,1782912610408954,True,True
19520262,0.00330000,200000.00000000,31599984,31599986,1782912610409116,True,True
19520263,0.00330000,200000.00000000,31599987,31599989,1782912610409366,True,True
19520264,0.00330000,41913.70000000,31599990,31599993,1782912610410350,True,True
19520265,0.00329000,98086.30000000,31599994,31599995,1782912623982876,True,True
19520266,0.00329000,92993.40000000,31599996,31600002,1782912623985348,True,True
19520267,0.00328000,47006.60000000,31600003,31600003,1782912626235271,True,True
19520268,0.00328000,136771.80000000,31600004,31600006,1782912626238553,True,True
19520269,0.00328000,15506.60000000,31600007,31600007,1782912626242608,True,True
19520270,0.00328000,15750.00000000,31600008,31600008,1782912626267731,False,True
19520271,0.00328000,15750.00000000,31600009,31600009,1782912626268492,False,True
19520272,0.00328000,6341.40000000,31600010,31600010,1782912626272547,True,True
19520273,0.00328000,6341.40000000,31600011,31600011,1782912626276217,True,True
19520274,0.00329000,3950.00000000,31600012,31600012,1782912628287045,False,True
19520275,0.00329000,3951.00000000,31600013,31600013,1782912628287061,False,True
19520276,0.00329000,3950.00000000,31600014,31600014,1782912628287774,False,True
19520277,0.00329000,3951.00000000,31600015,31600015,1782912628287824,False,True
19520278,0.00329000,128552.60000000,31600016,31600017,1782912648288820,False,True
19520279,0.00330000,55646.80000000,31600018,31600019,1782912726179373,False,True
19520280,0.00330000,21453.80000000,31600020,31600020,1782912784670142,True,True
19520281,0.00330000,49000.00000000,31600021,31600021,1782912871081008,True,True
19520282,0.00331000,6569.00000000,31600022,31600022,1782913023835516,False,True
19520283,0.00331000,2989.20000000,31600023,31600023,1782913023838131,False,True
19520284,0.00331000,6569.00000000,31600024,31600024,1782913023838751,False,True
19520285,0.00331000,6570.00000000,31600025,31600025,1782913023838802,False,True
19520286,0.00331000,6570.00000000,31600026,31600026,1782913023838806,False,True
19520287,0.00331000,23120.60000000,31600027,31600028,1782913023840612,False,True
19520288,0.00332000,4054.00000000,31600029,31600029,1782913023842400,False,True
19520289,0.00332000,13400.00000000,31600030,31600030,1782913230552035,False,True
19520290,0.00332000,11963.00000000,31600031,31600031,1782913230552111,False,True
19520291,0.00332000,6909.00000000,31600032,31600033,1782913230552114,False,True
19520292,0.00332000,3932.00000000,31600034,31600034,1782913233610652,False,True
19520293,0.00332000,22344.90000000,31600035,31600035,1782913233612256,False,True
19520294,0.00332000,3007.50000000,31600036,31600036,1782913329122904,True,True
19520295,0.00332000,51489.40000000,31600037,31600038,1782913501799882,True,True
19520296,0.00333000,121392.10000000,31600039,31600041,1782913754048339,False,True
19520297,0.00334000,178372.50000000,31600042,31600044,1782913754048339,False,True
19520298,0.00332000,1785.70000000,31600045,31600045,1782913755646497,True,True
19520299,0.00334000,3951.00000000,31600046,31600046,1782914522051959,False,True
19520300,0.00334000,3951.00000000,31600047,31600047,1782914522052084,False,True
19520301,0.00334000,3950.00000000,31600048,31600048,1782914522052090,False,True
19520302,0.00334000,3950.00000000,31600049,31600049,1782914522052222,False,True
19520303,0.00334000,58337.20000000,31600050,31600053,1782914669453545,False,True
19520304,0.00333000,2395.20000000,31600054,31600054,1782914673390951,True,True
19520305,0.00333000,1771.10000000,31600055,31600055,1782914750037466,True,True
19520306,0.00334000,2927.00000000,31600056,31600056,1782914948544642,False,True
19520307,0.00334000,70525.00000000,31600057,31600057,1782915029617850,False,True
19520308,0.00334000,70535.00000000,31600058,31600058,1782915029618199,False,True
19520309,0.00334000,70525.00000000,31600059,31600059,1782915029618282,False,True
19520310,0.00334000,70535.00000000,31600060,31600060,1782915029618995,False,True
19520311,0.00334000,200000.00000000,31600061,31600061,1782915029621667,False,True
19520312,0.00334000,5121.30000000,31600062,31600062,1782915029621735,False,True
19520313,0.00334000,14748.30000000,31600063,31600063,1782915029621907,False,True
19520314,0.00334000,14748.30000000,31600064,31600064,1782915029621939,False,True
19520315,0.00334000,45728.70000000,31600065,31600067,1782915029622035,False,True
19520316,0.00334000,16464.20000000,31600068,31600069,1782915034019348,True,True
19520317,0.00335000,6227.50000000,31600070,31600070,1782915055657965,False,True
19520318,0.00336000,24094.30000000,31600071,31600071,1782915220171610,False,True
19520319,0.00337000,115915.60000000,31600072,31600073,1782915465413399,True,True
19520320,0.00337000,76218.10000000,31600074,31600074,1782915469808480,True,True
19520321,0.00338000,5566.40000000,31600075,31600075,1782915471904007,False,True
19520322,0.00337000,3610.70000000,31600076,31600076,1782915489916433,True,True
19520323,0.00337000,145348.80000000,31600077,31600080,1782915498523741,True,True
19520324,0.00336000,37206.20000000,31600081,31600082,1782915868297184,True,True
19520325,0.00336000,54302.30000000,31600083,31600087,1782915868298448,True,True
19520326,0.00336000,11145.50000000,31600088,31600088,1782915978881226,False,True
19520327,0.00335000,1587.70000000,31600089,31600089,1782916120185310,True,True
19520328,0.00336000,7567.00000000,31600090,31600090,1782916203559783,False,True
19520329,0.00336000,16444.40000000,31600091,31600091,1782916203559809,False,True
19520330,0.00337000,7567.60000000,31600092,31600092,1782916203559809,False,True
19520331,0.00336000,16445.00000000,31600093,31600093,1782916203560363,False,True
19520332,0.00337000,73985.30000000,31600094,31600095,1782916204400719,False,True
19520333,0.00336000,12600.00000000,31600096,31600096,1782916207777133,True,True
19520334,0.00336000,3900.00000000,31600097,31600097,1782916214275834,True,True
19520335,0.00336000,16508.00000000,31600098,31600099,1782916216411210,True,True
19520336,0.00335000,9360.90000000,31600100,31600100,1782916216411210,True,True
19520337,0.00336000,1508.00000000,31600101,31600101,1782916225711970,True,True
19520338,0.00335000,32121.60000000,31600102,31600103,1782916225711970,True,True
19520339,0.00335000,14268.60000000,31600104,31600104,1782916234932311,True,True
19520340,0.00336000,59557.30000000,31600105,31600105,1782916252490305,False,True
19520341,0.00335000,15506.90000000,31600106,31600106,1782916276520245,True,True
19520342,0.00335000,27363.70000000,31600107,31600107,1782916287422085,True,True
19520343,0.00335000,16603.60000000,31600108,31600108,1782916299502774,True,True
19520344,0.00336000,38068.20000000,31600109,31600109,1782916336704708,False,True
19520345,0.00336000,35139.90000000,31600110,31600111,1782916343951725,False,True
19520346,0.00335000,26388.90000000,31600112,31600113,1782916357395918,True,True
19520347,0.00335000,32839.60000000,31600114,31600116,1782916366493440,True,True
19520348,0.00335000,13933.40000000,31600117,31600117,1782916397809774,True,True
19520349,0.00336000,54653.40000000,31600118,31600120,1782916423691873,False,True
19520350,0.00335000,35580.60000000,31600121,31600121,1782916433939927,True,True
19520351,0.00335000,8344.00000000,31600122,31600125,1782916433942381,True,True
19520352,0.00334000,18967.30000000,31600126,31600126,1782916440692210,True,True
19520353,0.00336000,72492.60000000,31600127,31600128,1782916474001758,False,True
19520354,0.00335000,25414.00000000,31600129,31600129,1782916484087064,True,True
19520355,0.00335000,30678.50000000,31600130,31600130,1782916491660777,True,True
19520356,0.00335000,16354.00000000,31600131,31600131,1782916504149618,True,True
19520357,0.00336000,54840.60000000,31600132,31600133,1782916520538594,False,True
19520358,0.00336000,93089.50000000,31600134,31600134,1782916523691603,True,True
19520359,0.00335000,18683.30000000,31600135,31600136,1782916528193810,True,True
19520360,0.00335000,23573.90000000,31600137,31600137,1782916535515010,True,True
19520361,0.00335000,1512.00000000,31600138,31600138,1782916544102887,True,True
19520362,0.00334000,11054.80000000,31600139,31600140,1782916544102887,True,True
19520363,0.00336000,1918.00000000,31600141,31600141,1782916547878173,False,True
19520364,0.00335000,61994.00000000,31600142,31600144,1782916607862275,False,True
19520365,0.00336000,10081.90000000,31600145,31600145,1782916607862275,False,True
19520366,0.00335000,25245.70000000,31600146,31600146,1782916617290289,True,True
19520367,0.00335000,33012.00000000,31600147,31600148,1782916624088724,True,True
19520368,0.00334000,276.40000000,31600149,31600149,1782916624088724,True,True
19520369,0.00335000,13460.70000000,31600150,31600150,1782916632055524,True,True
19520370,0.00336000,50195.50000000,31600151,31600152,1782916644647616,False,True
19520371,0.00335000,19550.30000000,31600153,31600154,1782916654013420,True,True
19520372,0.00334000,15646.60000000,31600155,31600155,1782916654013420,True,True
19520373,0.00334000,14933.50000000,31600156,31600156,1782916663290654,True,True
19520374,0.00335000,41168.70000000,31600157,31600157,1782916694249160,False,True
19520375,0.00336000,30306.50000000,31600158,31600158,1782916694249160,False,True
19520376,0.00335000,20750.80000000,31600159,31600159,1782916701834976,True,True
19520377,0.00335000,34038.50000000,31600160,31600160,1782916708660295,True,True
19520378,0.00335000,16597.60000000,31600161,31600161,1782916721452164,True,True
19520379,0.00336000,34840.60000000,31600162,31600163,1782916730397587,False,True
19520380,0.00336000,36262.70000000,31600164,31600165,1782916738975917,False,True
19520381,0.00335000,35599.90000000,31600166,31600167,1782916749824060,True,True
19520382,0.00335000,35244.00000000,31600168,31600169,1782916757231876,True,True
19520383,0.00336000,23991.20000000,31600170,31600170,1782916768674078,False,True
19520384,0.00336000,27942.70000000,31600171,31600171,1782916778909561,False,True
19520385,0.00335000,39178.40000000,31600172,31600173,1782916790026245,True,True
19520386,0.00335000,12928.90000000,31600174,31600174,1782916803904937,True,True
19520387,0.00335000,2833.70000000,31600175,31600175,1782916889374660,True,True
19520388,0.00335000,28896.00000000,31600176,31600177,1782917121530178,True,True
19520389,0.00335000,31163.90000000,31600178,31600178,1782917171183945,True,True
19520390,0.00335000,22801.80000000,31600179,31600179,1782917171189763,True,True
19520391,0.00336000,7105.00000000,31600180,31600180,1782917498075674,False,True
19520392,0.00337000,15302.00000000,31600181,31600182,1782917498076678,False,True
19520393,0.00336000,142311.80000000,31600183,31600186,1782917755182229,True,True
19520394,0.00336000,73304.10000000,31600187,31600187,1782917968515549,False,True
19520395,0.00335000,21236.90000000,31600188,31600188,1782917975337214,True,True
19520396,0.00335000,35875.70000000,31600189,31600190,1782917982129058,True,True
19520397,0.00335000,15957.00000000,31600191,31600191,1782917989535889,True,True
19520398,0.00336000,18000.50000000,31600192,31600192,1782917992715379,False,True
19520399,0.00337000,36281.60000000,31600193,31600193,1782918002457851,False,True
19520400,0.00337000,26848.40000000,31600194,31600194,1782918010669414,False,True
19520401,0.00336000,21497.50000000,31600195,31600195,1782918023669930,True,True
19520402,0.00336000,10002.50000000,31600196,31600196,1782918033356485,True,True
19520403,0.00335000,18791.50000000,31600197,31600197,1782918033356485,True,True
19520404,0.00336000,79995.30000000,31600198,31600198,1782918033359384,False,True
19520405,0.00336000,12807.20000000,31600199,31600199,1782918044739728,True,True
19520406,0.00337000,72226.10000000,31600200,31600201,1782918099795172,False,True
19520407,0.00336000,22407.80000000,31600202,31600203,1782918109364216,True,True
19520408,0.00336000,36907.80000000,31600204,31600204,1782918116530210,True,True
19520409,0.00336000,12837.90000000,31600205,31600205,1782918125362739,True,True
19520410,0.00337000,36652.40000000,31600206,31600207,1782918137088522,False,True
19520411,0.00337000,35215.10000000,31600208,31600209,1782918151924011,False,True
19520412,0.00336000,37401.10000000,31600210,31600210,1782918164792678,True,True
19520413,0.00336000,34179.00000000,31600211,31600212,1782918175360520,True,True
19520414,0.00337000,55611.10000000,31600213,31600213,1782918186061957,False,True
19520415,0.00336000,21242.20000000,31600214,31600215,1782918199775651,True,True
19520416,0.00336000,25300.70000000,31600216,31600216,1782918207395142,True,True
19520417,0.00336000,9264.20000000,31600217,31600217,1782918216006559,True,True
19520418,0.00337000,71271.10000000,31600218,31600220,1782918253392259,False,True
19520419,0.00336000,24952.70000000,31600221,31600221,1782918262390027,True,True
19520420,0.00336000,32438.50000000,31600222,31600223,1782918271481991,True,True
19520421,0.00336000,17944.70000000,31600224,31600224,1782918273191510,True,True
19520422,0.00336000,13763.20000000,31600225,31600225,1782918284171875,True,True
19520423,0.00337000,58824.00000000,31600226,31600227,1782918295897029,False,True
19520424,0.00336000,44178.10000000,31600228,31600229,1782918308565665,True,True
19520425,0.00336000,14578.90000000,31600230,31600230,1782918316138299,True,True
19520426,0.00337000,28934.60000000,31600231,31600232,1782918330514611,False,True
19520427,0.00336000,11621.10000000,31600233,31600233,1782918341934820,True,True
19520428,0.00336000,12202.20000000,31600234,31600235,1782918350939713,True,True
19520429,0.00336000,5177.30000000,31600236,31600236,1782918358829921,True,True
19520430,0.00338000,70314.70000000,31600237,31600238,1782918388121394,False,True
19520431,0.00337000,25306.80000000,31600239,31600239,1782918395833359,True,True
19520432,0.00337000,29693.30000000,31600240,31600241,1782918401554754,True,True
19520433,0.00337000,15143.60000000,31600242,31600242,1782918416933551,True,True
19520434,0.00338000,53098.40000000,31600243,31600243,1782918435483278,False,True
19520435,0.00338000,19683.30000000,31600244,31600244,1782918443336628,True,True
19520436,0.00337000,23460.50000000,31600245,31600245,1782918449931877,True,True
19520437,0.00337000,9953.90000000,31600246,31600246,1782918459285316,True,True
19520438,0.00338000,52285.30000000,31600247,31600247,1782918471686875,False,True
19520439,0.00337000,19363.40000000,31600248,31600249,1782918480847442,True,True
19520440,0.00337000,23408.80000000,31600250,31600250,1782918491507759,True,True
19520441,0.00337000,9465.80000000,31600251,31600251,1782918502675798,True,True
19520442,0.00337000,9021.20000000,31600252,31600252,1782919026856582,True,True
19520443,0.00338000,17623.20000000,31600253,31600253,1782919034699662,False,True
19520444,0.00338000,28046.20000000,31600254,31600255,1782919383223033,False,True
19520445,0.00339000,153210.90000000,31600256,31600258,1782919383601753,False,True
19520446,0.00340000,150063.00000000,31600259,31600261,1782919383933904,False,True
19520447,0.00340000,20319.00000000,31600262,31600262,1782919384036631,False,True
19520448,0.00340000,34648.00000000,31600263,31600263,1782919384627148,False,True
19520449,0.00340000,21306.00000000,31600264,31600266,1782919384693242,False,True
19520450,0.00340000,55171.00000000,31600267,31600268,1782919385052062,False,True
19520451,0.00340000,15229.00000000,31600269,31600269,1782919385296762,False,True
19520452,0.00340000,5940.00000000,31600270,31600270,1782919385308983,False,True
19520453,0.00339000,1754.30000000,31600271,31600271,1782919385791040,True,True
19520454,0.00339000,6608.10000000,31600272,31600272,1782919386033989,True,True
19520455,0.00340000,56165.00000000,31600273,31600274,1782919387266698,False,True
19520456,0.00340000,129907.20000000,31600275,31600275,1782919387270698,True,True
19520457,0.00340000,119865.20000000,31600276,31600277,1782919387271792,True,True
19520458,0.00341000,33000.00000000,31600278,31600279,1782919387766615,False,True
19520459,0.00340000,31500.00000000,31600280,31600280,1782919388098139,True,True
19520460,0.00341000,1833.00000000,31600281,31600281,1782919406011251,False,True
19520461,0.00341000,8840.00000000,31600282,31600282,1782919413869167,False,True
19520462,0.00341000,8523.00000000,31600283,31600283,1782919423989157,False,True
19520463,0.00341000,23161.00000000,31600284,31600285,1782919424850062,False,True
19520464,0.00341000,8829.00000000,31600286,31600286,1782919433982767,False,True
19520465,0.00341000,8829.00000000,31600287,31600287,1782919434001775,False,True
19520466,0.00341000,3217.00000000,31600288,31600288,1782919434048633,False,True
19520467,0.00341000,3218.00000000,31600289,31600289,1782919434048748,False,True
19520468,0.00341000,3217.00000000,31600290,31600290,1782919434050372,False,True
19520469,0.00341000,3218.00000000,31600291,31600291,1782919434052026,False,True
19520470,0.00341000,2814.00000000,31600292,31600292,1782919434052913,False,True
19520471,0.00341000,2815.00000000,31600293,31600293,1782919434053024,False,True
19520472,0.00341000,2007.00000000,31600294,31600294,1782919434055419,False,True
19520473,0.00341000,1605.00000000,31600295,31600295,1782919434057053,False,True
19520474,0.00341000,3226.00000000,31600296,31600296,1782919441076142,False,True
19520475,0.00341000,3227.00000000,31600297,31600297,1782919441076265,False,True
19520476,0.00341000,3227.00000000,31600298,31600298,1782919441076482,False,True
19520477,0.00341000,3226.00000000,31600299,31600299,1782919441076595,False,True
19520478,0.00341000,1609.00000000,31600300,31600300,1782919441089597,False,True
19520479,0.00341000,1609.00000000,31600301,31600301,1782919441089657,False,True
19520480,0.00341000,1608.00000000,31600302,31600302,1782919441089891,False,True
19520481,0.00341000,1608.00000000,31600303,31600303,1782919441090217,False,True
19520482,0.00341000,3217.00000000,31600304,31600304,1782919446637315,False,True
19520483,0.00341000,3217.00000000,31600305,31600305,1782919446637501,False,True
19520484,0.00341000,3218.00000000,31600306,31600306,1782919446637650,False,True
19520485,0.00341000,3218.00000000,31600307,31600307,1782919446638973,False,True
19520486,0.00341000,3564.00000000,31600308,31600308,1782919450096726,False,True
19520487,0.00341000,3160.00000000,31600309,31600309,1782919465166084,False,True
19520488,0.00341000,3160.00000000,31600310,31600310,1782919465166120,False,True
19520489,0.00341000,3159.00000000,31600311,31600311,1782919465166124,False,True
19520490,0.00341000,3159.00000000,31600312,31600312,1782919465166254,False,True
19520491,0.00341000,12554.30000000,31600313,31600313,1782919465170205,False,True
19520492,0.00341000,11035.00000000,31600314,31600314,1782919474265795,False,True
19520493,0.00341000,11035.00000000,31600315,31600315,1782919474265948,False,True
19520494,0.00341000,11039.00000000,31600316,31600316,1782919474266237,False,True
19520495,0.00342000,11039.00000000,31600317,31600317,1782919474266409,False,True
19520496,0.00341000,401009.50000000,31600318,31600319,1782919482182560,True,True
19520497,0.00341000,2326.00000000,31600320,31600320,1782919540710321,False,True
19520498,0.00341000,84209.50000000,31600321,31600321,1782919541065576,True,True
19520499,0.00341000,15111.00000000,31600322,31600322,1782919638117598,False,True
19520500,0.00342000,7718.00000000,31600323,31600323,1782919638119644,False,True
19520501,0.00342000,12858.00000000,31600324,31600325,1782919638120036,False,True
19520502,0.00341000,7022.00000000,31600326,31600326,1782919917623763,False,True
19520503,0.00341000,15382.00000000,31600327,31600327,1782919919076648,False,True
19520504,0.00341000,15382.00000000,31600328,31600328,1782919919076780,False,True
19520505,0.00341000,8365.00000000,31600329,31600329,1782919919076870,False,True
19520506,0.00341000,15387.00000000,31600330,31600330,1782919919076938,False,True
19520507,0.00341000,69529.10000000,31600331,31600332,1782919928096521,True,True
19520508,0.00341000,26795.40000000,31600333,31600334,1782919928097416,True,True
19520509,0.00340000,10440.00000000,31600335,31600339,1782920947560635,True,True
19520510,0.00339000,2569.60000000,31600340,31600340,1782920947641297,True,True
19520511,0.00340000,71718.40000000,31600341,31600341,1782921252090990,False,True
19520512,0.00340000,2945.50000000,31600342,31600342,1782921252094160,False,True
19520513,0.00339000,27942.20000000,31600343,31600344,1782921262747014,True,True
19520514,0.00339000,28844.90000000,31600345,31600345,1782921271601564,True,True
19520515,0.00339000,14710.90000000,31600346,31600346,1782921285379642,True,True
19520516,0.00340000,54836.70000000,31600347,31600348,1782921300041396,False,True
19520517,0.00339000,27465.20000000,31600349,31600349,1782921310170310,True,True
19520518,0.00339000,27190.60000000,31600350,31600351,1782921328993518,True,True
