15062032,0.62300000,200.00000000,43863835,43863835,1782864013525351,True,True
15062033,0.62300000,400.00000000,43863836,43863836,1782864013525491,True,True
15062034,0.62300000,644.00000000,43863837,43863837,1782864013555129,True,True
15062035,0.62300000,87.00000000,43863838,43863838,1782864019510710,True,True
15062036,0.62300000,97.00000000,43863839,43863839,1782864020160936,True,True
15062037,0.62300000,105.00000000,43863840,43863840,1782864020844926,True,True
15062038,0.62300000,14.00000000,43863841,43863841,1782864022250672,True,True
15062039,0.62300000,400.00000000,43863842,43863842,1782864023214513,True,True
15062040,0.62300000,200.00000000,43863843,43863843,1782864023214630,True,True
15062041,0.62300000,341.00000000,43863844,43863844,1782864023242186,True,True
15062042,0.62300000,53.00000000,43863845,43863845,1782864031791444,True,True
15062043,0.62300000,200.00000000,43863846,43863846,1782864031791882,True,True
15062044,0.62300000,27.00000000,43863847,43863847,1782864037766605,True,True
15062045,0.62400000,557.62000000,43863848,43863848,1782864059355741,False,True
15062046,0.62300000,108.00000000,43863849,43863849,1782864070273669,True,True
15062047,0.62300000,97.00000000,43863850,43863850,1782864070474050,True,True
15062048,0.62300000,41.98000000,43863851,43863851,1782864071170413,True,True
15062049,0.62300000,12.00000000,43863852,43863852,1782864079624581,True,True
15062050,0.62400000,161.40000000,43863853,43863853,1782864235820004,False,True
15062051,0.62400000,16.04000000,43863854,43863854,1782864258078217,False,True
15062052,0.62400000,37.00000000,43863855,43863855,1782864261244393,False,True
15062053,0.62400000,100.00000000,43863856,43863856,1782864280883100,False,True
15062054,0.62300000,161.23000000,43863857,43863857,1782864319617918,True,True
15062055,0.62300000,32.68000000,43863858,43863858,1782864323258804,True,True
15062056,0.62300000,27.59000000,43863859,43863859,1782864349913059,True,True
15062057,0.62400000,400.00000000,43863860,43863861,1782864372774537,False,True
15062058,0.62400000,200.00000000,43863862,43863866,1782864372774711,False,True
15062059,0.62400000,1700.28000000,43863867,43863867,1782864372982124,False,True
15062060,0.62400000,2080.87000000,43863868,43863868,1782864373250585,False,True
15062061,0.62400000,16.01000000,43863869,43863870,1782864373253170,False,True
15062062,0.62400000,200.00000000,43863871,43863877,1782864373253315,False,True
15062063,0.62400000,400.00000000,43863878,43863878,1782864373253526,False,True
15062064,0.62400000,16.00000000,43863879,43863879,1782864373253689,False,True
15062065,0.62400000,333.33000000,43863880,43863881,1782864373255171,False,True
15062066,0.62400000,1653.92000000,43863882,43863888,1782864373261100,False,True
15062067,0.62400000,20.41000000,43863889,43863891,1782864373264051,False,True
15062068,0.62400000,34.02000000,43863892,43863895,1782864373270380,False,True
15062069,0.62400000,17.01000000,43863896,43863897,1782864373270411,False,True
15062070,0.62500000,17.01000000,43863898,43863898,1782864373270411,False,True
15062071,0.62400000,141.00000000,43863899,43863899,1782864373396397,True,True
15062072,0.62400000,141.00000000,43863900,43863900,1782864373396492,True,True
15062073,0.62400000,141.00000000,43863901,43863901,1782864373635911,True,True
15062074,0.62400000,141.00000000,43863902,43863902,1782864373636231,True,True
15062075,0.62400000,141.00000000,43863903,43863903,1782864373636307,True,True
15062076,0.62400000,141.00000000,43863904,43863904,1782864373636436,True,True
15062077,0.62400000,141.00000000,43863905,43863905,1782864373636556,True,True
15062078,0.62400000,20.03000000,43863906,43863906,1782864373860227,True,True
15062079,0.62500000,200.00000000,43863907,43863907,1782864385411954,False,True
15062080,0.62500000,66.00000000,43863908,43863908,1782864385412031,False,True
15062081,0.62500000,18.00000000,43863909,43863909,1782864385413115,False,True
15062082,0.62500000,316.00000000,43863910,43863910,1782864385414434,False,True
15062083,0.62400000,2388.27000000,43863911,43863911,1782864422902334,True,True
15062084,0.62500000,112.54000000,43863912,43863912,1782864424573833,False,True
15062085,0.62500000,400.00000000,43863913,43863913,1782864435902364,False,True
15062086,0.62500000,200.00000000,43863914,43863914,1782864435902399,False,True
15062087,0.62500000,127.00000000,43863915,43863915,1782864450605213,False,True
15062088,0.62500000,25.00000000,43863916,43863916,1782864451669337,False,True
15062089,0.62500000,20.00000000,43863917,43863917,1782864460315231,False,True
15062090,0.62500000,19.00000000,43863918,43863918,1782864465888050,False,True
15062091,0.62500000,39.00000000,43863919,43863919,1782864475024773,False,True
15062092,0.62500000,60.00000000,43863920,43863920,1782864478656939,False,True
15062093,0.62500000,76.00000000,43863921,43863921,1782864478939460,False,True
15062094,0.62500000,200.00000000,43863922,43863922,1782864479340477,False,True
15062095,0.62500000,34.00000000,43863923,43863923,1782864479340614,False,True
15062096,0.62500000,80.00000000,43863924,43863924,1782864479341139,False,True
15062097,0.62500000,80.00000000,43863925,43863925,1782864479341790,False,True
15062098,0.62500000,1756.31000000,43863926,43863926,1782864479368100,False,True
15062099,0.62500000,1681.80000000,43863927,43863945,1782864479641909,False,True
15062100,0.62500000,1619.41000000,43863946,43863947,1782864480032274,False,True
15062101,0.62500000,200.00000000,43863948,43863948,1782864480054755,False,True
15062102,0.62500000,1174.01000000,43863949,43863954,1782864480087155,False,True
15062103,0.62500000,8.65000000,43863955,43863955,1782864480087205,False,True
15062104,0.62600000,200.00000000,43863956,43863956,1782864480089026,False,True
15062105,0.62500000,14.00000000,43863957,43863957,1782864486235319,True,True
15062106,0.62500000,63.00000000,43863958,43863958,1782864490826709,True,True
15062107,0.62500000,17.00000000,43863959,43863959,1782864491392178,True,True
15062108,0.62500000,50.00000000,43863960,43863960,1782864493285664,True,True
15062109,0.62500000,74.00000000,43863961,43863961,1782864494412798,True,True
15062110,0.62500000,140.00000000,43863962,43863962,1782864494412818,True,True
15062111,0.62500000,140.00000000,43863963,43863963,1782864494413033,True,True
15062112,0.62500000,46.00000000,43863964,43863964,1782864494413303,True,True
15062113,0.62500000,140.00000000,43863965,43863965,1782864494416525,True,True
15062114,0.62500000,66.00000000,43863966,43863966,1782864494416542,True,True
15062115,0.62500000,85.00000000,43863967,43863968,1782864494417816,True,True
15062116,0.62500000,140.00000000,43863969,43863969,1782864494418033,True,True
15062117,0.62500000,140.00000000,43863970,43863970,1782864494418208,True,True
15062118,0.62500000,55.00000000,43863971,43863971,1782864494419315,True,True
15062119,0.62500000,140.00000000,43863972,43863972,1782864494487248,True,True
15062120,0.62500000,140.00000000,43863973,43863973,1782864494487536,True,True
15062121,0.62500000,140.00000000,43863974,43863974,1782864494487929,True,True
15062122,0.62500000,140.00000000,43863975,43863975,1782864494488012,True,True
15062123,0.62500000,140.00000000,43863976,43863976,1782864494488247,True,True
15062124,0.62500000,140.00000000,43863977,43863977,1782864495347661,True,True
15062125,0.62500000,140.00000000,43863978,43863978,1782864495348028,True,True
15062126,0.62500000,140.00000000,43863979,43863979,1782864495348210,True,True
15062127,0.62500000,140.00000000,43863980,43863980,1782864495348254,True,True
15062128,0.62500000,140.00000000,43863981,43863981,1782864495348471,True,True
15062129,0.62500000,16.00000000,43863982,43863982,1782864496445092,True,True
15062130,0.62500000,22.00000000,43863983,43863983,1782864497947317,True,True
15062131,0.62500000,124.00000000,43863984,43863984,1782864497947346,True,True
15062132,0.62500000,15.00000000,43863985,43863985,1782864500032867,True,True
15062133,0.62500000,140.00000000,43863986,43863986,1782864503075123,True,True
15062134,0.62500000,140.00000000,43863987,43863987,1782864503075190,True,True
15062135,0.62500000,19.00000000,43863988,43863988,1782864503075345,True,True
15062136,0.62500000,103.00000000,43863989,43863989,1782864503075349,True,True
15062137,0.62500000,140.00000000,43863990,43863990,1782864503075789,True,True
15062138,0.62500000,71.00000000,43863991,43863991,1782864504565729,True,True
15062139,0.62500000,13.00000000,43863992,43863992,1782864505786657,True,True
15062140,0.62500000,38.00000000,43863993,43863993,1782864505913307,True,True
15062141,0.62500000,140.00000000,43863994,43863994,1782864505913483,True,True
15062142,0.62500000,37.00000000,43863995,43863995,1782864505913583,True,True
15062143,0.62500000,102.00000000,43863996,43863996,1782864506601108,True,True
15062144,0.62500000,46.00000000,43863997,43863997,1782864509348540,True,True
15062145,0.62500000,24.00000000,43863998,43863998,1782864513024574,True,True
15062146,0.62500000,70.00000000,43863999,43863999,1782864516539730,True,True
15062147,0.62500000,18.00000000,43864000,43864000,1782864517614693,True,True
15062148,0.62500000,97.00000000,43864001,43864001,1782864518110940,True,True
15062149,0.62500000,15.00000000,43864002,43864002,1782864519940614,True,True
15062150,0.62500000,25.00000000,43864003,43864003,1782864519940701,True,True
15062151,0.62500000,64.00000000,43864004,43864004,1782864523120499,True,True
15062152,0.62500000,21.00000000,43864005,43864005,1782864524054823,True,True
15062153,0.62500000,21.00000000,43864006,43864006,1782864530422602,True,True
15062154,0.62500000,19.00000000,43864007,43864007,1782864530521327,True,True
15062155,0.62500000,55.00000000,43864008,43864008,1782864530521369,True,True
15062156,0.62500000,397.85000000,43864009,43864009,1782864532872669,True,True
15062157,0.62500000,140.00000000,43864010,43864010,1782864542777477,True,True
15062158,0.62500000,140.00000000,43864011,43864011,1782864542777801,True,True
15062159,0.62500000,140.00000000,43864012,43864012,1782864542778673,True,True
15062160,0.62500000,140.00000000,43864013,43864014,1782864545374513,True,True
15062161,0.62500000,140.00000000,43864015,43864015,1782864545374636,True,True
15062162,0.62500000,29.00000000,43864016,43864016,1782864545374771,True,True
15062163,0.62500000,111.00000000,43864017,43864017,1782864546664256,True,True
15062164,0.62500000,78.00000000,43864018,43864018,1782864546664324,True,True
15062165,0.62500000,25.00000000,43864019,43864019,1782864548885502,True,True
15062166,0.62500000,37.00000000,43864020,43864020,1782864549160218,True,True
15062167,0.62500000,23.00000000,43864021,43864021,1782864554424842,True,True
15062168,0.62500000,60.00000000,43864022,43864022,1782864555092814,True,True
15062169,0.62500000,176.35000000,43864023,43864025,1782864569282380,True,True
15062170,0.62500000,140.00000000,43864026,43864027,1782864569331221,True,True
15062171,0.62500000,557.62000000,43864028,43864028,1782864574691608,True,True
15062172,0.62500000,140.00000000,43864029,43864029,1782864574695260,True,True
15062173,0.62500000,7884.48000000,43864030,43864047,1782864574697319,True,True
15062174,0.62400000,140.00000000,43864048,43864048,1782864574700694,True,True
15062175,0.62400000,140.00000000,43864049,43864049,1782864574700729,True,True
15062176,0.62400000,140.00000000,43864050,43864050,1782864574700803,True,True
15062177,0.62400000,140.00000000,43864051,43864051,1782864574700920,True,True
15062178,0.62400000,140.00000000,43864052,43864052,1782864574701367,True,True
15062179,0.62400000,112.54000000,43864053,43864053,1782864603358916,True,True
15062180,0.62500000,59.33000000,43864054,43864054,1782864683197150,False,True
15062181,0.62500000,64.39000000,43864055,43864055,1782864713172722,False,True
15062182,0.62500000,16.04000000,43864056,43864056,1782864741185517,False,True
15062183,0.62500000,47.06000000,43864057,43864057,1782864773255648,False,True
15062184,0.62500000,800.00000000,43864058,43864058,1782864861086634,False,True
15062185,0.62500000,1936.21000000,43864059,43864060,1782864914433312,False,True
15062186,0.62500000,1830.14000000,43864061,43864061,1782864914704289,False,True
15062187,0.62500000,1768.47000000,43864062,43864066,1782864914963023,False,True
15062188,0.62500000,802.24000000,43864067,43864067,1782864914993770,False,True
15062189,0.62500000,1881.60000000,43864068,43864068,1782864915265360,False,True
15062190,0.62500000,200.00000000,43864069,43864069,1782864915567147,False,True
15062191,0.62500000,400.00000000,43864070,43864070,1782864915567774,False,True
15062192,0.62500000,2332.20000000,43864071,43864075,1782864915568123,False,True
15062193,0.62500000,77.52000000,43864076,43864076,1782864915568343,False,True
15062194,0.62500000,5230.00000000,43864077,43864077,1782864915568345,False,True
15062195,0.62500000,7190.00000000,43864078,43864078,1782864915568860,False,True
15062196,0.62500000,78.91000000,43864079,43864079,1782864915568931,False,True
15062197,0.62500000,7400.00000000,43864080,43864080,1782864915568932,False,True
15062198,0.62500000,7560.00000000,43864081,43864081,1782864915568995,False,True
15062199,0.62500000,469.29000000,43864082,43864082,1782864915569040,False,True
15062200,0.62500000,412.13000000,43864083,43864083,1782864915569218,False,True
15062201,0.62500000,1682.16000000,43864084,43864084,1782864915569366,False,True
15062202,0.62500000,7150.00000000,43864085,43864085,1782864915569394,False,True
15062203,0.62500000,54.70000000,43864086,43864086,1782864915569528,False,True
15062204,0.62500000,256.10000000,43864087,43864087,1782864915569537,False,True
15062205,0.62500000,5290.00000000,43864088,43864088,1782864915569712,False,True
15062206,0.62500000,84.44000000,43864089,43864089,1782864915569890,False,True
15062207,0.62500000,146.37000000,43864090,43864090,1782864915570332,False,True
15062208,0.62500000,5696.23000000,43864091,43864091,1782864915570348,False,True
15062209,0.62500000,681.10000000,43864092,43864092,1782864915570421,False,True
15062210,0.62500000,132.24000000,43864093,43864093,1782864915570438,False,True
15062211,0.62500000,7651.36000000,43864094,43864094,1782864915570565,False,True
15062212,0.62500000,135.66000000,43864095,43864095,1782864915570637,False,True
15062213,0.62500000,74.00000000,43864096,43864096,1782864915570736,False,True
15062214,0.62500000,266.35000000,43864097,43864097,1782864915570746,False,True
15062215,0.62500000,9270.00000000,43864098,43864098,1782864915570757,False,True
15062216,0.62500000,531.10000000,43864099,43864099,1782864915570828,False,True
15062217,0.62500000,709.86000000,43864100,43864100,1782864915570833,False,True
15062218,0.62500000,110.00000000,43864101,43864101,1782864915570841,False,True
15062219,0.62500000,163.35000000,43864102,43864102,1782864915570893,False,True
15062220,0.62500000,331.75000000,43864103,43864103,1782864915570963,False,True
15062221,0.62500000,111.41000000,43864104,43864104,1782864915571083,False,True
15062222,0.62500000,384.05000000,43864105,43864105,1782864915571607,False,True
15062223,0.62500000,8312.28000000,43864106,43864107,1782864915571659,False,True
15062224,0.62500000,3870.84000000,43864108,43864116,1782864915571717,False,True
15062225,0.62600000,762.35000000,43864117,43864117,1782864915591136,False,True
15062226,0.62600000,44.10000000,43864118,43864118,1782864915594288,False,True
15062227,0.62500000,8390.00000000,43864119,43864131,1782864921234428,True,True
15062228,0.62500000,9480.00000000,43864132,43864139,1782864921234567,True,True
15062229,0.62500000,2158.41000000,43864140,43864146,1782864921235921,True,True
15062230,0.62500000,5700.00000000,43864147,43864150,1782864921236232,True,True
15062231,0.62500000,959.43000000,43864151,43864153,1782864921236423,True,True
15062232,0.62400000,140.00000000,43864154,43864154,1782864921238292,True,True
15062233,0.62400000,140.00000000,43864155,43864155,1782864921238383,True,True
15062234,0.62400000,140.00000000,43864156,43864157,1782864921245455,True,True
15062235,0.62400000,140.00000000,43864158,43864158,1782864921258246,True,True
15062236,0.62400000,640.00000000,43864159,43864159,1782864921276826,True,True
15062237,0.62500000,835.00000000,43864160,43864160,1782864921824772,False,True
15062238,0.62500000,82.20000000,43864161,43864161,1782864929455959,False,True
15062239,0.62500000,320.00000000,43864162,43864162,1782864966076469,False,True
15062240,0.62500000,168.66000000,43864163,43864164,1782865013221869,False,True
15062241,0.62500000,262.00000000,43864165,43864165,1782865026465843,False,True
15062242,0.62500000,24.01000000,43864166,43864166,1782865040579837,False,True
15062243,0.62400000,25.06000000,43864167,43864167,1782865040585425,True,True
15062244,0.62400000,141.00000000,43864168,43864168,1782865079347018,True,True
15062245,0.62400000,640.00000000,43864169,43864177,1782865079371688,True,True
15062246,0.62400000,81.00000000,43864178,43864178,1782865103224186,True,True
15062247,0.62400000,319.00000000,43864179,43864179,1782865107180680,True,True
15062248,0.62400000,173.00000000,43864180,43864180,1782865107180841,True,True
15062249,0.62400000,27.00000000,43864181,43864181,1782865112495542,True,True
15062250,0.62500000,8625.63000000,43864182,43864190,1782865120211562,False,True
15062251,0.62400000,400.00000000,43864191,43864191,1782865151090250,True,True
15062252,0.62400000,200.00000000,43864192,43864192,1782865151090265,True,True
15062253,0.62400000,16.01000000,43864193,43864193,1782865151093468,True,True
15062254,0.62400000,16.01000000,43864194,43864194,1782865151093473,True,True
15062255,0.62400000,640.00000000,43864195,43864195,1782865151136052,True,True
15062256,0.62400000,28.00000000,43864196,43864196,1782865171435126,True,True
15062257,0.62400000,190.80000000,43864197,43864197,1782865183007382,True,True
15062258,0.62400000,246.04000000,43864198,43864198,1782865190103868,True,True
15062259,0.62400000,819.44000000,43864199,43864199,1782865190103961,True,True
15062260,0.62400000,4520.00000000,43864200,43864211,1782865190104832,True,True
15062261,0.62400000,91.51000000,43864212,43864212,1782865190104953,True,True
15062262,0.62400000,73.49000000,43864213,43864213,1782865190105173,True,True
15062263,0.62400000,72.10000000,43864214,43864214,1782865190105219,True,True
15062264,0.62400000,302.27000000,43864215,43864215,1782865190106173,True,True
15062265,0.62400000,16.99000000,43864216,43864217,1782865190106666,True,True
15062266,0.62300000,355.01000000,43864218,43864218,1782865190106666,True,True
15062267,0.62300000,200.00000000,43864219,43864220,1782865190106758,True,True
15062268,0.62300000,640.00000000,43864221,43864224,1782865190129906,True,True
15062269,0.62300000,1256.69000000,43864225,43864225,1782865192837486,True,True
15062270,0.62300000,2840.88000000,43864226,43864227,1782865227598261,True,True
15062271,0.62300000,16.06000000,43864228,43864228,1782865229769499,True,True
15062272,0.62400000,320.00000000,43864229,43864229,1782865235299391,False,True
15062273,0.62300000,1320.97000000,43864230,43864231,1782865235446172,True,True
15062274,0.62300000,662.72000000,43864232,43864232,1782865269515618,True,True
15062275,0.62300000,640.00000000,43864233,43864241,1782865301090695,True,True
15062276,0.62300000,141.00000000,43864242,43864247,1782865305441480,True,True
15062277,0.62300000,141.00000000,43864248,43864248,1782865305441638,True,True
15062278,0.62300000,141.00000000,43864249,43864253,1782865305441797,True,True
15062279,0.62300000,141.00000000,43864254,43864254,1782865305441829,True,True
15062280,0.62300000,640.00000000,43864255,43864256,1782865305474162,True,True
15062281,0.62300000,4990.00000000,43864257,43864265,1782865312600124,True,True
15062282,0.62300000,11.19000000,43864266,43864267,1782865312602345,True,True
15062283,0.62200000,141.00000000,43864268,43864268,1782865312655382,True,True
15062284,0.62200000,141.00000000,43864269,43864269,1782865312655971,True,True
15062285,0.62200000,141.00000000,43864270,43864270,1782865312659945,True,True
15062286,0.62200000,640.00000000,43864271,43864271,1782865312661943,True,True
15062287,0.62200000,141.00000000,43864272,43864272,1782865312668757,True,True
15062288,0.62200000,321.00000000,43864273,43864273,1782865312675045,True,True
15062289,0.62300000,321.00000000,43864274,43864274,1782865314061807,False,True
15062290,0.62300000,32.11000000,43864275,43864275,1782865370594757,False,True
15062291,0.62200000,31.82000000,43864276,43864276,1782865370600634,True,True
15062292,0.62300000,321.00000000,43864277,43864277,1782865397752211,False,True
15062293,0.62300000,321.00000000,43864278,43864278,1782865399126321,False,True
15062294,0.62300000,321.00000000,43864279,43864279,1782865414127363,False,True
15062295,0.62300000,321.00000000,43864280,43864280,1782865421938655,False,True
15062296,0.62300000,11.50000000,43864281,43864281,1782865422781116,False,True
15062297,0.62300000,45.34000000,43864282,43864282,1782865443404378,False,True
15062298,0.62300000,45.38000000,43864283,43864283,1782865443411832,False,True
15062299,0.62300000,45.27000000,43864284,43864284,1782865443412544,False,True
15062300,0.62300000,30.51000000,43864285,43864285,1782865450530266,False,True
15062301,0.62200000,30.14000000,43864286,43864286,1782865450536570,True,True
15062302,0.62200000,400.08000000,43864287,43864287,1782865466079936,True,True
15062303,0.62300000,13.12000000,43864288,43864288,1782865498819739,False,True
15062304,0.62300000,321.00000000,43864289,43864289,1782865529636057,False,True
15062305,0.62300000,642.30000000,43864290,43864290,1782865529670847,False,True
15062306,0.62300000,321.00000000,43864291,43864291,1782865541121163,False,True
15062307,0.62300000,321.00000000,43864292,43864292,1782865541353718,False,True
15062308,0.62300000,25.69000000,43864293,43864293,1782865550568861,False,True
15062309,0.62200000,25.37000000,43864294,43864294,1782865550575352,True,True
15062310,0.62300000,321.00000000,43864295,43864295,1782865562074159,False,True
15062311,0.62200000,640.00000000,43864296,43864296,1782865603851264,True,True
15062312,0.62300000,321.00000000,43864297,43864297,1782865629010750,False,True
15062313,0.62300000,321.00000000,43864298,43864299,1782865632844407,False,True
15062314,0.62300000,321.00000000,43864300,43864300,1782865636342804,False,True
15062315,0.62300000,321.00000000,43864301,43864301,1782865660074630,False,True
15062316,0.62300000,321.00000000,43864302,43864302,1782865673561068,False,True
15062317,0.62300000,321.00000000,43864303,43864309,1782865676834116,False,True
15062318,0.62200000,94.45000000,43864310,43864310,1782865680819239,True,True
15062319,0.62300000,16232.24000000,43864311,43864330,1782865694246775,False,True
15062320,0.62400000,321.00000000,43864331,43864331,1782865694248633,False,True
15062321,0.62400000,81.73000000,43864332,43864332,1782865745131988,False,True
15062322,0.62400000,160.25000000,43864333,43864333,1782865774184500,False,True
15062323,0.62400000,320.00000000,43864334,43864334,1782865804682636,False,True
15062324,0.62400000,320.00000000,43864335,43864336,1782865819126310,False,True
15062325,0.62300000,26.74000000,43864337,43864337,1782865820612944,True,True
15062326,0.62400000,320.00000000,43864338,43864338,1782865838316542,False,True
15062327,0.62300000,1625.38000000,43864339,43864340,1782865841387772,True,True
15062328,0.62400000,320.00000000,43864341,43864341,1782865843098986,False,True
15062329,0.62400000,320.00000000,43864342,43864342,1782865843252719,False,True
15062330,0.62400000,320.00000000,43864343,43864343,1782865851566761,False,True
15062331,0.62400000,113.00000000,43864344,43864346,1782865862390343,False,True
15062332,0.62400000,109.75000000,43864347,43864347,1782865862558133,False,True
15062333,0.62400000,320.00000000,43864348,43864348,1782865864126659,False,True
15062334,0.62400000,320.00000000,43864349,43864354,1782865866322122,False,True
15062335,0.62400000,4310.00000000,43864355,43864366,1782865866326807,False,True
15062336,0.62400000,0.55000000,43864367,43864367,1782865866328232,False,True
15062337,0.62500000,319.45000000,43864368,43864368,1782865866328232,False,True
15062338,0.62400000,348.00000000,43864369,43864369,1782865868475910,True,True
15062339,0.62400000,292.00000000,43864370,43864370,1782865868512890,True,True
15062340,0.62400000,1000.87000000,43864371,43864371,1782865870526959,True,True
15062341,0.62400000,186.26000000,43864372,43864372,1782865880051211,True,True
15062342,0.62400000,3112.00000000,43864373,43864376,1782865880365464,True,True
15062343,0.62400000,69.00000000,43864377,43864378,1782865880366118,True,True
15062344,0.62400000,331.00000000,43864379,43864381,1782865880366201,True,True
15062345,0.62400000,36.34000000,43864382,43864386,1782865880366278,True,True
15062346,0.62300000,60.00000000,43864387,43864387,1782865880366341,True,True
15062347,0.62300000,140.00000000,43864388,43864388,1782865880366587,True,True
15062348,0.62300000,59.00000000,43864389,43864389,1782865880388649,True,True
15062349,0.62300000,581.00000000,43864390,43864390,1782865880412260,True,True
15062350,0.62400000,8.01000000,43864391,43864391,1782865948404125,False,True
15062351,0.62400000,320.00000000,43864392,43864392,1782865948555168,False,True
15062352,0.62400000,320.00000000,43864393,43864393,1782865950807198,False,True
15062353,0.62400000,320.00000000,43864394,43864394,1782865952196627,False,True
15062354,0.62400000,320.00000000,43864395,43864395,1782865955685306,False,True
15062355,0.62400000,320.00000000,43864396,43864397,1782865960683727,False,True
15062356,0.62400000,320.00000000,43864398,43864398,1782866016230006,False,True
15062357,0.62400000,557.35000000,43864399,43864399,1782866021817461,False,True
15062358,0.62400000,320.00000000,43864400,43864400,1782866023107066,False,True
15062359,0.62400000,3473.31000000,43864401,43864412,1782866023109693,False,True
15062360,0.62500000,200.00000000,43864413,43864413,1782866023117619,False,True
15062361,0.62500000,400.00000000,43864414,43864414,1782866023117874,False,True
15062362,0.62500000,320.00000000,43864415,43864415,1782866023892164,False,True
15062363,0.62500000,24.00000000,43864416,43864416,1782866060503328,False,True
15062364,0.62500000,320.00000000,43864417,43864417,1782866064945740,False,True
15062365,0.62500000,320.00000000,43864418,43864418,1782866090650070,False,True
15062366,0.62400000,24.00000000,43864419,43864419,1782866139260279,True,True
15062367,0.62400000,21.00000000,43864420,43864420,1782866142271493,True,True
15062368,0.62400000,23.00000000,43864421,43864421,1782866143266913,True,True
15062369,0.62400000,572.00000000,43864422,43864422,1782866162016367,True,True
15062370,0.62400000,45.30000000,43864423,43864425,1782866162046847,True,True
15062371,0.62400000,640.00000000,43864426,43864432,1782866211788760,True,True
15062372,0.62500000,320.00000000,43864433,43864433,1782866224767138,False,True
15062373,0.62500000,320.00000000,43864434,43864434,1782866236633685,False,True
15062374,0.62500000,320.00000000,43864435,43864435,1782866239126383,False,True
15062375,0.62500000,320.00000000,43864436,43864436,1782866245343388,False,True
15062376,0.62500000,320.00000000,43864437,43864437,1782866245910209,False,True
15062377,0.62500000,320.00000000,43864438,43864438,1782866269136672,False,True
15062378,0.62500000,320.00000000,43864439,43864439,1782866292949273,False,True
15062379,0.62500000,320.00000000,43864440,43864440,1782866353668784,False,True
15062380,0.62400000,100.00000000,43864441,43864441,1782866429821027,True,True
15062381,0.62400000,100.00000000,43864442,43864442,1782866587034726,True,True
15062382,0.62500000,320.00000000,43864443,43864443,1782866762766945,False,True
15062383,0.62500000,320.00000000,43864444,43864444,1782866765211396,False,True
15062384,0.62500000,15.99000000,43864445,43864446,1782866768096476,False,True
15062385,0.62500000,319.12000000,43864447,43864458,1782866770418066,False,True
15062386,0.62500000,200.00000000,43864459,43864462,1782866770422107,False,True
15062387,0.62500000,400.00000000,43864463,43864463,1782866770422270,False,True
15062388,0.62500000,320.00000000,43864464,43864464,1782866770423869,False,True
15062389,0.62500000,15.99000000,43864465,43864466,1782866770432589,False,True
15062390,0.62500000,80.00000000,43864467,43864471,1782866804478703,False,True
15062391,0.62500000,48.00000000,43864472,43864472,1782866804478800,False,True
15062392,0.62500000,80.00000000,43864473,43864473,1782866804478897,False,True
15062393,0.62500000,48.00000000,43864474,43864474,1782866804479009,False,True
15062394,0.62500000,54.00000000,43864475,43864475,1782866804498997,False,True
15062395,0.62500000,48.00000000,43864476,43864476,1782866804509298,False,True
15062396,0.62500000,80.00000000,43864477,43864477,1782866804512855,False,True
15062397,0.62500000,18.00000000,43864478,43864478,1782866804516516,False,True
15062398,0.62500000,30.00000000,43864479,43864479,1782866804516612,False,True
15062399,0.62500000,48.00000000,43864480,43864480,1782866804529594,False,True
15062400,0.62500000,54.00000000,43864481,43864481,1782866804532937,False,True
15062401,0.62500000,80.00000000,43864482,43864482,1782866804536325,False,True
15062402,0.62500000,18.00000000,43864483,43864483,1782866804541126,False,True
15062403,0.62500000,30.00000000,43864484,43864484,1782866804548399,False,True
15062404,0.62500000,48.00000000,43864485,43864485,1782866804555685,False,True
15062405,0.62500000,54.00000000,43864486,43864486,1782866804562228,False,True
15062406,0.62500000,38.00000000,43864487,43864487,1782866804569219,False,True
15062407,0.62400000,4807.69000000,43864488,43864495,1782866805248283,True,True
15062408,0.62500000,173.00000000,43864496,43864496,1782866808622070,False,True
15062409,0.62500000,43.00000000,43864497,43864497,1782866819960850,False,True
15062410,0.62500000,38.00000000,43864498,43864498,1782866819985188,False,True
15062411,0.62500000,28.00000000,43864499,43864499,1782866820020102,False,True
15062412,0.62500000,10.00000000,43864500,43864500,1782866820020317,False,True
15062413,0.62500000,28.00000000,43864501,43864501,1782866820049894,False,True
15062414,0.62500000,10.00000000,43864502,43864502,1782866820056547,False,True
15062415,0.62500000,14.00000000,43864503,43864503,1782866820072882,False,True
15062416,0.62500000,14.00000000,43864504,43864504,1782866820073063,False,True
15062417,0.62500000,14.00000000,43864505,43864505,1782866820107426,False,True
15062418,0.62500000,10.00000000,43864506,43864506,1782866820110851,False,True
15062419,0.62500000,14.00000000,43864507,43864507,1782866820114755,False,True
15062420,0.62500000,14.00000000,43864508,43864508,1782866820129007,False,True
15062421,0.62500000,10.00000000,43864509,43864509,1782866820134769,False,True
15062422,0.62500000,24.00000000,43864510,43864510,1782866820149432,False,True
15062423,0.62500000,34.00000000,43864511,43864511,1782866820172398,False,True
15062424,0.62500000,34.00000000,43864512,43864513,1782866820196151,False,True
15062425,0.62500000,29.00000000,43864514,43864514,1782866820215978,False,True
15062426,0.62500000,34.00000000,43864515,43864515,1782866820241455,False,True
15062427,0.62500000,34.00000000,43864516,43864516,1782866820284804,False,True
15062428,0.62500000,23.00000000,43864517,43864517,1782866820308851,False,True
15062429,0.62500000,23.00000000,43864518,43864518,1782866820334913,False,True
15062430,0.62500000,23.00000000,43864519,43864519,1782866820359038,False,True
15062431,0.62500000,23.00000000,43864520,43864520,1782866820382921,False,True
15062432,0.62500000,23.00000000,43864521,43864521,1782866820406369,False,True
15062433,0.62500000,23.00000000,43864522,43864522,1782866820429679,False,True
15062434,0.62500000,23.00000000,43864523,43864523,1782866820454361,False,True
15062435,0.62500000,23.00000000,43864524,43864524,1782866820480303,False,True
15062436,0.62500000,23.00000000,43864525,43864525,1782866820508356,False,True
15062437,0.62500000,23.00000000,43864526,43864526,1782866820533034,False,True
15062438,0.62500000,23.00000000,43864527,43864527,1782866820566236,False,True
15062439,0.62500000,23.00000000,43864528,43864528,1782866820598904,False,True
15062440,0.62500000,23.00000000,43864529,43864529,1782866820621329,False,True
15062441,0.62500000,23.00000000,43864530,43864530,1782866820645812,False,True
15062442,0.62500000,23.00000000,43864531,43864531,1782866820671599,False,True
15062443,0.62500000,23.00000000,43864532,43864532,1782866820695971,False,True
15062444,0.62500000,23.00000000,43864533,43864533,1782866820718905,False,True
15062445,0.62500000,200.00000000,43864534,43864534,1782866828660377,False,True
15062446,0.62500000,400.00000000,43864535,43864535,1782866828660386,False,True
15062447,0.62500000,80.00000000,43864536,43864536,1782866828662383,False,True
15062448,0.62500000,28.00000000,43864537,43864537,1782866828665555,False,True
15062449,0.62500000,56.00000000,43864538,43864538,1782866828666777,False,True
15062450,0.62500000,1895.31000000,43864539,43864547,1782866828666797,False,True
15062451,0.62500000,53.00000000,43864548,43864548,1782866828669504,False,True
15062452,0.62500000,48.00000000,43864549,43864549,1782866828670698,False,True
15062453,0.62500000,320.00000000,43864550,43864554,1782866828687905,False,True
15062454,0.62500000,48.00000000,43864555,43864559,1782866828699283,False,True
15062455,0.62500000,16.99000000,43864560,43864561,1782866828700610,False,True
15062456,0.62600000,320.00000000,43864562,43864562,1782866828701288,False,True
15062457,0.62600000,319.00000000,43864563,43864564,1782866829361415,False,True
15062458,0.62600000,319.00000000,43864565,43864565,1782866855330671,False,True
15062459,0.62500000,140.00000000,43864566,43864566,1782866888147465,True,True
15062460,0.62500000,140.00000000,43864567,43864567,1782866888147649,True,True
15062461,0.62500000,140.00000000,43864568,43864568,1782866888148180,True,True
15062462,0.62500000,100.50000000,43864569,43864570,1782866905721235,True,True
15062463,0.62600000,121.00000000,43864571,43864575,1782866915576415,False,True
15062464,0.62600000,319.00000000,43864576,43864591,1782866932848185,False,True
15062465,0.62600000,12.00000000,43864592,43864593,1782866972772805,False,True
15062466,0.62500000,15.98000000,43864594,43864594,1782866977634433,True,True
15062467,0.62500000,100.00000000,43864595,43864598,1782866978616442,True,True
15062468,0.62600000,79.87000000,43864599,43864601,1782866990203152,False,True
15062469,0.62500000,21.29000000,43864602,43864602,1782867022713257,True,True
15062470,0.62600000,32.89000000,43864603,43864606,1782867083007475,False,True
15062471,0.62600000,29.00000000,43864607,43864609,1782867173734910,False,True
15062472,0.62600000,238.00000000,43864610,43864614,1782867175599226,False,True
15062473,0.62600000,41.00000000,43864615,43864615,1782867176063511,False,True
15062474,0.62600000,92.00000000,43864616,43864616,1782867183076511,False,True
15062475,0.62600000,136.00000000,43864617,43864617,1782867183076569,False,True
15062476,0.62600000,45.20000000,43864618,43864618,1782867183101902,False,True
15062477,0.62600000,64.00000000,43864619,43864619,1782867184014226,False,True
15062478,0.62600000,13.97000000,43864620,43864620,1782867298619478,False,True
15062479,0.62600000,319.00000000,43864621,43864621,1782867326328720,False,True
15062480,0.62600000,319.00000000,43864622,43864622,1782867330977305,False,True
15062481,0.62600000,319.00000000,43864623,43864623,1782867338611158,False,True
15062482,0.62600000,319.00000000,43864624,43864624,1782867362446732,False,True
15062483,0.62600000,989.91000000,43864625,43864625,1782867383889271,False,True
15062484,0.62600000,25.57000000,43864626,43864626,1782867390603271,False,True
15062485,0.62500000,25.11000000,43864627,43864627,1782867390610497,True,True
15062486,0.62600000,40.00000000,43864628,43864628,1782867417164080,False,True
15062487,0.62600000,79.00000000,43864629,43864629,1782867418094240,False,True
15062488,0.62600000,39.00000000,43864630,43864630,1782867418094645,False,True
15062489,0.62600000,319.00000000,43864631,43864631,1782867420350954,False,True
15062490,0.62600000,79.00000000,43864632,43864632,1782867420354320,False,True
15062491,0.62600000,79.00000000,43864633,43864633,1782867420354580,False,True
15062492,0.62600000,247.00000000,43864634,43864634,1782867422801124,False,True
15062493,0.62600000,19.00000000,43864635,43864635,1782867425779612,False,True
15062494,0.62600000,24.00000000,43864636,43864636,1782867433426511,False,True
15062495,0.62600000,26.00000000,43864637,43864637,1782867444630614,False,True
15062496,0.62600000,84.00000000,43864638,43864638,1782867455802153,False,True
15062497,0.62600000,35.00000000,43864639,43864639,1782867455802324,False,True
15062498,0.62600000,127.00000000,43864640,43864640,1782867464154102,False,True
15062499,0.62600000,38.00000000,43864641,43864641,1782867477711173,False,True
15062500,0.62600000,69.00000000,43864642,43864642,1782867480624486,False,True
15062501,0.62600000,79.00000000,43864643,43864643,1782867480624787,False,True
15062502,0.62600000,45.23000000,43864644,43864644,1782867481602643,False,True
15062503,0.62600000,10.00000000,43864645,43864645,1782867482138283,False,True
15062504,0.62600000,47.00000000,43864646,43864646,1782867482138580,False,True
15062505,0.62600000,47.00000000,43864647,43864647,1782867482139054,False,True
15062506,0.62600000,871.94000000,43864648,43864660,1782867580459229,False,True
15062507,0.62600000,319.00000000,43864661,43864661,1782867609088389,False,True
15062508,0.62600000,319.00000000,43864662,43864662,1782867634126384,False,True
15062509,0.62600000,319.00000000,43864663,43864663,1782867636584398,False,True
15062510,0.62600000,68.00000000,43864664,43864664,1782867643084798,False,True
15062511,0.62600000,36.00000000,43864665,43864665,1782867653104639,False,True
15062512,0.62600000,15.00000000,43864666,43864666,1782867657287350,False,True
15062513,0.62600000,15.00000000,43864667,43864667,1782867657924806,False,True
15062514,0.62600000,28.00000000,43864668,43864668,1782867661281029,False,True
15062515,0.62600000,25.00000000,43864669,43864669,1782867666270060,False,True
15062516,0.62600000,75.00000000,43864670,43864670,1782867669255345,False,True
15062517,0.62600000,21.00000000,43864671,43864671,1782867669255536,False,True
15062518,0.62600000,72.00000000,43864672,43864672,1782867677429436,False,True
15062519,0.62600000,16.00000000,43864673,43864673,1782867678277236,False,True
15062520,0.62600000,21.00000000,43864674,43864674,1782867685278955,False,True
15062521,0.62600000,16.00000000,43864675,43864675,1782867688286301,False,True
15062522,0.62600000,54.00000000,43864676,43864676,1782867688308688,False,True
15062523,0.62600000,35711.13000000,43864677,43864705,1782867698189077,False,True
15062524,0.62700000,36933.93000000,43864706,43864737,1782867698189077,False,True
15062525,0.62700000,400.00000000,43864738,43864738,1782867698192549,False,True
15062526,0.62700000,79.00000000,43864739,43864739,1782867698192678,False,True
15062527,0.62700000,200.00000000,43864740,43864740,1782867698192784,False,True
15062528,0.62700000,79.00000000,43864741,43864741,1782867698193025,False,True
15062529,0.62700000,47.00000000,43864742,43864742,1782867698193841,False,True
15062530,0.62700000,47.00000000,43864743,43864743,1782867698194025,False,True
15062531,0.62700000,319.00000000,43864744,43864744,1782867698194439,False,True
15062532,0.62700000,319.00000000,43864745,43864745,1782867700087359,False,True
15062533,0.62700000,319.00000000,43864746,43864746,1782867700324130,False,True
15062534,0.62700000,319.00000000,43864747,43864747,1782867701484047,False,True
15062535,0.62700000,79.00000000,43864748,43864749,1782867706438608,False,True
15062536,0.62700000,79.00000000,43864750,43864750,1782867706438928,False,True
15062537,0.62700000,40.00000000,43864751,43864751,1782867706441703,False,True
15062538,0.62700000,83.42000000,43864752,43864752,1782867708306600,False,True
15062539,0.62700000,83.42000000,43864753,43864753,1782867708308463,False,True
15062540,0.62700000,47.86000000,43864754,43864754,1782867708421908,False,True
15062541,0.62700000,47.86000000,43864755,43864755,1782867708422253,False,True
15062542,0.62700000,79.00000000,43864756,43864756,1782867709425428,False,True
15062543,0.62700000,79.00000000,43864757,43864757,1782867709425676,False,True
15062544,0.62700000,47.00000000,43864758,43864758,1782867709425870,False,True
15062545,0.62700000,54.00000000,43864759,43864759,1782867709425936,False,True
15062546,0.62700000,319.00000000,43864760,43864760,1782867709426470,False,True
15062547,0.62700000,1604.58000000,43864761,43864761,1782867709473092,False,True
15062548,0.62700000,79.00000000,43864762,43864762,1782867709511866,False,True
15062549,0.62700000,79.00000000,43864763,43864763,1782867709512293,False,True
15062550,0.62700000,319.00000000,43864764,43864764,1782867709513403,False,True
15062551,0.62700000,47.00000000,43864765,43864765,1782867709513848,False,True
15062552,0.62700000,47.00000000,43864766,43864766,1782867709514211,False,True
15062553,0.62700000,2819.69000000,43864767,43864767,1782867709727211,False,True
15062554,0.62700000,47.00000000,43864768,43864770,1782867709798263,False,True
15062555,0.62700000,47.00000000,43864771,43864773,1782867709798772,False,True
15062556,0.62700000,79.00000000,43864774,43864774,1782867709799676,False,True
15062557,0.62700000,79.00000000,43864775,43864776,1782867709799715,False,True
15062558,0.62700000,319.00000000,43864777,43864777,1782867709799871,False,True
15062559,0.62700000,1260.05000000,43864778,43864778,1782867709801661,False,True
15062560,0.62700000,47.00000000,43864779,43864779,1782867711056082,False,True
15062561,0.62700000,79.00000000,43864780,43864780,1782867711056176,False,True
15062562,0.62700000,47.00000000,43864781,43864781,1782867711056605,False,True
15062563,0.62700000,79.00000000,43864782,43864782,1782867711056616,False,True
15062564,0.62700000,1904.25000000,43864783,43864784,1782867711058891,False,True
15062565,0.62700000,9.00000000,43864785,43864785,1782867718148739,False,True
15062566,0.62700000,75.07000000,43864786,43864786,1782867718309064,False,True
15062567,0.62700000,75.07000000,43864787,43864787,1782867718309564,False,True
15062568,0.62700000,47.86000000,43864788,43864788,1782867718424106,False,True
15062569,0.62700000,47.86000000,43864789,43864789,1782867718424702,False,True
15062570,0.62700000,70.00000000,43864790,43864790,1782867718467974,False,True
15062571,0.62700000,76.00000000,43864791,43864791,1782867718468241,False,True
15062572,0.62700000,79.00000000,43864792,43864792,1782867718488152,False,True
15062573,0.62700000,47.00000000,43864793,43864793,1782867718488188,False,True
15062574,0.62700000,47.00000000,43864794,43864794,1782867718488349,False,True
15062575,0.62700000,182.27000000,43864795,43864795,1782867723426430,False,True
15062576,0.62700000,182.24000000,43864796,43864796,1782867723426605,False,True
15062577,0.62700000,468.26000000,43864797,43864797,1782867726309165,False,True
15062578,0.62700000,67.57000000,43864798,43864798,1782867728309304,False,True
15062579,0.62700000,207.41000000,43864799,43864799,1782867730310602,False,True
15062580,0.62600000,71.00000000,43864800,43864800,1782867746719028,True,True
15062581,0.62600000,140.00000000,43864801,43864801,1782867746722397,True,True
15062582,0.62600000,69.00000000,43864802,43864802,1782867746722598,True,True
15062583,0.62600000,140.00000000,43864803,43864803,1782867746722628,True,True
15062584,0.62600000,140.00000000,43864804,43864804,1782867746722756,True,True
15062585,0.62600000,140.00000000,43864805,43864805,1782867746723084,True,True
15062586,0.62700000,107.00000000,43864806,43864806,1782867746728119,False,True
15062587,0.62600000,16.00000000,43864807,43864807,1782867758285522,True,True
15062588,0.62600000,16.00000000,43864808,43864808,1782867761024678,True,True
15062589,0.62700000,27.12000000,43864809,43864809,1782867761543735,False,True
15062590,0.62600000,27.64000000,43864810,43864810,1782867761550199,True,True
15062591,0.62600000,9.00000000,43864811,43864811,1782867765245842,True,True
15062592,0.62600000,19.00000000,43864812,43864812,1782867776536617,True,True
15062593,0.62600000,64.00000000,43864813,43864813,1782867778714389,True,True
15062594,0.62600000,12.00000000,43864814,43864814,1782867783214675,True,True
15062595,0.62600000,16.00000000,43864815,43864815,1782867786858634,True,True
15062596,0.62600000,52.00000000,43864816,43864816,1782867787445868,True,True
15062597,0.62600000,72.00000000,43864817,43864817,1782867801384450,True,True
15062598,0.62600000,316.00000000,43864818,43864818,1782867877629789,True,True
15062599,0.62600000,324.00000000,43864819,43864823,1782867877654381,True,True
15062600,0.62600000,238.59000000,43864824,43864830,1782867878455551,True,True
15062601,0.62600000,5569.03000000,43864831,43864838,1782867878457731,True,True
15062602,0.62600000,124.57000000,43864839,43864846,1782867878460669,True,True
15062603,0.62500000,275.43000000,43864847,43864853,1782867878460669,True,True
15062604,0.62500000,200.00000000,43864854,43864854,1782867878460738,True,True
15062605,0.62500000,140.00000000,43864855,43864855,1782867878461747,True,True
15062606,0.62500000,93.97000000,43864856,43864856,1782867878462307,True,True
15062607,0.62500000,640.00000000,43864857,43864857,1782867878480202,True,True
15062608,0.62600000,319.00000000,43864858,43864858,1782867955291404,False,True
15062609,0.62600000,319.00000000,43864859,43864859,1782867960157001,False,True
15062610,0.62600000,151.05000000,43864860,43864860,1782867960233097,False,True
15062611,0.62600000,319.00000000,43864861,43864862,1782867961584313,False,True
15062612,0.62600000,557.82000000,43864863,43864863,1782867967002544,False,True
15062613,0.62500000,200.26000000,43864864,43864864,1782867980800472,True,True
15062614,0.62600000,200.00000000,43864865,43864865,1782868012701182,False,True
15062615,0.62600000,161.00000000,43864866,43864866,1782868024131182,False,True
15062616,0.62600000,319.00000000,43864867,43864867,1782868031662772,False,True
15062617,0.62600000,319.00000000,43864868,43864871,1782868031708220,False,True
15062618,0.62600000,159.74000000,43864872,43864874,1782868079539002,False,True
15062619,0.62600000,319.00000000,43864875,43864876,1782868198674191,False,True
15062620,0.62600000,319.00000000,43864877,43864877,1782868198746837,False,True
15062621,0.62500000,140.00000000,43864878,43864878,1782868216653944,True,True
15062622,0.62500000,140.00000000,43864879,43864879,1782868217547496,True,True
15062623,0.62500000,140.00000000,43864880,43864880,1782868217547681,True,True
15062624,0.62500000,141.00000000,43864881,43864881,1782868217547739,True,True
15062625,0.62600000,9.00000000,43864882,43864882,1782868217554732,False,True
15062626,0.62500000,245.86000000,43864883,43864885,1782868217864680,True,True
15062627,0.62500000,182.71000000,43864886,43864888,1782868218660657,True,True
15062628,0.62500000,5108.22000000,43864889,43864901,1782868219525012,True,True
15062629,0.62400000,140.00000000,43864902,43864902,1782868219526348,True,True
15062630,0.62400000,140.00000000,43864903,43864903,1782868219526454,True,True
15062631,0.62400000,140.00000000,43864904,43864904,1782868219526787,True,True
15062632,0.62400000,140.00000000,43864905,43864905,1782868219526854,True,True
15062633,0.62400000,140.00000000,43864906,43864906,1782868219527102,True,True
15062634,0.62400000,129.00000000,43864907,43864907,1782868219530638,True,True
15062635,0.62400000,327.07000000,43864908,43864908,1782868219535024,True,True
15062636,0.62400000,141.00000000,43864909,43864910,1782868239362681,True,True
15062637,0.62400000,141.08000000,43864911,43864911,1782868245568080,True,True
15062638,0.62400000,124.55000000,43864912,43864912,1782868245574146,True,True
15062639,0.62400000,56.90000000,43864913,43864913,1782868247943915,True,True
15062640,0.62400000,141.00000000,43864914,43864914,1782868251914580,True,True
15062641,0.62400000,141.00000000,43864915,43864915,1782868251914637,True,True
15062642,0.62400000,141.00000000,43864916,43864916,1782868251914717,True,True
15062643,0.62400000,141.00000000,43864917,43864917,1782868251915053,True,True
15062644,0.62400000,141.00000000,43864918,43864918,1782868251915213,True,True
15062645,0.62400000,1555.28000000,43864919,43864935,1782868251915945,True,True
15062646,0.62400000,822.17000000,43864936,43864947,1782868251916341,True,True
15062647,0.62400000,320.00000000,43864948,43864948,1782868264127044,False,True
15062648,0.62400000,320.00000000,43864949,43864949,1782868267057499,False,True
15062649,0.62400000,320.00000000,43864950,43864950,1782868269424090,False,True
15062650,0.62400000,320.00000000,43864951,43864951,1782868269927464,False,True
15062651,0.62300000,301.23000000,43864952,43864952,1782868278928296,True,True
15062652,0.62400000,16.00000000,43864953,43864954,1782868290545694,False,True
15062653,0.62400000,320.00000000,43864955,43864961,1782868290546955,False,True
15062654,0.62300000,18.40000000,43864962,43864962,1782868295242376,True,True
15062655,0.62300000,329.43000000,43864963,43864963,1782868314950027,True,True
15062656,0.62400000,246.13000000,43864964,43864964,1782868342814727,False,True
15062657,0.62300000,141.00000000,43864965,43864965,1782868364648221,True,True
15062658,0.62300000,141.00000000,43864966,43864966,1782868364648349,True,True
15062659,0.62300000,5022.27000000,43864967,43864993,1782868364906664,True,True
15062660,0.62200000,141.00000000,43864994,43864994,1782868364917333,True,True
15062661,0.62200000,141.00000000,43864995,43864995,1782868364931474,True,True
15062662,0.62200000,141.00000000,43864996,43864996,1782868364944904,True,True
15062663,0.62200000,141.00000000,43864997,43864997,1782868364945341,True,True
15062664,0.62200000,141.00000000,43864998,43864998,1782868364976480,True,True
15062665,0.62200000,141.00000000,43864999,43864999,1782868365069016,True,True
15062666,0.62200000,141.00000000,43865000,43865000,1782868365069191,True,True
15062667,0.62200000,3530.00000000,43865001,43865010,1782868365913767,True,True
15062668,0.62200000,32320.00000000,43865011,43865018,1782868365914629,True,True
15062669,0.62200000,31.66000000,43865019,43865019,1782868365927316,True,True
15062670,0.62200000,250.96000000,43865020,43865020,1782868365928960,True,True
15062671,0.62200000,343.86000000,43865021,43865021,1782868365929340,True,True
15062672,0.62200000,160.84000000,43865022,43865022,1782868365929578,True,True
15062673,0.62200000,97.06000000,43865023,43865023,1782868365930187,True,True
15062674,0.62200000,493.61000000,43865024,43865024,1782868365934684,True,True
15062675,0.62200000,339.70000000,43865025,43865025,1782868365935319,True,True
15062676,0.62200000,698.82000000,43865026,43865026,1782868365943485,True,True
15062677,0.62200000,298.10000000,43865027,43865027,1782868365945284,True,True
15062678,0.62300000,1136.21000000,43865028,43865028,1782868365953178,False,True
15062679,0.62200000,380.00000000,43865029,43865029,1782868365956239,True,True
15062680,0.62200000,1231.39000000,43865030,43865030,1782868365956984,True,True
15062681,0.62200000,747.25000000,43865031,43865031,1782868365993166,True,True
15062682,0.62200000,296.83000000,43865032,43865032,1782868365996581,True,True
15062683,0.62200000,1112.15000000,43865033,43865033,1782868366000610,True,True
15062684,0.62200000,333.33000000,43865034,43865034,1782868366010418,True,True
15062685,0.62200000,2970.82000000,43865035,43865036,1782868366013455,True,True
15062686,0.62200000,16.01000000,43865037,43865037,1782868366018667,True,True
15062687,0.62200000,16.02000000,43865038,43865038,1782868366019148,True,True
15062688,0.62200000,333.33000000,43865039,43865039,1782868366040633,True,True
15062689,0.62200000,33069.59000000,43865040,43865074,1782868366055697,True,True
15062690,0.62100000,22.52000000,43865075,43865075,1782868366830000,True,True
15062691,0.62200000,4440.00000000,43865076,43865088,1782868366990924,False,True
15062692,0.62200000,4770.00000000,43865089,43865096,1782868367013786,False,True
15062693,0.62200000,3362.64000000,43865097,43865106,1782868367992049,False,True
15062694,0.62300000,803.75000000,43865107,43865108,1782868368016236,False,True
15062695,0.62200000,6450.00000000,43865109,43865113,1782868368078382,True,True
15062696,0.62300000,879.31000000,43865114,43865114,1782868368614862,False,True
15062697,0.62200000,1837.66000000,43865115,43865121,1782868369063692,True,True
15062698,0.62200000,3566.32000000,43865122,43865122,1782868369064010,True,True
15062699,0.62200000,8.34000000,43865123,43865123,1782868369064953,True,True
15062700,0.62100000,132.66000000,43865124,43865124,1782868369064953,True,True
15062701,0.62100000,141.00000000,43865125,43865125,1782868369068354,True,True
15062702,0.62100000,141.00000000,43865126,43865126,1782868369069050,True,True
15062703,0.62100000,141.00000000,43865127,43865127,1782868369071763,True,True
15062704,0.62100000,141.00000000,43865128,43865128,1782868369072508,True,True
15062705,0.62200000,25.59000000,43865129,43865129,1782868370534962,False,True
15062706,0.62100000,24.15000000,43865130,43865130,1782868371354573,True,True
15062707,0.62100000,48.00000000,43865131,43865131,1782868372620127,True,True
15062708,0.62200000,321.00000000,43865132,43865138,1782868373174920,False,True
15062709,0.62200000,321.00000000,43865139,43865139,1782868373527334,False,True
15062710,0.62200000,321.00000000,43865140,43865142,1782868374266177,False,True
15062711,0.62200000,321.00000000,43865143,43865144,1782868374560733,False,True
15062712,0.62200000,3740.00000000,43865145,43865149,1782868374900343,False,True
15062713,0.62200000,6950.00000000,43865150,43865160,1782868374902531,False,True
15062714,0.62200000,805.48000000,43865161,43865163,1782868374905607,False,True
15062715,0.62300000,321.00000000,43865164,43865164,1782868374909300,False,True
15062716,0.62200000,330.59000000,43865165,43865165,1782868374977421,True,True
15062717,0.62200000,6760.00000000,43865166,43865170,1782868375084010,True,True
15062718,0.62200000,141.00000000,43865171,43865171,1782868375089971,True,True
15062719,0.62200000,141.00000000,43865172,43865173,1782868375099758,True,True
15062720,0.62200000,54.49000000,43865174,43865178,1782868375108568,True,True
15062721,0.62100000,86.51000000,43865179,43865179,1782868375108568,True,True
15062722,0.62100000,141.00000000,43865180,43865180,1782868375108687,True,True
15062723,0.62100000,321.00000000,43865181,43865181,1782868375143493,True,True
15062724,0.62100000,200.00000000,43865182,43865182,1782868375153117,True,True
15062725,0.62100000,400.00000000,43865183,43865183,1782868375153426,True,True
15062726,0.62200000,961.53000000,43865184,43865184,1782868381054005,False,True
15062727,0.62200000,321.00000000,43865185,43865185,1782868384126999,False,True
15062728,0.62100000,141.00000000,43865186,43865186,1782868384303392,True,True
15062729,0.62100000,141.00000000,43865187,43865187,1782868384304928,True,True
15062730,0.62100000,141.00000000,43865188,43865188,1782868384307918,True,True
15062731,0.62100000,141.00000000,43865189,43865189,1782868384308953,True,True
15062732,0.62100000,48.00000000,43865190,43865190,1782868384358772,True,True
15062733,0.62100000,141.00000000,43865191,43865191,1782868384402747,True,True
15062734,0.62100000,141.00000000,43865192,43865192,1782868384403286,True,True
15062735,0.62100000,141.00000000,43865193,43865193,1782868384405286,True,True
15062736,0.62100000,141.00000000,43865194,43865194,1782868384407387,True,True
15062737,0.62100000,141.00000000,43865195,43865195,1782868384414892,True,True
15062738,0.62100000,2917.70000000,43865196,43865219,1782868384460747,True,True
15062739,0.62100000,141.00000000,43865220,43865220,1782868385210246,True,True
15062740,0.62100000,141.00000000,43865221,43865221,1782868385211126,True,True
15062741,0.62100000,141.00000000,43865222,43865222,1782868385211164,True,True
15062742,0.62100000,141.00000000,43865223,43865223,1782868385211417,True,True
15062743,0.62100000,141.00000000,43865224,43865224,1782868385211857,True,True
15062744,0.62100000,7426.48000000,43865225,43865225,1782868385303643,True,True
15062745,0.62100000,1999.55000000,43865226,43865226,1782868385303874,True,True
15062746,0.62100000,141.00000000,43865227,43865227,1782868385304138,True,True
15062747,0.62100000,141.00000000,43865228,43865228,1782868385304148,True,True
15062748,0.62100000,141.00000000,43865229,43865229,1782868385304374,True,True
15062749,0.62100000,141.00000000,43865230,43865230,1782868385305203,True,True
15062750,0.62100000,141.00000000,43865231,43865231,1782868385305251,True,True
15062751,0.62100000,10050.00000000,43865232,43865232,1782868385306923,True,True
15062752,0.62100000,333.33000000,43865233,43865233,1782868385307033,True,True
15062753,0.62100000,9127.64000000,43865234,43865234,1782868385307359,True,True
15062754,0.62100000,141.00000000,43865235,43865235,1782868385307523,True,True
15062755,0.62100000,476.56000000,43865236,43865236,1782868385307602,True,True
15062756,0.62100000,141.00000000,43865237,43865237,1782868385307702,True,True
15062757,0.62100000,141.00000000,43865238,43865238,1782868385307830,True,True
15062758,0.62100000,141.00000000,43865239,43865239,1782868385307865,True,True
15062759,0.62100000,141.00000000,43865240,43865240,1782868385308068,True,True
15062760,0.62100000,322.00000000,43865241,43865241,1782868385310025,True,True
15062761,0.62100000,183.46000000,43865242,43865242,1782868385314813,True,True
15062762,0.62100000,91.00000000,43865243,43865243,1782868385315636,True,True
15062763,0.62100000,48.00000000,43865244,43865244,1782868385328683,True,True
15062764,0.62100000,79.04000000,43865245,43865245,1782868385350610,True,True
15062765,0.62200000,321.00000000,43865246,43865247,1782868385967316,False,True
15062766,0.62200000,321.00000000,43865248,43865248,1782868387149748,False,True
15062767,0.62200000,321.00000000,43865249,43865249,1782868387563315,False,True
15062768,0.62100000,141.00000000,43865250,43865250,1782868387807214,True,True
15062769,0.62100000,141.00000000,43865251,43865251,1782868387807445,True,True
15062770,0.62100000,141.00000000,43865252,43865252,1782868387807459,True,True
15062771,0.62100000,141.00000000,43865253,43865253,1782868387807517,True,True
15062772,0.62100000,141.00000000,43865254,43865254,1782868387833188,True,True
15062773,0.62100000,141.00000000,43865255,43865255,1782868387833195,True,True
15062774,0.62100000,141.00000000,43865256,43865256,1782868387833573,True,True
15062775,0.62100000,141.00000000,43865257,43865257,1782868387834002,True,True
15062776,0.62100000,141.00000000,43865258,43865258,1782868387834285,True,True
15062777,0.62100000,643.00000000,43865259,43865259,1782868387863670,True,True
15062778,0.62100000,141.00000000,43865260,43865260,1782868388092963,True,True
15062779,0.62100000,141.00000000,43865261,43865261,1782868388093375,True,True
15062780,0.62100000,141.00000000,43865262,43865262,1782868388093422,True,True
15062781,0.62100000,141.00000000,43865263,43865263,1782868388093770,True,True
15062782,0.62100000,141.00000000,43865264,43865264,1782868388093892,True,True
15062783,0.62100000,643.00000000,43865265,43865265,1782868388106970,True,True
15062784,0.62100000,141.00000000,43865266,43865266,1782868388364871,True,True
15062785,0.62100000,141.00000000,43865267,43865267,1782868388364976,True,True
15062786,0.62100000,141.00000000,43865268,43865268,1782868388365170,True,True
15062787,0.62100000,141.00000000,43865269,43865269,1782868388365553,True,True
15062788,0.62100000,141.00000000,43865270,43865270,1782868388365598,True,True
15062789,0.62100000,643.00000000,43865271,43865271,1782868388385683,True,True
15062790,0.62100000,10854.22000000,43865272,43865285,1782868388758096,True,True
15062791,0.62100000,4230.87000000,43865286,43865286,1782868388758110,True,True
15062792,0.62100000,2801.37000000,43865287,43865287,1782868388758208,True,True
15062793,0.62100000,1613.76000000,43865288,43865292,1782868388758231,True,True
15062794,0.62000000,141.00000000,43865293,43865293,1782868388759146,True,True
15062795,0.62000000,141.00000000,43865294,43865296,1782868388759168,True,True
15062796,0.62000000,322.00000000,43865297,43865304,1782868388759244,True,True
15062797,0.62000000,141.00000000,43865305,43865308,1782868388759519,True,True
15062798,0.62000000,141.00000000,43865309,43865309,1782868388759620,True,True
15062799,0.62000000,141.00000000,43865310,43865310,1782868388759644,True,True
15062800,0.62000000,643.00000000,43865311,43865318,1782868388790041,True,True
15062801,0.62000000,96.05000000,43865319,43865321,1782868388797558,True,True
15062802,0.62100000,9.66000000,43865322,43865322,1782868389427721,False,True
15062803,0.62100000,10.06000000,43865323,43865323,1782868389811479,False,True
15062804,0.62100000,37.44000000,43865324,43865324,1782868390418921,False,True
15062805,0.62100000,322.00000000,43865325,43865325,1782868390608461,False,True
15062806,0.62100000,322.00000000,43865326,43865327,1782868390889649,False,True
15062807,0.62100000,322.00000000,43865328,43865328,1782868391135991,False,True
15062808,0.62000000,141.00000000,43865329,43865329,1782868394453835,True,True
15062809,0.62000000,141.00000000,43865330,43865330,1782868394458650,True,True
15062810,0.62000000,643.00000000,43865331,43865332,1782868394459907,True,True
15062811,0.62000000,141.00000000,43865333,43865333,1782868394463512,True,True
15062812,0.62000000,141.00000000,43865334,43865334,1782868394482028,True,True
15062813,0.62100000,322.00000000,43865335,43865335,1782868394552186,False,True
15062814,0.62100000,322.00000000,43865336,43865336,1782868395199598,False,True
15062815,0.62100000,322.00000000,43865337,43865337,1782868395243873,False,True
15062816,0.62100000,322.00000000,43865338,43865338,1782868395984223,False,True
15062817,0.62100000,10410.00000000,43865339,43865359,1782868396141904,False,True
15062818,0.62100000,4.94000000,43865360,43865360,1782868396143690,False,True
15062819,0.62200000,322.00000000,43865361,43865361,1782868396145063,False,True
15062820,0.62100000,141.00000000,43865362,43865362,1782868396182605,True,True
15062821,0.62100000,141.00000000,43865363,43865363,1782868396184040,True,True
15062822,0.62100000,141.00000000,43865364,43865364,1782868396668692,True,True
15062823,0.62100000,141.00000000,43865365,43865365,1782868396668890,True,True
15062824,0.62100000,141.00000000,43865366,43865366,1782868396669103,True,True
15062825,0.62100000,141.00000000,43865367,43865367,1782868396669669,True,True
15062826,0.62100000,141.00000000,43865368,43865368,1782868396669839,True,True
15062827,0.62100000,643.00000000,43865369,43865370,1782868396696889,True,True
15062828,0.62100000,141.00000000,43865371,43865371,1782868396891719,True,True
15062829,0.62100000,141.00000000,43865372,43865372,1782868396904965,True,True
15062830,0.62100000,141.00000000,43865373,43865374,1782868396905357,True,True
15062831,0.62100000,141.00000000,43865375,43865375,1782868396911951,True,True
15062832,0.62100000,80.11000000,43865376,43865379,1782868396915608,True,True
15062833,0.62000000,60.89000000,43865380,43865380,1782868396915608,True,True
15062834,0.62000000,321.00000000,43865381,43865384,1782868396921123,True,True
15062835,0.62000000,574.00000000,43865385,43865389,1782868396930040,True,True
15062836,0.62000000,69.00000000,43865390,43865390,1782868396947164,True,True
15062837,0.62000000,141.00000000,43865391,43865391,1782868398299051,True,True
15062838,0.62000000,64.00000000,43865392,43865392,1782868398302587,True,True
15062839,0.62000000,141.00000000,43865393,43865393,1782868398362360,True,True
15062840,0.62000000,141.00000000,43865394,43865394,1782868398362736,True,True
15062841,0.62000000,141.00000000,43865395,43865395,1782868398368427,True,True
15062842,0.62000000,141.00000000,43865396,43865396,1782868398373276,True,True
15062843,0.62000000,643.00000000,43865397,43865397,1782868398382218,True,True
15062844,0.62000000,142.00000000,43865398,43865398,1782868398469614,True,True
15062845,0.62000000,142.00000000,43865399,43865399,1782868398470219,True,True
15062846,0.62000000,142.00000000,43865400,43865400,1782868398484186,True,True
15062847,0.62000000,142.00000000,43865401,43865401,1782868398492977,True,True
15062848,0.62000000,142.00000000,43865402,43865402,1782868398493333,True,True
15062849,0.62000000,142.00000000,43865403,43865403,1782868398639847,True,True
15062850,0.62000000,142.00000000,43865404,43865404,1782868398640230,True,True
15062851,0.62000000,142.00000000,43865405,43865405,1782868398640341,True,True
15062852,0.62000000,142.00000000,43865406,43865406,1782868398640576,True,True
15062853,0.62000000,142.00000000,43865407,43865407,1782868398640718,True,True
15062854,0.62000000,643.00000000,43865408,43865408,1782868398663619,True,True
15062855,0.62100000,322.00000000,43865409,43865416,1782868400023244,False,True
15062856,0.62000000,141.00000000,43865417,43865417,1782868401542873,True,True
15062857,0.62000000,134.00000000,43865418,43865418,1782868401560762,True,True
15062858,0.62000000,141.00000000,43865419,43865419,1782868401620731,True,True
15062859,0.62000000,643.00000000,43865420,43865420,1782868401637265,True,True
15062860,0.62000000,10.00000000,43865421,43865421,1782868401647994,True,True
15062861,0.62000000,141.00000000,43865422,43865422,1782868404220580,True,True
15062862,0.62000000,322.00000000,43865423,43865423,1782868404820192,True,True
15062863,0.62000000,141.00000000,43865424,43865424,1782868405145720,True,True
15062864,0.62000000,141.00000000,43865425,43865425,1782868405145729,True,True
15062865,0.62000000,321.00000000,43865426,43865426,1782868405161907,True,True
15062866,0.62000000,142.00000000,43865427,43865427,1782868405223642,True,True
15062867,0.62000000,142.00000000,43865428,43865428,1782868405223907,True,True
15062868,0.62000000,643.00000000,43865429,43865429,1782868405250870,True,True
15062869,0.62000000,142.00000000,43865430,43865430,1782868405292138,True,True
15062870,0.62000000,142.00000000,43865431,43865431,1782868405292556,True,True
15062871,0.62000000,322.00000000,43865432,43865432,1782868406078439,True,True
15062872,0.62000000,142.00000000,43865433,43865433,1782868406078459,True,True
15062873,0.62000000,142.00000000,43865434,43865434,1782868406078702,True,True
15062874,0.62000000,142.00000000,43865435,43865435,1782868406078827,True,True
15062875,0.62000000,149.00000000,43865436,43865436,1782868406079219,True,True
15062876,0.62000000,643.00000000,43865437,43865437,1782868406103885,True,True
15062877,0.62000000,142.00000000,43865438,43865438,1782868409945224,True,True
15062878,0.62000000,41.00000000,43865439,43865439,1782868409945252,True,True
15062879,0.62000000,101.00000000,43865440,43865440,1782868409946728,True,True
15062880,0.62000000,142.00000000,43865441,43865441,1782868409952421,True,True
15062881,0.62000000,142.00000000,43865442,43865442,1782868409952618,True,True
15062882,0.62000000,142.00000000,43865443,43865443,1782868409952982,True,True
15062883,0.62000000,643.00000000,43865444,43865444,1782868409956481,True,True
15062884,0.62000000,48.00000000,43865445,43865445,1782868410439024,True,True
15062885,0.62000000,142.00000000,43865446,43865446,1782868410729609,True,True
15062886,0.62000000,142.00000000,43865447,43865447,1782868410729657,True,True
15062887,0.62000000,322.00000000,43865448,43865448,1782868410729826,True,True
15062888,0.62000000,142.00000000,43865449,43865449,1782868410729925,True,True
15062889,0.62000000,142.00000000,43865450,43865450,1782868410730029,True,True
15062890,0.62000000,142.00000000,43865451,43865451,1782868410730181,True,True
15062891,0.62000000,84.00000000,43865452,43865452,1782868410733121,True,True
15062892,0.62000000,84.00000000,43865453,43865453,1782868410733462,True,True
15062893,0.62000000,643.00000000,43865454,43865454,1782868410752415,True,True
15062894,0.62100000,322.00000000,43865455,43865455,1782868411845347,False,True
15062895,0.62100000,322.00000000,43865456,43865457,1782868412225395,False,True
15062896,0.62100000,322.00000000,43865458,43865459,1782868412504555,False,True
15062897,0.62100000,322.00000000,43865460,43865460,1782868412520627,False,True
15062898,0.62100000,322.00000000,43865461,43865461,1782868413146178,False,True
15062899,0.62000000,141.00000000,43865462,43865462,1782868415274767,True,True
15062900,0.62000000,141.00000000,43865463,43865463,1782868415280577,True,True
15062901,0.62000000,41.00000000,43865464,43865464,1782868415301447,True,True
15062902,0.62000000,100.00000000,43865465,43865465,1782868415301949,True,True
15062903,0.62000000,643.00000000,43865466,43865466,1782868415302591,True,True
15062904,0.62100000,322.00000000,43865467,43865467,1782868417423461,False,True
15062905,0.62100000,322.00000000,43865468,43865468,1782868417939979,False,True
15062906,0.62100000,322.00000000,43865469,43865469,1782868418065207,False,True
15062907,0.62100000,322.00000000,43865470,43865472,1782868425924951,False,True
15062908,0.62100000,5720.00000000,43865473,43865481,1782868425933370,False,True
15062909,0.62100000,322.00000000,43865482,43865483,1782868425939276,False,True
15062910,0.62100000,286.02000000,43865484,43865485,1782868425951063,False,True
15062911,0.62100000,172.98000000,43865486,43865487,1782868425992103,False,True
15062912,0.62100000,85.49000000,43865488,43865488,1782868425995874,False,True
15062913,0.62100000,16.11000000,43865489,43865489,1782868426000766,False,True
15062914,0.62100000,490.46000000,43865490,43865498,1782868426008234,False,True
15062915,0.62200000,316.34000000,43865499,43865499,1782868426008234,False,True
15062916,0.62100000,141.00000000,43865500,43865500,1782868426700370,True,True
15062917,0.62100000,20.00000000,43865501,43865501,1782868426700872,True,True
15062918,0.62200000,321.00000000,43865502,43865502,1782868426759499,False,True
15062919,0.62200000,321.00000000,43865503,43865503,1782868427408868,False,True
15062920,0.62200000,321.00000000,43865504,43865504,1782868429126393,False,True
15062921,0.62200000,321.00000000,43865505,43865505,1782868429418699,False,True
15062922,0.62200000,321.00000000,43865506,43865506,1782868429773271,False,True
15062923,0.62200000,321.00000000,43865507,43865508,1782868430416340,False,True
15062924,0.62200000,4051.24000000,43865509,43865531,1782868430422055,False,True
15062925,0.62300000,321.00000000,43865532,43865532,1782868430424009,False,True
15062926,0.62200000,141.00000000,43865533,43865533,1782868430646933,True,True
15062927,0.62200000,141.00000000,43865534,43865534,1782868430647061,True,True
15062928,0.62200000,141.00000000,43865535,43865535,1782868430647153,True,True
15062929,0.62200000,141.00000000,43865536,43865536,1782868430647186,True,True
15062930,0.62200000,141.00000000,43865537,43865537,1782868430647273,True,True
15062931,0.62200000,643.00000000,43865538,43865538,1782868430666891,True,True
15062932,0.62200000,302.71000000,43865539,43865540,1782868431101054,True,True
15062933,0.62200000,426.12000000,43865541,43865543,1782868431101132,True,True
15062934,0.62200000,16.06000000,43865544,43865545,1782868432983649,True,True
15062935,0.62200000,347.28000000,43865546,43865550,1782868433009693,True,True
15062936,0.62100000,9.72000000,43865551,43865551,1782868433009693,True,True
15062937,0.62100000,286.00000000,43865552,43865552,1782868433031846,True,True
15062938,0.62200000,3670.00000000,43865553,43865562,1782868433848147,False,True
15062939,0.62200000,1269.46000000,43865563,43865567,1782868433851106,False,True
15062940,0.62300000,796.65000000,43865568,43865569,1782868433879055,False,True
15062941,0.62300000,321.00000000,43865570,43865570,1782868434045174,False,True
15062942,0.62300000,321.00000000,43865571,43865571,1782868435001281,False,True
15062943,0.62300000,321.00000000,43865572,43865572,1782868436745485,False,True
15062944,0.62300000,321.00000000,43865573,43865573,1782868436939608,False,True
15062945,0.62300000,321.00000000,43865574,43865574,1782868437025795,False,True
15062946,0.62300000,8960.00000000,43865575,43865593,1782868437108293,False,True
15062947,0.62300000,4052.40000000,43865594,43865599,1782868437108408,False,True
15062948,0.62300000,3425.59000000,43865600,43865615,1782868437108456,False,True
15062949,0.62300000,17.00000000,43865616,43865616,1782868437121501,True,True
15062950,0.62300000,141.00000000,43865617,43865617,1782868437121994,True,True
15062951,0.62300000,141.00000000,43865618,43865618,1782868437122397,True,True
15062952,0.62300000,124.00000000,43865619,43865619,1782868437123546,True,True
15062953,0.62300000,141.00000000,43865620,43865620,1782868437123608,True,True
15062954,0.62300000,246.74000000,43865621,43865621,1782868437129613,True,True
15062955,0.62300000,258.53000000,43865622,43865622,1782868437134409,True,True
15062956,0.62300000,276.40000000,43865623,43865623,1782868437135273,True,True
15062957,0.62300000,442.18000000,43865624,43865625,1782868437142258,True,True
15062958,0.62300000,331.94000000,43865626,43865630,1782868437257158,True,True
15062959,0.62300000,39.54000000,43865631,43865633,1782868437258675,True,True
15062960,0.62300000,197.70000000,43865634,43865634,1782868439234240,False,True
15062961,0.62300000,16.01000000,43865635,43865636,1782868439425647,False,True
15062962,0.62300000,16.06000000,43865637,43865639,1782868439425851,False,True
15062963,0.62300000,65.35000000,43865640,43865644,1782868439432533,False,True
15062964,0.62400000,320.00000000,43865645,43865645,1782868439651872,False,True
15062965,0.62300000,453.08000000,43865646,43865646,1782868440123318,True,True
15062966,0.62300000,50.02000000,43865647,43865647,1782868440126121,True,True
15062967,0.62400000,320.00000000,43865648,43865648,1782868440425240,False,True
15062968,0.62400000,320.00000000,43865649,43865649,1782868440783604,False,True
15062969,0.62400000,320.00000000,43865650,43865650,1782868440858844,False,True
15062970,0.62400000,320.00000000,43865651,43865651,1782868441243666,False,True
15062971,0.62300000,45.22000000,43865652,43865652,1782868441273869,True,True
15062972,0.62400000,320.00000000,43865653,43865653,1782868441343073,False,True
15062973,0.62300000,135.50000000,43865654,43865654,1782868442177379,True,True
15062974,0.62400000,320.00000000,43865655,43865655,1782868444126410,False,True
15062975,0.62400000,320.00000000,43865656,43865667,1782868445430198,False,True
15062976,0.62400000,2090.00000000,43865668,43865688,1782868445461049,False,True
15062977,0.62400000,766.98000000,43865689,43865697,1782868445480833,False,True
15062978,0.62400000,249.49000000,43865698,43865704,1782868445488454,False,True
15062979,0.62400000,140.86000000,43865705,43865705,1782868446294013,True,True
15062980,0.62400000,140.86000000,43865706,43865706,1782868446300332,True,True
15062981,0.62400000,140.86000000,43865707,43865707,1782868446302431,True,True
15062982,0.62400000,643.00000000,43865708,43865708,1782868446313596,True,True
15062983,0.62400000,141.00000000,43865709,43865709,1782868446314020,True,True
15062984,0.62400000,141.00000000,43865710,43865710,1782868446321806,True,True
15062985,0.62400000,332.62000000,43865711,43865711,1782868446385877,True,True
15062986,0.62400000,405.58000000,43865712,43865712,1782868446406324,True,True
15062987,0.62400000,141.00000000,43865713,43865715,1782868446415755,True,True
15062988,0.62400000,114.00000000,43865716,43865716,1782868446418839,True,True
15062989,0.62400000,141.00000000,43865717,43865724,1782868446421174,True,True
15062990,0.62300000,320.00000000,43865725,43865725,1782868446447282,True,True
15062991,0.62300000,323.00000000,43865726,43865726,1782868446461380,True,True
15062992,0.62400000,18.85000000,43865727,43865727,1782868447179483,False,True
15062993,0.62300000,100.67000000,43865728,43865728,1782868448107370,True,True
15062994,0.62400000,320.00000000,43865729,43865729,1782868450056907,False,True
15062995,0.62300000,643.00000000,43865730,43865730,1782868453856346,True,True
15062996,0.62300000,32.00000000,43865731,43865731,1782868453872357,True,True
15062997,0.62300000,109.00000000,43865732,43865732,1782868453874300,True,True
15062998,0.62300000,141.00000000,43865733,43865733,1782868453876098,True,True
15062999,0.62300000,100.00000000,43865734,43865734,1782868453876219,True,True
15063000,0.62300000,41.00000000,43865735,43865735,1782868453878322,True,True
15063001,0.62400000,320.00000000,43865736,43865736,1782868459126414,False,True
15063002,0.62400000,320.00000000,43865737,43865737,1782868460246411,False,True
15063003,0.62400000,320.00000000,43865738,43865738,1782868460880572,False,True
15063004,0.62300000,25.71000000,43865739,43865739,1782868462683047,True,True
15063005,0.62300000,48.00000000,43865740,43865740,1782868464554688,True,True
15063006,0.62300000,48.00000000,43865741,43865741,1782868473170919,True,True
15063007,0.62300000,48.00000000,43865742,43865742,1782868485386773,True,True
15063008,0.62300000,48.00000000,43865743,43865743,1782868485392678,True,True
15063009,0.62300000,11.00000000,43865744,43865744,1782868485537734,True,True
15063010,0.62300000,3113.03000000,43865745,43865749,1782868486287564,True,True
15063011,0.62300000,350.00000000,43865750,43865750,1782868486471148,True,True
15063012,0.62300000,282.00000000,43865751,43865751,1782868486493867,True,True
15063013,0.62300000,8.14000000,43865752,43865752,1782868492501947,True,True
15063014,0.62300000,80.77000000,43865753,43865753,1782868492887039,True,True
15063015,0.62300000,375.81000000,43865754,43865754,1782868494805996,True,True
15063016,0.62400000,320.00000000,43865755,43865755,1782868500402502,False,True
15063017,0.62400000,320.00000000,43865756,43865756,1782868504126352,False,True
15063018,0.62400000,320.00000000,43865757,43865757,1782868504137874,False,True
15063019,0.62400000,20.00000000,43865758,43865759,1782868506427220,False,True
15063020,0.62400000,4035.95000000,43865760,43865775,1782868507551020,False,True
15063021,0.62400000,25.33000000,43865776,43865778,1782868507559519,False,True
15063022,0.62500000,294.67000000,43865779,43865779,1782868507559519,False,True
15063023,0.62500000,320.00000000,43865780,43865780,1782868508765570,False,True
15063024,0.62500000,320.00000000,43865781,43865781,1782868509089346,False,True
15063025,0.62400000,88.98000000,43865782,43865782,1782868509347091,True,True
15063026,0.62500000,320.00000000,43865783,43865783,1782868509744577,False,True
15063027,0.62500000,320.00000000,43865784,43865784,1782868510660200,False,True
15063028,0.62500000,320.00000000,43865785,43865785,1782868510978060,False,True
15063029,0.62500000,320.00000000,43865786,43865786,1782868521795039,False,True
15063030,0.62500000,4617.55000000,43865787,43865787,1782868527202972,False,True
15063031,0.62500000,14603.98000000,43865788,43865820,1782868527203028,False,True
15063032,0.62500000,200.00000000,43865821,43865821,1782868527203066,False,True
15063033,0.62500000,400.00000000,43865822,43865823,1782868527203085,False,True
15063034,0.62500000,1298.64000000,43865824,43865826,1782868527203126,False,True
15063035,0.62600000,320.00000000,43865827,43865827,1782868527204884,False,True
15063036,0.62500000,360.56000000,43865828,43865828,1782868527856632,True,True
15063037,0.62500000,424.52000000,43865829,43865829,1782868527878837,True,True
15063038,0.62500000,15.98000000,43865830,43865831,1782868528010020,True,True
15063039,0.62500000,384.97000000,43865832,43865838,1782868528024263,True,True
15063040,0.62400000,29.03000000,43865839,43865839,1782868528024263,True,True
15063041,0.62400000,52.00000000,43865840,43865840,1782868528034897,True,True
15063042,0.62400000,229.00000000,43865841,43865841,1782868528044509,True,True
15063043,0.62400000,78.43000000,43865842,43865842,1782868528285442,True,True
15063044,0.62500000,67.20000000,43865843,43865843,1782868531887170,False,True
15063045,0.62400000,406.81000000,43865844,43865844,1782868532946182,True,True
15063046,0.62500000,96.00000000,43865845,43865853,1782868540487808,False,True
15063047,0.62500000,172.55000000,43865854,43865860,1782868540512856,False,True
15063048,0.62500000,218.72000000,43865861,43865861,1782868540921165,True,True
15063049,0.62500000,408.54000000,43865862,43865862,1782868542119370,True,True
15063050,0.62500000,405.34000000,43865863,43865863,1782868542676007,True,True
15063051,0.62500000,406.88000000,43865864,43865864,1782868543120114,True,True
15063052,0.62500000,403.64000000,43865865,43865865,1782868543596332,True,True
15063053,0.62500000,410.07000000,43865866,43865866,1782868544177551,True,True
15063054,0.62500000,414.84000000,43865867,43865867,1782868544376472,True,True
15063055,0.62500000,413.22000000,43865868,43865868,1782868544605375,True,True
15063056,0.62500000,15.98000000,43865869,43865870,1782868548307788,True,True
15063057,0.62500000,379.72000000,43865871,43865879,1782868548313671,True,True
15063058,0.62400000,263.28000000,43865880,43865880,1782868548313671,True,True
15063059,0.62400000,643.00000000,43865881,43865892,1782868565217582,True,True
15063060,0.62400000,11.00000000,43865893,43865894,1782868570484144,True,True
15063061,0.62400000,320.00000000,43865895,43865895,1782868570513752,True,True
15063062,0.62400000,140.00000000,43865896,43865896,1782868570783988,True,True
15063063,0.62400000,11.00000000,43865897,43865897,1782868571463637,True,True
15063064,0.62400000,11.00000000,43865898,43865898,1782868572421745,True,True
15063065,0.62400000,11.00000000,43865899,43865899,1782868573585590,True,True
15063066,0.62400000,11.00000000,43865900,43865900,1782868574641391,True,True
15063067,0.62400000,11.00000000,43865901,43865902,1782868575788705,True,True
15063068,0.62400000,117.00000000,43865903,43865909,1782868576137965,True,True
15063069,0.62400000,68.00000000,43865910,43865910,1782868577625452,True,True
15063070,0.62400000,68.00000000,43865911,43865911,1782868577625669,True,True
15063071,0.62400000,68.00000000,43865912,43865912,1782868577627354,True,True
15063072,0.62400000,90.00000000,43865913,43865919,1782868578256039,True,True
15063073,0.62400000,11.53000000,43865920,43865920,1782868587772323,False,True
15063074,0.62300000,643.00000000,43865921,43865921,1782868596571348,True,True
15063075,0.62400000,320.00000000,43865922,43865922,1782868597601296,False,True
15063076,0.62400000,320.00000000,43865923,43865923,1782868599513563,False,True
15063077,0.62300000,319.00000000,43865924,43865924,1782868602965685,True,True
15063078,0.62300000,324.00000000,43865925,43865925,1782868602993866,True,True
15063079,0.62300000,643.00000000,43865926,43865926,1782868607424227,True,True
15063080,0.62300000,141.00000000,43865927,43865936,1782868608431799,True,True
15063081,0.62300000,141.00000000,43865937,43865939,1782868608431894,True,True
15063082,0.62300000,141.00000000,43865940,43865940,1782868608433082,True,True
15063083,0.62300000,82.84000000,43865941,43865943,1782868608435428,True,True
15063084,0.62200000,58.16000000,43865944,43865944,1782868608435428,True,True
15063085,0.62200000,141.00000000,43865945,43865945,1782868608437627,True,True
15063086,0.62200000,643.00000000,43865946,43865946,1782868608448255,True,True
15063087,0.62200000,48.00000000,43865947,43865947,1782868616152076,True,True
15063088,0.62300000,321.00000000,43865948,43865948,1782868620262544,False,True
15063089,0.62300000,321.00000000,43865949,43865949,1782868625842402,False,True
15063090,0.62300000,321.00000000,43865950,43865955,1782868625847311,False,True
15063091,0.62300000,15.98000000,43865956,43865957,1782868625856583,False,True
15063092,0.62300000,15.98000000,43865958,43865958,1782868625858685,False,True
15063093,0.62300000,84.52000000,43865959,43865964,1782868625938296,False,True
15063094,0.62300000,35.51000000,43865965,43865965,1782868626405737,True,True
15063095,0.62400000,320.00000000,43865966,43865966,1782868628449910,False,True
15063096,0.62400000,320.00000000,43865967,43865967,1782868628492598,False,True
15063097,0.62400000,320.00000000,43865968,43865968,1782868629238721,False,True
15063098,0.62400000,320.00000000,43865969,43865969,1782868630564412,False,True
15063099,0.62300000,138.77000000,43865970,43865970,1782868635578433,True,True
15063100,0.62400000,320.00000000,43865971,43865971,1782868639837333,False,True
15063101,0.62400000,320.00000000,43865972,43865972,1782868639914493,False,True
15063102,0.62400000,792.24000000,43865973,43865987,1782868640513447,False,True
15063103,0.62400000,141.00000000,43865988,43865988,1782868641096234,True,True
15063104,0.62400000,141.00000000,43865989,43865989,1782868641096579,True,True
15063105,0.62400000,141.00000000,43865990,43865990,1782868641097274,True,True
15063106,0.62400000,141.00000000,43865991,43865991,1782868641097308,True,True
15063107,0.62400000,643.00000000,43865992,43865993,1782868641126804,True,True
15063108,0.62400000,36.02000000,43865994,43865994,1782868641246200,True,True
15063109,0.62400000,32.00000000,43865995,43865997,1782868642281590,True,True
15063110,0.62400000,280.00000000,43865998,43865998,1782868642299940,True,True
15063111,0.62400000,16.01000000,43865999,43865999,1782868642301951,True,True
15063112,0.62400000,25.60000000,43866000,43866002,1782868642322531,True,True
15063113,0.62300000,305.40000000,43866003,43866003,1782868642322531,True,True
15063114,0.62300000,191.31000000,43866004,43866004,1782868642660265,True,True
15063115,0.62400000,15.98000000,43866005,43866006,1782868643461507,False,True
15063116,0.62400000,43.33000000,43866007,43866012,1782868643463126,False,True
15063117,0.62500000,320.00000000,43866013,43866013,1782868643469915,False,True
15063118,0.62400000,643.00000000,43866014,43866017,1782868644457741,True,True
15063119,0.62400000,11.00000000,43866018,43866018,1782868645185922,True,True
15063120,0.62400000,16.01000000,43866019,43866020,1782868646034010,True,True
15063121,0.62400000,141.00000000,43866021,43866022,1782868646038990,True,True
15063122,0.62400000,130.00000000,43866023,43866023,1782868646050603,True,True
15063123,0.62400000,66.93000000,43866024,43866026,1782868646051005,True,True
15063124,0.62300000,74.07000000,43866027,43866027,1782868646051005,True,True
15063125,0.62300000,141.00000000,43866028,43866028,1782868646051591,True,True
15063126,0.62300000,643.00000000,43866029,43866029,1782868646056935,True,True
15063127,0.62300000,141.00000000,43866030,43866030,1782868646059265,True,True
15063128,0.62300000,15.00000000,43866031,43866031,1782868660190116,True,True
15063129,0.62300000,11.00000000,43866032,43866032,1782868661396009,True,True
15063130,0.62300000,11.00000000,43866033,43866033,1782868662592071,True,True
15063131,0.62300000,11.00000000,43866034,43866034,1782868663581486,True,True
15063132,0.62300000,11.00000000,43866035,43866035,1782868664592552,True,True
15063133,0.62400000,320.00000000,43866036,43866036,1782868671185841,False,True
15063134,0.62400000,320.00000000,43866037,43866037,1782868674057340,False,True
15063135,0.62400000,320.00000000,43866038,43866038,1782868678886656,False,True
15063136,0.62400000,16.01000000,43866039,43866040,1782868683801330,False,True
15063137,0.62400000,267.29000000,43866041,43866049,1782868684038436,False,True
15063138,0.62500000,320.00000000,43866050,43866050,1782868684126526,False,True
15063139,0.62400000,35.86000000,43866051,43866051,1782868684539459,True,True
15063140,0.62400000,169.64000000,43866052,43866052,1782868684548370,True,True
15063141,0.62400000,198.65000000,43866053,43866053,1782868685418508,True,True
15063142,0.62400000,16.01000000,43866054,43866054,1782868686479417,True,True
15063143,0.62400000,362.28000000,43866055,43866060,1782868686511642,True,True
15063144,0.62300000,280.72000000,43866061,43866061,1782868686511642,True,True
15063145,0.62400000,16.01000000,43866062,43866062,1782868694139549,False,True
15063146,0.62400000,67.65000000,43866063,43866070,1782868694263409,False,True
15063147,0.62500000,320.00000000,43866071,43866071,1782868695731973,False,True
15063148,0.62500000,320.00000000,43866072,43866072,1782868696284224,False,True
15063149,0.62400000,357.00000000,43866073,43866073,1782868697996782,True,True
15063150,0.62400000,286.00000000,43866074,43866074,1782868698017914,True,True
15063151,0.62400000,50.00000000,43866075,43866075,1782868698281124,True,True
15063152,0.62400000,11.00000000,43866076,43866076,1782868698654168,True,True
15063153,0.62400000,168.27000000,43866077,43866077,1782868698912553,True,True
15063154,0.62400000,11.00000000,43866078,43866078,1782868699665436,True,True
15063155,0.62400000,11.00000000,43866079,43866079,1782868700701091,True,True
15063156,0.62400000,11.00000000,43866080,43866080,1782868701869776,True,True
15063157,0.62400000,11.00000000,43866081,43866081,1782868703128212,True,True
15063158,0.62400000,11.00000000,43866082,43866082,1782868704209762,True,True
15063159,0.62400000,141.00000000,43866083,43866086,1782868705262690,True,True
15063160,0.62400000,25.00000000,43866087,43866087,1782868705262822,True,True
15063161,0.62400000,141.00000000,43866088,43866088,1782868705262924,True,True
15063162,0.62400000,63.62000000,43866089,43866092,1782868705263022,True,True
15063163,0.62300000,77.38000000,43866093,43866093,1782868705263022,True,True
15063164,0.62300000,149.00000000,43866094,43866094,1782868705263638,True,True
15063165,0.62300000,643.00000000,43866095,43866095,1782868705291093,True,True
15063166,0.62300000,311.69000000,43866096,43866096,1782868705667791,True,True
15063167,0.62400000,320.00000000,43866097,43866097,1782868711797522,False,True
15063168,0.62400000,320.00000000,43866098,43866098,1782868711925826,False,True
15063169,0.62400000,320.00000000,43866099,43866099,1782868713775587,False,True
15063170,0.62400000,320.00000000,43866100,43866105,1782868713928065,False,True
15063171,0.62400000,320.00000000,43866106,43866107,1782868714494564,False,True
15063172,0.62400000,434.67000000,43866108,43866113,1782868714538281,False,True
15063173,0.62500000,320.00000000,43866114,43866114,1782868714572200,False,True
15063174,0.62500000,320.00000000,43866115,43866116,1782868715888965,False,True
15063175,0.62400000,643.00000000,43866117,43866117,1782868716938550,True,True
15063176,0.62400000,630.00000000,43866118,43866118,1782868717283684,True,True
15063177,0.62400000,13.00000000,43866119,43866119,1782868717308410,True,True
15063178,0.62500000,320.00000000,43866120,43866120,1782868719544232,False,True
15063179,0.62500000,320.00000000,43866121,43866121,1782868725737038,False,True
15063180,0.62500000,320.00000000,43866122,43866123,1782868730843136,False,True
15063181,0.62500000,320.00000000,43866124,43866124,1782868731690194,False,True
15063182,0.62500000,320.00000000,43866125,43866126,1782868736455082,False,True
15063183,0.62500000,320.00000000,43866127,43866127,1782868751562508,False,True
15063184,0.62500000,80.00000000,43866128,43866128,1782868756903024,False,True
15063185,0.62500000,320.00000000,43866129,43866129,1782868776335871,False,True
15063186,0.62500000,320.00000000,43866130,43866142,1782868776463820,False,True
15063187,0.62500000,58.24000000,43866143,43866145,1782868776476670,False,True
15063188,0.62600000,319.00000000,43866146,43866146,1782868777150169,False,True
15063189,0.62500000,40.07000000,43866147,43866147,1782868777262845,True,True
15063190,0.62500000,11.00000000,43866148,43866148,1782868778062666,True,True
15063191,0.62500000,263.00000000,43866149,43866149,1782868778099886,True,True
15063192,0.62500000,350.00000000,43866150,43866150,1782868778118863,True,True
15063193,0.62500000,30.00000000,43866151,43866151,1782868778140799,True,True
15063194,0.62500000,392.00000000,43866152,43866152,1782868780072848,True,True
15063195,0.62500000,251.00000000,43866153,43866153,1782868780097883,True,True
15063196,0.62500000,317.69000000,43866154,43866154,1782868780574937,True,True
15063197,0.62500000,192.11000000,43866155,43866155,1782868780806111,True,True
15063198,0.62500000,19.00000000,43866156,43866156,1782868780865678,True,True
15063199,0.62500000,15.98000000,43866157,43866157,1782868781479527,True,True
15063200,0.62500000,15.98000000,43866158,43866158,1782868781479639,True,True
15063201,0.62500000,140.00000000,43866159,43866162,1782868781488542,True,True
15063202,0.62500000,140.00000000,43866163,43866163,1782868781488666,True,True
15063203,0.62500000,99.03000000,43866164,43866168,1782868781488718,True,True
15063204,0.62400000,21.97000000,43866169,43866169,1782868781488718,True,True
15063205,0.62400000,140.00000000,43866170,43866170,1782868781488841,True,True
15063206,0.62400000,140.00000000,43866171,43866171,1782868781489616,True,True
15063207,0.62400000,140.00000000,43866172,43866172,1782868781494227,True,True
15063208,0.62400000,643.00000000,43866173,43866173,1782868781509420,True,True
15063209,0.62500000,2776.40000000,43866174,43866176,1782868839477989,False,True
15063210,0.62500000,105.21000000,43866177,43866177,1782868839479251,False,True
15063211,0.62500000,83.06000000,43866178,43866178,1782868839480558,False,True
15063212,0.62500000,320.00000000,43866179,43866185,1782868839486967,False,True
15063213,0.62500000,15.96000000,43866186,43866186,1782868839488567,False,True
15063214,0.62500000,15.94000000,43866187,43866187,1782868839492614,False,True
15063215,0.62500000,552.02000000,43866188,43866194,1782868839513294,False,True
15063216,0.62600000,320.00000000,43866195,43866195,1782868839537043,False,True
15063217,0.62500000,58.00000000,43866196,43866196,1782868839728689,True,True
15063218,0.62500000,357.00000000,43866197,43866197,1782868839751531,True,True
15063219,0.62500000,228.00000000,43866198,43866198,1782868839773875,True,True
15063220,0.62500000,297.45000000,43866199,43866199,1782868842436123,True,True
15063221,0.62500000,140.00000000,43866200,43866200,1782868842509795,True,True
15063222,0.62500000,140.00000000,43866201,43866201,1782868842509878,True,True
15063223,0.62500000,140.00000000,43866202,43866202,1782868842509975,True,True
15063224,0.62500000,140.00000000,43866203,43866203,1782868842510252,True,True
15063225,0.62500000,140.00000000,43866204,43866204,1782868842510399,True,True
15063226,0.62500000,15.98000000,43866205,43866206,1782868842515115,True,True
15063227,0.62500000,643.00000000,43866207,43866212,1782868842533898,True,True
15063228,0.62500000,0.06000000,43866213,43866213,1782868842534995,True,True
15063229,0.62500000,5700.00000000,43866214,43866224,1782868859208083,False,True
15063230,0.62500000,119.05000000,43866225,43866225,1782868859208171,False,True
15063231,0.62500000,76.14000000,43866226,43866226,1782868859208308,False,True
15063232,0.62500000,15.98000000,43866227,43866228,1782868859212916,False,True
15063233,0.62500000,83.23000000,43866229,43866233,1782868859227820,False,True
15063234,0.62500000,83.23000000,43866234,43866234,1782868859227827,False,True
15063235,0.62500000,50.97000000,43866235,43866240,1782868859230361,False,True
15063236,0.62600000,319.00000000,43866241,43866241,1782868859243738,False,True
15063237,0.62500000,140.00000000,43866242,43866242,1782868860635338,True,True
15063238,0.62500000,81.00000000,43866243,43866243,1782868860635452,True,True
15063239,0.62500000,59.00000000,43866244,43866244,1782868860637548,True,True
15063240,0.62500000,11.00000000,43866245,43866245,1782868860642578,True,True
15063241,0.62500000,168.00000000,43866246,43866246,1782868860642692,True,True
15063242,0.62500000,129.00000000,43866247,43866247,1782868860644441,True,True
15063243,0.62500000,139.87000000,43866248,43866248,1782868860645049,True,True
15063244,0.62500000,129.00000000,43866249,43866249,1782868860659867,True,True
15063245,0.62500000,346.00000000,43866250,43866250,1782868860682002,True,True
15063246,0.62500000,184.13000000,43866251,43866251,1782868861796567,True,True
15063247,0.62500000,15.98000000,43866252,43866252,1782868862971341,True,True
15063248,0.62500000,140.00000000,43866253,43866253,1782868862974035,True,True
15063249,0.62500000,140.00000000,43866254,43866254,1782868862974182,True,True
15063250,0.62500000,15.98000000,43866255,43866257,1782868862974344,True,True
15063251,0.62500000,140.00000000,43866258,43866259,1782868862981749,True,True
15063252,0.62500000,140.00000000,43866260,43866260,1782868862982404,True,True
15063253,0.62500000,67.07000000,43866261,43866264,1782868862984985,True,True
15063254,0.62400000,72.93000000,43866265,43866265,1782868862984985,True,True
15063255,0.62400000,643.00000000,43866266,43866266,1782868862993789,True,True
15063256,0.62500000,15.98000000,43866267,43866267,1782868864557823,False,True
15063257,0.62500000,15.98000000,43866268,43866269,1782868864561313,False,True
15063258,0.62500000,96.64000000,43866270,43866278,1782868864588265,False,True
15063259,0.62500000,45.31000000,43866279,43866279,1782868867956545,True,True
15063260,0.62500000,11.00000000,43866280,43866280,1782868869228074,True,True
15063261,0.62500000,11.00000000,43866281,43866281,1782868870349432,True,True
15063262,0.62600000,319.00000000,43866282,43866282,1782868875612352,False,True
15063263,0.62500000,643.00000000,43866283,43866283,1782868900669883,True,True
15063264,0.62500000,11.00000000,43866284,43866284,1782868902940114,True,True
15063265,0.62500000,140.00000000,43866285,43866285,1782868903366951,True,True
15063266,0.62500000,129.00000000,43866286,43866286,1782868903366968,True,True
15063267,0.62500000,140.00000000,43866287,43866287,1782868903367739,True,True
15063268,0.62500000,140.00000000,43866288,43866288,1782868903367931,True,True
15063269,0.62500000,140.00000000,43866289,43866289,1782868903368873,True,True
15063270,0.62500000,413.00000000,43866290,43866290,1782868903389071,True,True
15063271,0.62500000,230.00000000,43866291,43866291,1782868903411774,True,True
15063272,0.62500000,19.00000000,43866292,43866292,1782868905396834,True,True
15063273,0.62500000,11.00000000,43866293,43866293,1782868906135563,True,True
15063274,0.62500000,91.00000000,43866294,43866294,1782868919133004,True,True
15063275,0.62500000,49.00000000,43866295,43866298,1782868919134501,True,True
15063276,0.62500000,129.00000000,43866299,43866299,1782868919151820,True,True
15063277,0.62500000,514.00000000,43866300,43866301,1782868919168164,True,True
15063278,0.62500000,140.00000000,43866302,43866303,1782868920233747,True,True
15063279,0.62500000,140.00000000,43866304,43866304,1782868920234001,True,True
15063280,0.62500000,140.00000000,43866305,43866307,1782868920234460,True,True
15063281,0.62500000,140.00000000,43866308,43866308,1782868920235360,True,True
15063282,0.62500000,140.00000000,43866309,43866313,1782868920236083,True,True
15063283,0.62500000,13.10000000,43866314,43866315,1782868920237225,True,True
15063284,0.62400000,116.00000000,43866316,43866316,1782868920243598,True,True
15063285,0.62400000,140.00000000,43866317,43866317,1782868920243734,True,True
15063286,0.62400000,643.00000000,43866318,43866318,1782868920267305,True,True
15063287,0.62500000,320.00000000,43866319,43866319,1782868924351955,False,True
15063288,0.62500000,13.10000000,43866320,43866321,1782868924360883,False,True
15063289,0.62500000,320.00000000,43866322,43866327,1782868936852300,False,True
15063290,0.62500000,320.00000000,43866328,43866332,1782868949020447,False,True
15063291,0.62500000,35.99000000,43866333,43866334,1782868949879744,False,True
15063292,0.62500000,368.96000000,43866335,43866342,1782868949879945,False,True
15063293,0.62600000,320.00000000,43866343,43866343,1782868949888207,False,True
15063294,0.62600000,319.00000000,43866344,43866344,1782868950011276,False,True
15063295,0.62600000,319.00000000,43866345,43866345,1782868951128593,False,True
15063296,0.62600000,319.00000000,43866346,43866346,1782868951231460,False,True
15063297,0.62500000,12.00000000,43866347,43866347,1782868959790848,True,True
15063298,0.62500000,140.00000000,43866348,43866348,1782868960529605,True,True
15063299,0.62500000,140.00000000,43866349,43866349,1782868960529831,True,True
15063300,0.62500000,140.00000000,43866350,43866350,1782868960529938,True,True
15063301,0.62500000,140.00000000,43866351,43866351,1782868960530050,True,True
15063302,0.62500000,140.00000000,43866352,43866354,1782868960531301,True,True
15063303,0.62500000,527.37000000,43866355,43866360,1782868960540925,True,True
15063304,0.62400000,103.63000000,43866361,43866361,1782868960540925,True,True
15063305,0.62400000,140.00000000,43866362,43866362,1782868960555153,True,True
15063306,0.62500000,353.34000000,43866363,43866368,1782868962034427,False,True
15063307,0.62500000,113.11000000,43866369,43866369,1782868962035963,False,True
15063308,0.62500000,202.59000000,43866370,43866370,1782868962036191,False,True
15063309,0.62500000,205.82000000,43866371,43866372,1782868962037654,False,True
15063310,0.62500000,1379.41000000,43866373,43866378,1782868962066238,False,True
