263704550,0.31540000,31.60000000,402640212,402640212,1782864005715428,False,True
263704551,0.31540000,21.20000000,402640213,402640213,1782864007014112,False,True
263704552,0.31540000,529.40000000,402640214,402640214,1782864015571923,False,True
263704553,0.31540000,105.50000000,402640215,402640215,1782864019448401,False,True
263704554,0.31540000,154.30000000,402640216,402640216,1782864020677513,False,True
263704555,0.31530000,422.10000000,402640217,402640217,1782864021104859,True,True
263704556,0.31540000,129.80000000,402640218,402640218,1782864021145956,False,True
263704557,0.31530000,3773.40000000,402640219,402640227,1782864021526878,True,True
263704558,0.31540000,51.50000000,402640228,402640228,1782864021571627,False,True
263704559,0.31540000,57.10000000,402640229,402640229,1782864030968820,False,True
263704560,0.31540000,348.90000000,402640230,402640230,1782864032266975,False,True
263704561,0.31540000,23.70000000,402640231,402640231,1782864036644744,False,True
263704562,0.31540000,240.10000000,402640232,402640232,1782864039320223,False,True
263704563,0.31540000,274.90000000,402640233,402640233,1782864041182581,False,True
263704564,0.31540000,21.10000000,402640234,402640234,1782864045573059,False,True
263704565,0.31540000,158.50000000,402640235,402640235,1782864046072473,False,True
263704566,0.31530000,416.70000000,402640236,402640239,1782864057538196,True,True
263704567,0.31540000,47.00000000,402640240,402640240,1782864060583842,False,True
263704568,0.31540000,51.50000000,402640241,402640241,1782864065122107,False,True
263704569,0.31540000,219.80000000,402640242,402640242,1782864067820729,False,True
263704570,0.31540000,774.20000000,402640243,402640243,1782864069415359,False,True
263704571,0.31530000,23.80000000,402640244,402640244,1782864072092000,True,True
263704572,0.31530000,23.80000000,402640245,402640245,1782864072092010,True,True
263704573,0.31530000,23.80000000,402640246,402640246,1782864072092011,True,True
263704574,0.31530000,23.80000000,402640247,402640247,1782864072092056,True,True
263704575,0.31530000,23.80000000,402640248,402640248,1782864072092078,True,True
263704576,0.31530000,23.80000000,402640249,402640249,1782864072092135,True,True
263704577,0.31530000,20.90000000,402640250,402640250,1782864072092883,True,True
263704578,0.31530000,14087.00000000,402640251,402640252,1782864072093960,True,True
263704579,0.31530000,2991.90000000,402640253,402640253,1782864072094144,True,True
263704580,0.31530000,1235.50000000,402640254,402640254,1782864072094673,True,True
263704581,0.31530000,1221.00000000,402640255,402640256,1782864072095169,True,True
263704582,0.31530000,358.10000000,402640257,402640257,1782864072095641,True,True
263704583,0.31530000,571.80000000,402640258,402640258,1782864072096269,True,True
263704584,0.31530000,1442.50000000,402640259,402640262,1782864072099251,True,True
263704585,0.31530000,9966.40000000,402640263,402640263,1782864072099476,True,True
263704586,0.31530000,363.50000000,402640264,402640264,1782864072100362,True,True
263704587,0.31530000,1323.60000000,402640265,402640265,1782864072100400,True,True
263704588,0.31530000,1445.30000000,402640266,402640266,1782864072100463,True,True
263704589,0.31530000,1008.30000000,402640267,402640267,1782864072100547,True,True
263704590,0.31530000,429.20000000,402640268,402640268,1782864072100758,True,True
263704591,0.31530000,1362.90000000,402640269,402640269,1782864072101413,True,True
263704592,0.31530000,414.60000000,402640270,402640270,1782864072101613,True,True
263704593,0.31530000,694.10000000,402640271,402640271,1782864072101645,True,True
263704594,0.31530000,659.60000000,402640272,402640272,1782864072102603,True,True
263704595,0.31530000,5347.30000000,402640273,402640273,1782864072103530,True,True
263704596,0.31530000,72.20000000,402640274,402640275,1782864077090840,True,True
263704597,0.31530000,64264.50000000,402640276,402640285,1782864077583346,True,True
263704598,0.31530000,33.20000000,402640286,402640287,1782864077584994,True,True
263704599,0.31530000,33.20000000,402640288,402640289,1782864077585081,True,True
263704600,0.31530000,33.20000000,402640290,402640291,1782864077587569,True,True
263704601,0.31530000,33.00000000,402640292,402640294,1782864077587922,True,True
263704602,0.31530000,33.40000000,402640295,402640297,1782864077588748,True,True
263704603,0.31530000,395.80000000,402640298,402640298,1782864078337485,False,True
263704604,0.31530000,31.70000000,402640299,402640299,1782864078945736,False,True
263704605,0.31530000,64.10000000,402640300,402640300,1782864079947123,False,True
263704606,0.31530000,1993.10000000,402640301,402640301,1782864080789636,False,True
263704607,0.31530000,23.80000000,402640302,402640302,1782864082754281,False,True
263704608,0.31520000,179.70000000,402640303,402640303,1782864090692366,True,True
263704609,0.31520000,99.60000000,402640304,402640304,1782864095510742,True,True
263704610,0.31520000,316.30000000,402640305,402640305,1782864096345530,True,True
263704611,0.31530000,94.80000000,402640306,402640306,1782864097411909,False,True
263704612,0.31520000,113.50000000,402640307,402640307,1782864101804274,True,True
263704613,0.31520000,120.10000000,402640308,402640308,1782864102782735,True,True
263704614,0.31520000,1609.50000000,402640309,402640309,1782864105232192,True,True
263704615,0.31530000,65.30000000,402640310,402640310,1782864110945423,False,True
263704616,0.31520000,297.90000000,402640311,402640311,1782864121206465,True,True
263704617,0.31530000,331.20000000,402640312,402640312,1782864123194347,False,True
263704618,0.31520000,484.00000000,402640313,402640313,1782864127410490,True,True
263704619,0.31530000,31.70000000,402640314,402640314,1782864127881382,False,True
263704620,0.31530000,60.00000000,402640315,402640315,1782864132771858,False,True
263704621,0.31530000,53.70000000,402640316,402640316,1782864136473966,False,True
263704622,0.31520000,326.00000000,402640317,402640317,1782864136634004,True,True
263704623,0.31530000,2315.20000000,402640318,402640318,1782864137457511,False,True
263704624,0.31530000,113.80000000,402640319,402640319,1782864138873842,False,True
263704625,0.31530000,570.20000000,402640320,402640320,1782864141163220,False,True
263704626,0.31530000,3254.60000000,402640321,402640321,1782864142010173,False,True
263704627,0.31530000,1268.60000000,402640322,402640322,1782864142602498,False,True
263704628,0.31530000,47.60000000,402640323,402640323,1782864145409359,False,True
263704629,0.31530000,85.70000000,402640324,402640324,1782864147382744,False,True
263704630,0.31520000,575.30000000,402640325,402640325,1782864148444690,True,True
263704631,0.31520000,479.10000000,402640326,402640326,1782864151979637,True,True
263704632,0.31530000,336.50000000,402640327,402640327,1782864152475536,False,True
263704633,0.31520000,1950.00000000,402640328,402640328,1782864156132446,True,True
263704634,0.31530000,112.00000000,402640329,402640329,1782864157144336,False,True
263704635,0.31520000,96.60000000,402640330,402640330,1782864163905016,True,True
263704636,0.31530000,31.80000000,402640331,402640331,1782864167182594,False,True
263704637,0.31520000,308.10000000,402640332,402640332,1782864170283159,True,True
263704638,0.31520000,96.60000000,402640333,402640333,1782864173521281,True,True
263704639,0.31520000,708.00000000,402640334,402640334,1782864173833416,True,True
263704640,0.31520000,2979.00000000,402640335,402640336,1782864175591430,True,True
263704641,0.31520000,3794.70000000,402640337,402640342,1782864178702817,True,True
263704642,0.31530000,634.20000000,402640343,402640343,1782864180609780,False,True
263704643,0.31520000,874.90000000,402640344,402640344,1782864182999397,True,True
263704644,0.31530000,161.70000000,402640345,402640345,1782864184075024,False,True
263704645,0.31530000,47.60000000,402640346,402640346,1782864186144724,False,True
263704646,0.31530000,2372.40000000,402640347,402640347,1782864187226768,False,True
263704647,0.31530000,63.40000000,402640348,402640348,1782864188856973,False,True
263704648,0.31530000,31.70000000,402640349,402640349,1782864189235659,False,True
263704649,0.31530000,31.70000000,402640350,402640350,1782864198182541,False,True
263704650,0.31530000,31.80000000,402640351,402640351,1782864198512575,False,True
263704651,0.31530000,185.70000000,402640352,402640352,1782864200768270,False,True
263704652,0.31530000,17103.30000000,402640353,402640353,1782864209909678,False,True
263704653,0.31520000,5584.70000000,402640354,402640354,1782864211756907,True,True
263704654,0.31530000,23223.70000000,402640355,402640366,1782864213193218,False,True
263704655,0.31530000,24.80000000,402640367,402640367,1782864213194326,False,True
263704656,0.31530000,16.70000000,402640368,402640368,1782864213194411,False,True
263704657,0.31530000,3403.50000000,402640369,402640371,1782864213194435,False,True
263704658,0.31530000,783.50000000,402640372,402640372,1782864213194544,False,True
263704659,0.31530000,98.20000000,402640373,402640373,1782864213194562,False,True
263704660,0.31530000,940.50000000,402640374,402640374,1782864213194634,False,True
263704661,0.31530000,1351.20000000,402640375,402640375,1782864213194815,False,True
263704662,0.31530000,4993.50000000,402640376,402640376,1782864213194824,False,True
263704663,0.31530000,20.70000000,402640377,402640377,1782864213195481,False,True
263704664,0.31530000,2537.90000000,402640378,402640378,1782864213195554,False,True
263704665,0.31530000,382.30000000,402640379,402640379,1782864213195914,False,True
263704666,0.31530000,49.30000000,402640380,402640382,1782864213197557,False,True
263704667,0.31530000,100.00000000,402640383,402640383,1782864214810163,True,True
263704668,0.31540000,15738.00000000,402640384,402640395,1782864216331017,False,True
263704669,0.31540000,112.40000000,402640396,402640396,1782864217023568,False,True
263704670,0.31530000,1284.00000000,402640397,402640397,1782864238878416,True,True
263704671,0.31540000,185.60000000,402640398,402640403,1782864248084404,False,True
263704672,0.31540000,142.60000000,402640404,402640404,1782864249928976,False,True
263704673,0.31540000,47.30000000,402640405,402640405,1782864252413962,False,True
263704674,0.31540000,953.80000000,402640406,402640406,1782864252420846,False,True
263704675,0.31530000,98.00000000,402640407,402640407,1782864252809595,True,True
263704676,0.31540000,31.80000000,402640408,402640408,1782864255787725,False,True
263704677,0.31540000,159.10000000,402640409,402640409,1782864266644733,False,True
263704678,0.31530000,158.90000000,402640410,402640410,1782864270339308,True,True
263704679,0.31540000,163.30000000,402640411,402640411,1782864272375527,False,True
263704680,0.31530000,288.40000000,402640412,402640412,1782864279533385,True,True
263704681,0.31540000,214.40000000,402640413,402640413,1782864284858327,False,True
263704682,0.31540000,98.20000000,402640414,402640414,1782864285071804,False,True
263704683,0.31540000,186.00000000,402640415,402640415,1782864286733702,False,True
263704684,0.31530000,222.80000000,402640416,402640416,1782864292694360,True,True
263704685,0.31530000,22683.20000000,402640417,402640417,1782864294732394,True,True
263704686,0.31530000,22.20000000,402640418,402640418,1782864302716433,True,True
263704687,0.31540000,1508.90000000,402640419,402640419,1782864302841794,False,True
263704688,0.31540000,157.00000000,402640420,402640420,1782864302981265,False,True
263704689,0.31540000,94.20000000,402640421,402640421,1782864303021488,False,True
263704690,0.31540000,47.00000000,402640422,402640422,1782864307845134,False,True
263704691,0.31540000,31.80000000,402640423,402640423,1782864309464190,False,True
263704692,0.31540000,23.30000000,402640424,402640424,1782864309882672,False,True
263704693,0.31540000,12441.70000000,402640425,402640425,1782864320012046,False,True
263704694,0.31540000,313.60000000,402640426,402640426,1782864328138718,False,True
263704695,0.31530000,20.00000000,402640427,402640427,1782864331944026,True,True
263704696,0.31530000,95.00000000,402640428,402640428,1782864336295798,True,True
263704697,0.31540000,315.50000000,402640429,402640429,1782864336296118,False,True
263704698,0.31530000,2679.10000000,402640430,402640430,1782864343473814,True,True
263704699,0.31530000,21.00000000,402640431,402640431,1782864352442245,True,True
263704700,0.31540000,310.70000000,402640432,402640432,1782864360728235,False,True
263704701,0.31540000,40.80000000,402640433,402640433,1782864365120664,False,True
263704702,0.31530000,242.00000000,402640434,402640434,1782864374575229,True,True
263704703,0.31530000,164.50000000,402640435,402640435,1782864376091789,True,True
263704704,0.31530000,2556.00000000,402640436,402640436,1782864378305112,True,True
263704705,0.31540000,634.10000000,402640437,402640437,1782864379869216,False,True
263704706,0.31530000,779.00000000,402640438,402640438,1782864389994031,True,True
263704707,0.31540000,65.30000000,402640439,402640439,1782864401379552,False,True
263704708,0.31540000,100.20000000,402640440,402640440,1782864401822229,False,True
263704709,0.31540000,185.50000000,402640441,402640441,1782864406066111,False,True
263704710,0.31530000,126.00000000,402640442,402640442,1782864407805362,True,True
263704711,0.31540000,279.30000000,402640443,402640443,1782864408183190,False,True
263704712,0.31540000,198.90000000,402640444,402640444,1782864408557261,False,True
263704713,0.31530000,1762.90000000,402640445,402640456,1782864410138606,True,True
263704714,0.31530000,3165.90000000,402640457,402640457,1782864417987860,False,True
263704715,0.31530000,1100.00000000,402640458,402640458,1782864421660364,False,True
263704716,0.31530000,28.50000000,402640459,402640459,1782864424657457,False,True
263704717,0.31530000,24.40000000,402640460,402640460,1782864425416530,False,True
263704718,0.31520000,36.60000000,402640461,402640461,1782864428526996,True,True
263704719,0.31530000,21.40000000,402640462,402640462,1782864429884379,False,True
263704720,0.31520000,1305.10000000,402640463,402640463,1782864430396172,True,True
263704721,0.31520000,330.70000000,402640464,402640464,1782864431693882,True,True
263704722,0.31520000,4870.70000000,402640465,402640465,1782864432355246,True,True
263704723,0.31530000,185.60000000,402640466,402640466,1782864435663848,False,True
263704724,0.31520000,526.20000000,402640467,402640467,1782864438036300,True,True
263704725,0.31520000,89.30000000,402640468,402640468,1782864438361367,True,True
263704726,0.31530000,65.60000000,402640469,402640469,1782864438913777,False,True
263704727,0.31520000,74.00000000,402640470,402640470,1782864439971876,True,True
263704728,0.31520000,27.30000000,402640471,402640471,1782864440719169,True,True
263704729,0.31530000,242.50000000,402640472,402640472,1782864443716473,False,True
263704730,0.31530000,31.70000000,402640473,402640473,1782864445855580,False,True
263704731,0.31530000,317.00000000,402640474,402640474,1782864446615759,False,True
263704732,0.31530000,100.00000000,402640475,402640475,1782864451369723,False,True
263704733,0.31520000,31.80000000,402640476,402640476,1782864455017574,True,True
263704734,0.31530000,167.90000000,402640477,402640477,1782864457444280,False,True
263704735,0.31520000,39.60000000,402640478,402640478,1782864458902180,True,True
263704736,0.31520000,99.60000000,402640479,402640479,1782864460884500,True,True
263704737,0.31520000,6249.70000000,402640480,402640480,1782864465591708,True,True
263704738,0.31520000,41.30000000,402640481,402640481,1782864467681754,True,True
263704739,0.31520000,1816.60000000,402640482,402640482,1782864478071410,True,True
263704740,0.31530000,16.10000000,402640483,402640483,1782864479660016,False,True
263704741,0.31520000,950.20000000,402640484,402640484,1782864488203126,True,True
263704742,0.31520000,367.20000000,402640485,402640485,1782864489860240,True,True
263704743,0.31530000,244.00000000,402640486,402640486,1782864497772830,False,True
263704744,0.31520000,113.00000000,402640487,402640487,1782864500368697,True,True
263704745,0.31520000,84.90000000,402640488,402640488,1782864501806709,True,True
263704746,0.31530000,188.90000000,402640489,402640489,1782864503355953,False,True
263704747,0.31530000,60.30000000,402640490,402640490,1782864505340535,False,True
263704748,0.31520000,251.90000000,402640491,402640491,1782864510245926,True,True
263704749,0.31530000,17.40000000,402640492,402640492,1782864513052729,False,True
263704750,0.31520000,104.00000000,402640493,402640493,1782864513571666,True,True
263704751,0.31530000,1484.20000000,402640494,402640494,1782864520568367,False,True
263704752,0.31530000,244.00000000,402640495,402640495,1782864526062379,False,True
263704753,0.31520000,6681.90000000,402640496,402640496,1782864526477666,True,True
263704754,0.31530000,298.40000000,402640497,402640497,1782864531889555,False,True
263704755,0.31530000,60.40000000,402640498,402640498,1782864532844464,False,True
263704756,0.31520000,232.90000000,402640499,402640499,1782864536739821,True,True
263704757,0.31520000,355.80000000,402640500,402640500,1782864537182477,True,True
263704758,0.31530000,159.00000000,402640501,402640501,1782864539133461,False,True
263704759,0.31520000,158.90000000,402640502,402640502,1782864541942528,True,True
263704760,0.31530000,35.60000000,402640503,402640503,1782864548716640,False,True
263704761,0.31520000,38.30000000,402640504,402640504,1782864548816391,True,True
263704762,0.31520000,60.40000000,402640505,402640505,1782864560932718,True,True
263704763,0.31530000,16.30000000,402640506,402640506,1782864561630437,False,True
263704764,0.31520000,478.20000000,402640507,402640507,1782864564659851,True,True
263704765,0.31530000,244.00000000,402640508,402640508,1782864567167534,False,True
263704766,0.31530000,105.60000000,402640509,402640509,1782864571335566,False,True
263704767,0.31520000,42.30000000,402640510,402640510,1782864580241997,True,True
263704768,0.31530000,25.40000000,402640511,402640511,1782864581910598,False,True
263704769,0.31530000,317.00000000,402640512,402640512,1782864587312192,False,True
263704770,0.31530000,46.00000000,402640513,402640513,1782864593239033,False,True
263704771,0.31520000,23.60000000,402640514,402640514,1782864593241459,True,True
263704772,0.31530000,244.10000000,402640515,402640515,1782864594766909,False,True
263704773,0.31530000,51.60000000,402640516,402640516,1782864596855996,False,True
263704774,0.31530000,27.70000000,402640517,402640517,1782864600706260,False,True
263704775,0.31530000,31.80000000,402640518,402640518,1782864604775295,False,True
263704776,0.31520000,407.10000000,402640519,402640519,1782864605777188,True,True
263704777,0.31520000,630.50000000,402640520,402640520,1782864612654475,True,True
263704778,0.31530000,60.30000000,402640521,402640521,1782864614052551,False,True
263704779,0.31520000,31.00000000,402640522,402640522,1782864614918347,True,True
263704780,0.31530000,1167.00000000,402640523,402640523,1782864622737743,False,True
263704781,0.31520000,3305.00000000,402640524,402640524,1782864628083647,True,True
263704782,0.31520000,3092.80000000,402640525,402640525,1782864628096198,True,True
263704783,0.31520000,750.90000000,402640526,402640526,1782864628143020,True,True
263704784,0.31520000,320.30000000,402640527,402640527,1782864628163188,True,True
263704785,0.31520000,496.40000000,402640528,402640528,1782864628195139,True,True
263704786,0.31520000,301.60000000,402640529,402640529,1782864628213576,True,True
263704787,0.31520000,238.40000000,402640530,402640530,1782864628228595,True,True
263704788,0.31520000,1248.20000000,402640531,402640531,1782864628244470,True,True
263704789,0.31520000,1351.10000000,402640532,402640532,1782864628447831,True,True
263704790,0.31520000,1381.10000000,402640533,402640533,1782864628549309,True,True
263704791,0.31520000,1627.80000000,402640534,402640534,1782864628651765,True,True
263704792,0.31520000,180.00000000,402640535,402640535,1782864628663106,True,True
263704793,0.31520000,1428.00000000,402640536,402640536,1782864628752914,True,True
263704794,0.31520000,1605.20000000,402640537,402640537,1782864628854222,True,True
263704795,0.31520000,403.10000000,402640538,402640538,1782864628879374,True,True
263704796,0.31520000,1199.90000000,402640539,402640539,1782864628955131,True,True
263704797,0.31520000,337.50000000,402640540,402640540,1782864628976314,True,True
263704798,0.31520000,293.60000000,402640541,402640541,1782864628994622,True,True
263704799,0.31520000,284.30000000,402640542,402640542,1782864629012492,True,True
263704800,0.31520000,666.90000000,402640543,402640543,1782864629054614,True,True
263704801,0.31520000,534.50000000,402640544,402640544,1782864629088317,True,True
263704802,0.31520000,1103.60000000,402640545,402640545,1782864629157487,True,True
263704803,0.31520000,1610.20000000,402640546,402640546,1782864629259150,True,True
263704804,0.31520000,52.00000000,402640547,402640547,1782864629314626,True,True
263704805,0.31520000,717.90000000,402640548,402640548,1782864629359792,True,True
263704806,0.31520000,4148.30000000,402640549,402640549,1782864630315357,True,True
263704807,0.31520000,902.80000000,402640550,402640550,1782864630371895,True,True
263704808,0.31520000,3348.50000000,402640551,402640551,1782864630903314,True,True
263704809,0.31520000,181.90000000,402640552,402640552,1782864630914988,True,True
263704810,0.31520000,285.50000000,402640553,402640553,1782864630932613,True,True
263704811,0.31520000,692.70000000,402640554,402640554,1782864630976302,True,True
263704812,0.31520000,584.60000000,402640555,402640555,1782864631012911,True,True
263704813,0.31520000,401.70000000,402640556,402640556,1782864631038603,True,True
263704814,0.31520000,701.00000000,402640557,402640557,1782864631082626,True,True
263704815,0.31520000,1618.30000000,402640558,402640558,1782864631184309,True,True
263704816,0.31520000,705.00000000,402640559,402640559,1782864631228612,True,True
263704817,0.31520000,907.90000000,402640560,402640560,1782864631285904,True,True
263704818,0.31520000,1540.80000000,402640561,402640561,1782864631383151,True,True
263704819,0.31530000,244.00000000,402640562,402640562,1782864636647025,False,True
263704820,0.31530000,361.20000000,402640563,402640563,1782864642894238,False,True
263704821,0.31520000,70.90000000,402640564,402640564,1782864646407899,True,True
263704822,0.31520000,319.60000000,402640565,402640565,1782864653213846,True,True
263704823,0.31530000,24.50000000,402640566,402640566,1782864665071523,False,True
263704824,0.31520000,41.80000000,402640567,402640567,1782864665121782,True,True
263704825,0.31520000,42.80000000,402640568,402640568,1782864668226396,True,True
263704826,0.31530000,94.80000000,402640569,402640569,1782864671767770,False,True
263704827,0.31520000,410.90000000,402640570,402640570,1782864680054979,True,True
263704828,0.31520000,20.00000000,402640571,402640571,1782864680719436,True,True
263704829,0.31520000,204.20000000,402640572,402640572,1782864681797225,True,True
263704830,0.31520000,4157.40000000,402640573,402640573,1782864682135086,True,True
263704831,0.31530000,49.70000000,402640574,402640574,1782864682611241,False,True
263704832,0.31520000,1199.50000000,402640575,402640575,1782864682768444,True,True
263704833,0.31520000,60701.40000000,402640576,402640576,1782864683686259,True,True
263704834,0.31520000,30716.80000000,402640577,402640588,1782864683686304,True,True
263704835,0.31520000,5064.40000000,402640589,402640590,1782864683686326,True,True
263704836,0.31520000,128333.70000000,402640591,402640591,1782864683687279,True,True
263704837,0.31520000,26551.10000000,402640592,402640594,1782864683687764,True,True
263704838,0.31510000,66794.60000000,402640595,402640598,1782864683693111,True,True
263704839,0.31510000,27798.90000000,402640599,402640601,1782864683693153,True,True
263704840,0.31510000,888.00000000,402640602,402640602,1782864683754509,True,True
263704841,0.31520000,159.40000000,402640603,402640603,1782864684007398,False,True
263704842,0.31510000,4983.60000000,402640604,402640604,1782864685099633,True,True
263704843,0.31510000,1235.10000000,402640605,402640605,1782864685177481,True,True
263704844,0.31510000,416.10000000,402640606,402640606,1782864685203393,True,True
263704845,0.31510000,1191.30000000,402640607,402640607,1782864685278500,True,True
263704846,0.31510000,4963.10000000,402640608,402640608,1782864686006198,True,True
263704847,0.31510000,513.10000000,402640609,402640609,1782864686038429,True,True
263704848,0.31510000,797.30000000,402640610,402640610,1782864686088502,True,True
263704849,0.31510000,1613.30000000,402640611,402640611,1782864686189889,True,True
263704850,0.31510000,1160.80000000,402640612,402640612,1782864686291355,True,True
263704851,0.31510000,1607.30000000,402640613,402640613,1782864686392489,True,True
263704852,0.31510000,1159.10000000,402640614,402640614,1782864686465349,True,True
263704853,0.31510000,448.00000000,402640615,402640615,1782864686493677,True,True
263704854,0.31510000,489.60000000,402640616,402640616,1782864686524371,True,True
263704855,0.31510000,217.50000000,402640617,402640617,1782864686537970,True,True
263704856,0.31510000,401.00000000,402640618,402640618,1782864686563400,True,True
263704857,0.31510000,393.00000000,402640619,402640619,1782864686587923,True,True
263704858,0.31510000,1739.90000000,402640620,402640620,1782864686697487,True,True
263704859,0.31510000,1047.20000000,402640621,402640621,1782864686763312,True,True
263704860,0.31510000,557.20000000,402640622,402640622,1782864686798356,True,True
263704861,0.31510000,472.50000000,402640623,402640623,1782864687132771,True,True
263704862,0.31520000,1300.00000000,402640624,402640624,1782864688723588,False,True
263704863,0.31520000,244.10000000,402640625,402640625,1782864689113948,False,True
263704864,0.31520000,102.20000000,402640626,402640626,1782864690118028,False,True
263704865,0.31510000,164.50000000,402640627,402640627,1782864690369669,True,True
263704866,0.31510000,8346.90000000,402640628,402640628,1782864693410394,True,True
263704867,0.31510000,170.00000000,402640629,402640629,1782864697863113,True,True
263704868,0.31510000,4077.00000000,402640630,402640630,1782864705527211,True,True
263704869,0.31510000,196.30000000,402640631,402640631,1782864705542407,True,True
263704870,0.31510000,1853.10000000,402640632,402640632,1782864705554378,True,True
263704871,0.31510000,119.20000000,402640633,402640633,1782864705612274,True,True
263704872,0.31510000,258.40000000,402640634,402640634,1782864705628614,True,True
263704873,0.31510000,230.70000000,402640635,402640635,1782864705643216,True,True
263704874,0.31510000,379.00000000,402640636,402640636,1782864705759078,True,True
263704875,0.31510000,1150.80000000,402640637,402640637,1782864705831619,True,True
263704876,0.31510000,1608.60000000,402640638,402640638,1782864705932562,True,True
263704877,0.31510000,730.30000000,402640639,402640639,1782864705978681,True,True
263704878,0.31510000,876.70000000,402640640,402640640,1782864706033638,True,True
263704879,0.31510000,465.70000000,402640641,402640641,1782864706063635,True,True
263704880,0.31510000,2175.40000000,402640642,402640642,1782864706215886,True,True
263704881,0.31510000,3627.20000000,402640643,402640643,1782864706229603,True,True
263704882,0.31510000,175.20000000,402640644,402640644,1782864706237959,True,True
263704883,0.31510000,342.90000000,402640645,402640645,1782864706261911,True,True
263704884,0.31510000,1491.90000000,402640646,402640646,1782864706273559,True,True
263704885,0.31510000,2353.40000000,402640647,402640647,1782864706306112,True,True
263704886,0.31510000,35.70000000,402640648,402640648,1782864706345282,True,True
263704887,0.31510000,728.00000000,402640649,402640649,1782864706391183,True,True
263704888,0.31510000,3606.50000000,402640650,402640650,1782864706513192,True,True
263704889,0.31510000,961.20000000,402640651,402640651,1782864706618230,True,True
263704890,0.31510000,9156.60000000,402640652,402640652,1782864706620029,True,True
263704891,0.31510000,888.00000000,402640653,402640653,1782864706620238,True,True
263704892,0.31510000,420.90000000,402640654,402640654,1782864706621230,True,True
263704893,0.31510000,5213.40000000,402640655,402640655,1782864706621442,True,True
263704894,0.31510000,11111.80000000,402640656,402640656,1782864706622133,True,True
263704895,0.31510000,413.80000000,402640657,402640657,1782864706622138,True,True
263704896,0.31510000,311651.80000000,402640658,402640677,1782864706622160,True,True
263704897,0.31500000,557.00000000,402640678,402640678,1782864706623195,True,True
263704898,0.31500000,557.00000000,402640679,402640679,1782864706623525,True,True
263704899,0.31510000,380.80000000,402640680,402640680,1782864707757591,False,True
263704900,0.31510000,31.70000000,402640681,402640681,1782864712223687,False,True
263704901,0.31510000,60.40000000,402640682,402640682,1782864716433219,False,True
263704902,0.31510000,244.20000000,402640683,402640683,1782864725220354,False,True
263704903,0.31510000,103.90000000,402640684,402640684,1782864730838281,False,True
263704904,0.31500000,37.40000000,402640685,402640686,1782864731141022,True,True
263704905,0.31500000,201.00000000,402640687,402640687,1782864734009682,True,True
263704906,0.31510000,105.60000000,402640688,402640688,1782864734161274,False,True
263704907,0.31500000,27.70000000,402640689,402640689,1782864734855030,True,True
263704908,0.31510000,138.70000000,402640690,402640690,1782864739774365,False,True
263704909,0.31510000,63.50000000,402640691,402640691,1782864743049107,False,True
263704910,0.31510000,548.40000000,402640692,402640692,1782864752582895,False,True
263704911,0.31500000,20.90000000,402640693,402640693,1782864758560391,True,True
263704912,0.31500000,11137.60000000,402640694,402640694,1782864758595705,True,True
263704913,0.31500000,161.40000000,402640695,402640695,1782864758609301,True,True
263704914,0.31500000,1013.40000000,402640696,402640696,1782864758623501,True,True
263704915,0.31500000,83.70000000,402640697,402640697,1782864758631626,True,True
263704916,0.31500000,3495.80000000,402640698,402640698,1782864758641055,True,True
263704917,0.31500000,5169.40000000,402640699,402640699,1782864758691373,True,True
263704918,0.31510000,244.20000000,402640700,402640700,1782864758844242,False,True
263704919,0.31500000,1405.60000000,402640701,402640701,1782864759291384,True,True
263704920,0.31500000,233.40000000,402640702,402640702,1782864759305979,True,True
263704921,0.31500000,349.80000000,402640703,402640703,1782864759330396,True,True
263704922,0.31500000,994.10000000,402640704,402640704,1782864759392631,True,True
263704923,0.31500000,1127.80000000,402640705,402640705,1782864759424809,True,True
263704924,0.31500000,487.00000000,402640706,402640706,1782864759484873,True,True
263704925,0.31500000,846.30000000,402640707,402640707,1782864759538236,True,True
263704926,0.31500000,883.60000000,402640708,402640708,1782864759593758,True,True
263704927,0.31500000,411.30000000,402640709,402640709,1782864759619518,True,True
263704928,0.31500000,301.00000000,402640710,402640710,1782864759638399,True,True
263704929,0.31500000,597.00000000,402640711,402640711,1782864759675934,True,True
263704930,0.31500000,329.50000000,402640712,402640712,1782864759696744,True,True
263704931,0.31500000,1612.00000000,402640713,402640713,1782864759797888,True,True
263704932,0.31500000,820.30000000,402640714,402640714,1782864759849912,True,True
263704933,0.31500000,787.00000000,402640715,402640715,1782864759899118,True,True
263704934,0.31500000,2451.40000000,402640716,402640716,1782864759970778,True,True
263704935,0.31500000,512.70000000,402640717,402640717,1782864760000061,True,True
263704936,0.31500000,220.40000000,402640718,402640718,1782864760013855,True,True
263704937,0.31500000,329.40000000,402640719,402640719,1782864760100960,True,True
263704938,0.31500000,1604.90000000,402640720,402640720,1782864760201876,True,True
263704939,0.31500000,1602.60000000,402640721,402640721,1782864760302840,True,True
263704940,0.31500000,211.20000000,402640722,402640722,1782864760316036,True,True
263704941,0.31500000,1396.00000000,402640723,402640723,1782864760403892,True,True
263704942,0.31500000,1606.30000000,402640724,402640724,1782864760504941,True,True
263704943,0.31500000,1604.40000000,402640725,402640725,1782864760605880,True,True
263704944,0.31500000,189.90000000,402640726,402640726,1782864760617693,True,True
263704945,0.31500000,603.40000000,402640727,402640727,1782864760655729,True,True
263704946,0.31500000,2852.20000000,402640728,402640728,1782864760681701,True,True
263704947,0.31500000,1048.60000000,402640729,402640729,1782864760980457,True,True
263704948,0.31500000,482.10000000,402640730,402640730,1782864761010667,True,True
263704949,0.31500000,939.90000000,402640731,402640731,1782864761069715,True,True
263704950,0.31500000,664.60000000,402640732,402640732,1782864761111529,True,True
263704951,0.31500000,447.90000000,402640733,402640733,1782864761139706,True,True
263704952,0.31500000,1156.70000000,402640734,402640734,1782864761212636,True,True
263704953,0.31500000,1607.80000000,402640735,402640735,1782864761313747,True,True
263704954,0.31500000,198.30000000,402640736,402640736,1782864761326227,True,True
263704955,0.31500000,694.20000000,402640737,402640737,1782864761370079,True,True
263704956,0.31500000,296.10000000,402640738,402640738,1782864761388419,True,True
263704957,0.31500000,637.00000000,402640739,402640739,1782864761555598,True,True
263704958,0.31500000,1010.50000000,402640740,402640740,1782864761619140,True,True
263704959,0.31500000,836.10000000,402640741,402640741,1782864761671702,True,True
263704960,0.31500000,4272.90000000,402640742,402640742,1782864761989139,True,True
263704961,0.31500000,214.20000000,402640743,402640743,1782864762002745,True,True
263704962,0.31500000,343.10000000,402640744,402640744,1782864762024302,True,True
263704963,0.31500000,755.60000000,402640745,402640745,1782864762071875,True,True
263704964,0.31500000,856.20000000,402640746,402640746,1782864762125697,True,True
263704965,0.31500000,1051.60000000,402640747,402640747,1782864762191743,True,True
263704966,0.31500000,555.20000000,402640748,402640748,1782864762226667,True,True
263704967,0.31500000,1607.30000000,402640749,402640749,1782864762327827,True,True
263704968,0.31500000,164.50000000,402640750,402640750,1782864762338212,True,True
263704969,0.31500000,534.90000000,402640751,402640751,1782864762372079,True,True
263704970,0.31500000,909.10000000,402640752,402640752,1782864762428918,True,True
263704971,0.31500000,329.30000000,402640753,402640753,1782864762449812,True,True
263704972,0.31500000,1284.10000000,402640754,402640754,1782864762530519,True,True
263704973,0.31500000,1210.70000000,402640755,402640755,1782864762606288,True,True
263704974,0.31500000,410.50000000,402640756,402640756,1782864762632186,True,True
263704975,0.31500000,631.60000000,402640757,402640757,1782864762671831,True,True
263704976,0.31500000,203.70000000,402640758,402640758,1782864762691585,True,True
263704977,0.31500000,513.10000000,402640759,402640759,1782864762724759,True,True
263704978,0.31500000,2946.60000000,402640760,402640760,1782864762834829,True,True
263704979,0.31500000,588.70000000,402640761,402640761,1782864762871915,True,True
263704980,0.31500000,1030.20000000,402640762,402640762,1782864762936649,True,True
263704981,0.31500000,697.10000000,402640763,402640763,1782864762980429,True,True
263704982,0.31500000,354.70000000,402640764,402640764,1782864763002667,True,True
263704983,0.31500000,564.50000000,402640765,402640765,1782864763038087,True,True
263704984,0.31500000,1611.40000000,402640766,402640766,1782864763139393,True,True
263704985,0.31500000,1617.80000000,402640767,402640767,1782864763241228,True,True
263704986,0.31500000,518.70000000,402640768,402640768,1782864763273855,True,True
263704987,0.31500000,522.00000000,402640769,402640769,1782864763342411,True,True
263704988,0.31500000,1606.50000000,402640770,402640770,1782864763443743,True,True
263704989,0.31500000,1612.30000000,402640771,402640771,1782864763544828,True,True
263704990,0.31500000,460.90000000,402640772,402640772,1782864763574293,True,True
263704991,0.31500000,1147.50000000,402640773,402640773,1782864763646273,True,True
263704992,0.31500000,414.50000000,402640774,402640774,1782864763691661,True,True
263704993,0.31500000,4236.80000000,402640775,402640775,1782864764095969,True,True
263704994,0.31500000,900.40000000,402640776,402640776,1782864764152873,True,True
263704995,0.31500000,1612.70000000,402640777,402640777,1782864764254057,True,True
263704996,0.31500000,1610.00000000,402640778,402640778,1782864764355323,True,True
263704997,0.31500000,3714.70000000,402640779,402640779,1782864764778553,True,True
263704998,0.31500000,1320.10000000,402640780,402640780,1782864764861512,True,True
263704999,0.31500000,1612.70000000,402640781,402640781,1782864764962980,True,True
263705000,0.31500000,279.40000000,402640782,402640782,1782864764980442,True,True
263705001,0.31510000,100.00000000,402640783,402640783,1782864769533143,False,True
263705002,0.31500000,5058.70000000,402640784,402640784,1782864770448757,True,True
263705003,0.31510000,46.00000000,402640785,402640785,1782864770471964,False,True
263705004,0.31500000,456.90000000,402640786,402640787,1782864770473649,True,True
263705005,0.31500000,873.80000000,402640788,402640794,1782864774935699,True,True
263705006,0.31500000,68782.00000000,402640795,402640797,1782864776189177,True,True
263705007,0.31500000,5213.40000000,402640798,402640798,1782864776190127,True,True
263705008,0.31500000,888.00000000,402640799,402640799,1782864776191220,True,True
263705009,0.31500000,10004.10000000,402640800,402640800,1782864776192617,True,True
263705010,0.31500000,5877.10000000,402640801,402640801,1782864776194863,True,True
263705011,0.31500000,253.70000000,402640802,402640802,1782864776210895,True,True
263705012,0.31500000,1111.50000000,402640803,402640803,1782864776325913,True,True
263705013,0.31500000,3754.20000000,402640804,402640804,1782864776647046,True,True
263705014,0.31500000,1053.90000000,402640805,402640805,1782864776713237,True,True
263705015,0.31500000,7401.00000000,402640806,402640806,1782864778563157,True,True
263705016,0.31500000,460.30000000,402640807,402640807,1782864778588691,True,True
263705017,0.31500000,108.20000000,402640808,402640808,1782864778642929,True,True
263705018,0.31500000,333.20000000,402640809,402640809,1782864778663729,True,True
263705019,0.31500000,1143.10000000,402640810,402640810,1782864778736660,True,True
263705020,0.31500000,463.80000000,402640811,402640811,1782864778767302,True,True
263705021,0.31500000,1291.20000000,402640812,402640812,1782864778847113,True,True
263705022,0.31500000,2414.20000000,402640813,402640813,1782864778892579,True,True
263705023,0.31500000,2093.70000000,402640814,402640814,1782864778903543,True,True
263705024,0.31500000,160.40000000,402640815,402640815,1782864778913624,True,True
263705025,0.31500000,392.70000000,402640816,402640816,1782864778938255,True,True
263705026,0.31500000,766.40000000,402640817,402640817,1782864778970749,True,True
263705027,0.31500000,156.10000000,402640818,402640818,1782864778980923,True,True
263705028,0.31500000,972.00000000,402640819,402640819,1782864779456536,True,True
263705029,0.31510000,245.80000000,402640820,402640820,1782864779658078,False,True
263705030,0.31500000,861.10000000,402640821,402640821,1782864780582831,True,True
263705031,0.31500000,5595.10000000,402640822,402640822,1782864780679729,True,True
263705032,0.31510000,19.00000000,402640823,402640823,1782864781527183,False,True
263705033,0.31500000,29286.50000000,402640824,402640824,1782864781763898,True,True
263705034,0.31500000,10004.10000000,402640825,402640831,1782864781766391,True,True
263705035,0.31500000,26085.10000000,402640832,402640832,1782864781766500,True,True
263705036,0.31500000,5213.40000000,402640833,402640833,1782864781766696,True,True
263705037,0.31500000,3835.30000000,402640834,402640834,1782864781766845,True,True
263705038,0.31500000,16199.40000000,402640835,402640835,1782864781767265,True,True
263705039,0.31500000,54433.10000000,402640836,402640840,1782864781767275,True,True
263705040,0.31490000,8210.80000000,402640841,402640849,1782864781770245,True,True
263705041,0.31490000,194479.80000000,402640850,402640859,1782864781770245,True,True
263705042,0.31480000,8580.10000000,402640860,402640868,1782864781775227,True,True
263705043,0.31480000,476.60000000,402640869,402640869,1782864781775227,True,True
263705044,0.31480000,1730.00000000,402640870,402640872,1782864781803146,True,True
263705045,0.31480000,952.00000000,402640873,402640873,1782864781884869,True,True
263705046,0.31490000,47.70000000,402640874,402640874,1782864782046674,False,True
263705047,0.31490000,317.50000000,402640875,402640875,1782864782059703,False,True
263705048,0.31490000,3174.70000000,402640876,402640876,1782864783442330,False,True
263705049,0.31490000,60334.00000000,402640877,402640878,1782864784561815,False,True
263705050,0.31490000,3174.80000000,402640879,402640879,1782864785044229,False,True
263705051,0.31480000,21.50000000,402640880,402640880,1782864785518342,True,True
263705052,0.31490000,3174.90000000,402640881,402640881,1782864786641872,False,True
263705053,0.31490000,63.60000000,402640882,402640882,1782864786745479,False,True
263705054,0.31490000,184243.80000000,402640883,402640896,1782864787020086,False,True
263705055,0.31490000,41871.00000000,402640897,402640901,1782864787021374,False,True
263705056,0.31490000,5795.60000000,402640902,402640902,1782864787021623,False,True
263705057,0.31490000,399.90000000,402640903,402640903,1782864787022401,False,True
263705058,0.31490000,1162.10000000,402640904,402640904,1782864787022437,False,True
263705059,0.31490000,2905.70000000,402640905,402640905,1782864787022484,False,True
263705060,0.31490000,1936.10000000,402640906,402640906,1782864787022617,False,True
263705061,0.31490000,665.00000000,402640907,402640907,1782864787022629,False,True
263705062,0.31490000,963.20000000,402640908,402640908,1782864787022761,False,True
263705063,0.31490000,22676.00000000,402640909,402640909,1782864787022767,False,True
263705064,0.31490000,4018.00000000,402640910,402640910,1782864787022841,False,True
263705065,0.31490000,9036.50000000,402640911,402640911,1782864787022968,False,True
263705066,0.31490000,62551.10000000,402640912,402640914,1782864787023002,False,True
263705067,0.31490000,11951.90000000,402640915,402640917,1782864787023039,False,True
263705068,0.31490000,2897.80000000,402640918,402640918,1782864787023057,False,True
263705069,0.31490000,1244.70000000,402640919,402640919,1782864787023143,False,True
263705070,0.31490000,3957.20000000,402640920,402640920,1782864787023147,False,True
263705071,0.31490000,725.90000000,402640921,402640921,1782864787023173,False,True
263705072,0.31490000,3245.40000000,402640922,402640922,1782864787023197,False,True
263705073,0.31490000,2454.20000000,402640923,402640923,1782864787023272,False,True
263705074,0.31490000,10051.70000000,402640924,402640925,1782864787023450,False,True
263705075,0.31490000,784.30000000,402640926,402640926,1782864787023455,False,True
263705076,0.31490000,19932.80000000,402640927,402640934,1782864787023601,False,True
263705077,0.31490000,2632.00000000,402640935,402640935,1782864787023614,False,True
263705078,0.31490000,1403.50000000,402640936,402640936,1782864787023684,False,True
263705079,0.31490000,15267.40000000,402640937,402640938,1782864787023715,False,True
263705080,0.31500000,1448.90000000,402640939,402640939,1782864787025779,False,True
263705081,0.31500000,852.10000000,402640940,402640940,1782864787025800,False,True
263705082,0.31500000,724.40000000,402640941,402640944,1782864787027080,False,True
263705083,0.31500000,1634.30000000,402640945,402640951,1782864787027420,False,True
263705084,0.31500000,626.50000000,402640952,402640952,1782864787027590,False,True
263705085,0.31500000,31850.70000000,402640953,402640953,1782864787028096,False,True
263705086,0.31510000,374.50000000,402640954,402640954,1782864787053290,False,True
263705087,0.31500000,82.50000000,402640955,402640959,1782864788202480,True,True
263705088,0.31500000,244.30000000,402640960,402640960,1782864792131542,False,True
263705089,0.31490000,1993.10000000,402640961,402640961,1782864795192586,True,True
263705090,0.31500000,211.40000000,402640962,402640966,1782864795479956,False,True
263705091,0.31500000,770.90000000,402640967,402640967,1782864797490718,False,True
263705092,0.31500000,362.20000000,402640968,402640969,1782864812228828,False,True
263705093,0.31500000,244.30000000,402640970,402640970,1782864817968821,False,True
263705094,0.31500000,704.80000000,402640971,402640971,1782864819430712,False,True
263705095,0.31500000,81.90000000,402640972,402640972,1782864820452836,False,True
263705096,0.31490000,612.20000000,402640973,402640973,1782864824961455,True,True
263705097,0.31500000,30.00000000,402640974,402640974,1782864834363553,False,True
263705098,0.31490000,631.00000000,402640975,402640975,1782864836014630,True,True
263705099,0.31500000,60.40000000,402640976,402640976,1782864842912664,False,True
263705100,0.31500000,1055.80000000,402640977,402640977,1782864844738377,False,True
263705101,0.31500000,20.00000000,402640978,402640978,1782864845318588,False,True
263705102,0.31500000,244.30000000,402640979,402640984,1782864848207490,False,True
263705103,0.31500000,44.40000000,402640985,402640985,1782864856368040,False,True
263705104,0.31500000,27.90000000,402640986,402640986,1782864862530877,False,True
263705105,0.31490000,1865.90000000,402640987,402640987,1782864874528996,True,True
263705106,0.31490000,843.50000000,402640988,402640988,1782864876153108,True,True
263705107,0.31490000,56.70000000,402640989,402640989,1782864876741967,True,True
263705108,0.31500000,181.10000000,402640990,402640990,1782864878070368,False,True
263705109,0.31500000,90.60000000,402640991,402640991,1782864878071752,False,True
263705110,0.31500000,45.30000000,402640992,402640993,1782864878072837,False,True
263705111,0.31500000,22.60000000,402640994,402640994,1782864878073906,False,True
263705112,0.31500000,628.80000000,402640995,402641000,1782864879077562,False,True
263705113,0.31500000,63.40000000,402641001,402641001,1782864883399297,False,True
263705114,0.31500000,176.00000000,402641002,402641006,1782864884871430,False,True
263705115,0.31500000,122.60000000,402641007,402641007,1782864889568299,False,True
263705116,0.31500000,20.00000000,402641008,402641008,1782864892144880,False,True
263705117,0.31500000,113.20000000,402641009,402641009,1782864895498298,False,True
263705118,0.31500000,2735.20000000,402641010,402641010,1782864900826571,False,True
263705119,0.31500000,56.50000000,402641011,402641011,1782864901724938,False,True
263705120,0.31490000,22.50000000,402641012,402641012,1782864901725079,True,True
263705121,0.31490000,106.60000000,402641013,402641013,1782864904060516,True,True
263705122,0.31490000,1184.80000000,402641014,402641014,1782864905891250,True,True
263705123,0.31490000,58.10000000,402641015,402641015,1782864910290894,True,True
263705124,0.31500000,273.40000000,402641016,402641016,1782864921569166,False,True
263705125,0.31500000,97.00000000,402641017,402641017,1782864922613969,False,True
263705126,0.31500000,60.40000000,402641018,402641018,1782864925520167,False,True
263705127,0.31490000,450.00000000,402641019,402641019,1782864927498335,True,True
263705128,0.31500000,341.50000000,402641020,402641020,1782864930482709,False,True
263705129,0.31500000,52.10000000,402641021,402641021,1782864931344129,False,True
263705130,0.31500000,63.30000000,402641022,402641022,1782864939208595,False,True
263705131,0.31500000,351.00000000,402641023,402641023,1782864942397594,False,True
263705132,0.31490000,2080.30000000,402641024,402641024,1782864942537486,True,True
263705133,0.31500000,47.70000000,402641025,402641025,1782864943341015,False,True
263705134,0.31500000,47.20000000,402641026,402641026,1782864945265955,False,True
263705135,0.31490000,19.90000000,402641027,402641027,1782864947010178,True,True
263705136,0.31500000,126.20000000,402641028,402641028,1782864947714720,False,True
263705137,0.31490000,31.50000000,402641029,402641029,1782864956409035,True,True
263705138,0.31490000,39.30000000,402641030,402641030,1782864959291132,True,True
263705139,0.31490000,698.80000000,402641031,402641031,1782864960269858,True,True
263705140,0.31490000,158.10000000,402641032,402641032,1782864960899546,True,True
263705141,0.31490000,95.80000000,402641033,402641033,1782864969014011,True,True
263705142,0.31500000,107.00000000,402641034,402641034,1782864971573157,False,True
263705143,0.31490000,322.80000000,402641035,402641035,1782864974718754,True,True
263705144,0.31490000,910.00000000,402641036,402641036,1782864978634165,True,True
263705145,0.31500000,590.60000000,402641037,402641037,1782864978869601,False,True
263705146,0.31500000,133.40000000,402641038,402641038,1782864986313140,False,True
263705147,0.31500000,22.00000000,402641039,402641039,1782864989338154,False,True
263705148,0.31500000,47.70000000,402641040,402641040,1782864996609866,False,True
263705149,0.31490000,29308.60000000,402641041,402641041,1782864997927489,True,True
263705150,0.31500000,73.70000000,402641042,402641042,1782865002044128,False,True
263705151,0.31490000,371.40000000,402641043,402641043,1782865003055687,True,True
263705152,0.31490000,3900.00000000,402641044,402641044,1782865012094293,True,True
263705153,0.31500000,641.30000000,402641045,402641045,1782865015306223,False,True
263705154,0.31500000,22.00000000,402641046,402641046,1782865019204213,False,True
263705155,0.31490000,105.00000000,402641047,402641047,1782865022848462,True,True
263705156,0.31490000,4563.90000000,402641048,402641048,1782865023676767,True,True
263705157,0.31490000,84.30000000,402641049,402641049,1782865025133763,True,True
263705158,0.31490000,24.50000000,402641050,402641050,1782865025825182,True,True
263705159,0.31500000,60.40000000,402641051,402641051,1782865026733736,False,True
263705160,0.31500000,158.60000000,402641052,402641052,1782865029330636,False,True
263705161,0.31500000,15.80000000,402641053,402641053,1782865029563551,False,True
263705162,0.31490000,175.30000000,402641054,402641054,1782865038775303,True,True
263705163,0.31490000,30.90000000,402641055,402641055,1782865041493768,True,True
263705164,0.31500000,58.90000000,402641056,402641056,1782865052817852,False,True
263705165,0.31490000,22.90000000,402641057,402641057,1782865060836969,True,True
263705166,0.31500000,56.00000000,402641058,402641058,1782865065724530,False,True
263705167,0.31490000,306.30000000,402641059,402641059,1782865066122774,True,True
263705168,0.31500000,323.70000000,402641060,402641060,1782865079716571,False,True
263705169,0.31500000,21.40000000,402641061,402641061,1782865086227101,False,True
263705170,0.31500000,15.80000000,402641062,402641062,1782865086966127,False,True
263705171,0.31500000,922.40000000,402641063,402641063,1782865094922695,False,True
263705172,0.31500000,69.90000000,402641064,402641064,1782865097509762,False,True
263705173,0.31500000,63.50000000,402641065,402641065,1782865097682894,False,True
263705174,0.31490000,484.30000000,402641066,402641066,1782865102175515,True,True
263705175,0.31500000,31.70000000,402641067,402641067,1782865107557354,False,True
263705176,0.31500000,31.70000000,402641068,402641068,1782865110978868,False,True
263705177,0.31500000,158.80000000,402641069,402641069,1782865112409660,False,True
263705178,0.31500000,95.20000000,402641070,402641070,1782865113590086,False,True
263705179,0.31490000,509.80000000,402641071,402641071,1782865117151233,True,True
263705180,0.31500000,100.30000000,402641072,402641072,1782865125268429,False,True
263705181,0.31490000,708.10000000,402641073,402641073,1782865128359751,True,True
263705182,0.31500000,128.20000000,402641074,402641074,1782865134813515,False,True
263705183,0.31490000,4965.00000000,402641075,402641077,1782865135221915,True,True
263705184,0.31500000,38.70000000,402641078,402641078,1782865137439641,False,True
263705185,0.31490000,62.70000000,402641079,402641079,1782865143011221,True,True
263705186,0.31500000,26.40000000,402641080,402641080,1782865146654937,False,True
263705187,0.31490000,1664.90000000,402641081,402641081,1782865149344622,True,True
263705188,0.31490000,107.00000000,402641082,402641082,1782865149947200,True,True
263705189,0.31490000,34323.50000000,402641083,402641083,1782865156487888,True,True
263705190,0.31490000,9667.90000000,402641084,402641084,1782865156487892,True,True
263705191,0.31490000,6819.80000000,402641085,402641085,1782865156488019,True,True
263705192,0.31490000,803.00000000,402641086,402641086,1782865156488719,True,True
263705193,0.31490000,795.70000000,402641087,402641087,1782865156489041,True,True
263705194,0.31490000,690.90000000,402641088,402641088,1782865156490202,True,True
263705195,0.31490000,594.90000000,402641089,402641089,1782865156491010,True,True
263705196,0.31490000,355.20000000,402641090,402641090,1782865156491167,True,True
263705197,0.31490000,1371.10000000,402641091,402641091,1782865156491465,True,True
263705198,0.31490000,405.10000000,402641092,402641092,1782865156492210,True,True
263705199,0.31490000,372.40000000,402641093,402641093,1782865156492413,True,True
263705200,0.31490000,721.50000000,402641094,402641094,1782865156492565,True,True
263705201,0.31490000,742.00000000,402641095,402641095,1782865156492901,True,True
263705202,0.31490000,5213.40000000,402641096,402641100,1782865156493044,True,True
263705203,0.31490000,349.70000000,402641101,402641101,1782865156493329,True,True
263705204,0.31490000,738.80000000,402641102,402641102,1782865156493502,True,True
263705205,0.31490000,369.00000000,402641103,402641103,1782865156493606,True,True
263705206,0.31490000,347.10000000,402641104,402641104,1782865156493926,True,True
263705207,0.31490000,996.70000000,402641105,402641105,1782865156493943,True,True
263705208,0.31490000,572.20000000,402641106,402641106,1782865156493960,True,True
263705209,0.31490000,889.00000000,402641107,402641107,1782865156494255,True,True
263705210,0.31490000,486.20000000,402641108,402641108,1782865156494688,True,True
263705211,0.31490000,1336.00000000,402641109,402641109,1782865156494949,True,True
263705212,0.31490000,347.90000000,402641110,402641110,1782865156495576,True,True
263705213,0.31490000,997.50000000,402641111,402641111,1782865156495882,True,True
263705214,0.31490000,515.60000000,402641112,402641112,1782865156497178,True,True
263705215,0.31490000,547.10000000,402641113,402641113,1782865156497263,True,True
263705216,0.31490000,570.00000000,402641114,402641114,1782865156497683,True,True
263705217,0.31490000,570.00000000,402641115,402641115,1782865156497858,True,True
263705218,0.31490000,6251.70000000,402641116,402641116,1782865156497952,True,True
263705219,0.31490000,570.00000000,402641117,402641117,1782865156498113,True,True
263705220,0.31490000,611.00000000,402641118,402641118,1782865156498322,True,True
263705221,0.31490000,551.20000000,402641119,402641119,1782865156498560,True,True
263705222,0.31490000,287.00000000,402641120,402641120,1782865156499186,True,True
263705223,0.31490000,287.00000000,402641121,402641121,1782865156499231,True,True
263705224,0.31490000,287.00000000,402641122,402641122,1782865156500140,True,True
263705225,0.31490000,669.00000000,402641123,402641123,1782865156500653,True,True
263705226,0.31490000,383.00000000,402641124,402641124,1782865156501336,True,True
263705227,0.31490000,15676.70000000,402641125,402641125,1782865156504320,True,True
263705228,0.31490000,19318.40000000,402641126,402641126,1782865156513835,True,True
263705229,0.31490000,4280.70000000,402641127,402641127,1782865156538541,True,True
263705230,0.31490000,1243.00000000,402641128,402641128,1782865156541088,True,True
263705231,0.31490000,27.00000000,402641129,402641129,1782865156542207,True,True
263705232,0.31490000,4697.70000000,402641130,402641130,1782865156571132,True,True
263705233,0.31490000,749.00000000,402641131,402641131,1782865156573493,True,True
263705234,0.31490000,487.00000000,402641132,402641132,1782865156573774,True,True
263705235,0.31490000,1555.00000000,402641133,402641133,1782865156717088,True,True
263705236,0.31490000,3270.80000000,402641134,402641134,1782865156773585,True,True
263705237,0.31490000,241.60000000,402641135,402641135,1782865156788189,True,True
263705238,0.31490000,7016.80000000,402641136,402641136,1782865156816130,True,True
263705239,0.31490000,3893.90000000,402641137,402641137,1782865156838560,True,True
263705240,0.31490000,205.90000000,402641138,402641138,1782865156851521,True,True
263705241,0.31490000,255.80000000,402641139,402641139,1782865156867534,True,True
263705242,0.31490000,1270.00000000,402641140,402641140,1782865156920331,True,True
263705243,0.31490000,176.60000000,402641141,402641141,1782865157018843,True,True
263705244,0.31490000,1026.00000000,402641142,402641142,1782865157021143,True,True
263705245,0.31490000,244.00000000,402641143,402641143,1782865157021147,True,True
263705246,0.31490000,1609.40000000,402641144,402641144,1782865157120158,True,True
263705247,0.31490000,532.00000000,402641145,402641145,1782865157122855,True,True
263705248,0.31490000,567.80000000,402641146,402641146,1782865157155501,True,True
263705249,0.31490000,776.00000000,402641147,402641147,1782865157156154,True,True
263705250,0.31490000,1047.90000000,402641148,402641148,1782865157221503,True,True
263705251,0.31490000,1605.50000000,402641149,402641149,1782865157322413,True,True
263705252,0.31490000,233.50000000,402641150,402641150,1782865157370945,True,True
263705253,0.31490000,673.50000000,402641151,402641151,1782865157413415,True,True
263705254,0.31490000,168.70000000,402641152,402641152,1782865157424190,True,True
263705255,0.31490000,537.80000000,402641153,402641153,1782865157458798,True,True
263705256,0.31490000,1072.40000000,402641154,402641154,1782865157525244,True,True
263705257,0.31490000,1631.30000000,402641155,402641155,1782865157626554,True,True
263705258,0.31490000,1160.30000000,402641156,402641156,1782865157699399,True,True
263705259,0.31490000,447.90000000,402641157,402641157,1782865157727897,True,True
263705260,0.31490000,509.40000000,402641158,402641158,1782865157759671,True,True
263705261,0.31490000,1095.10000000,402641159,402641159,1782865157828323,True,True
263705262,0.31490000,633.40000000,402641160,402641160,1782865157867481,True,True
263705263,0.31490000,983.00000000,402641161,402641161,1782865157929316,True,True
263705264,0.31490000,1084.30000000,402641162,402641162,1782865157997502,True,True
263705265,0.31490000,531.70000000,402641163,402641163,1782865158030998,True,True
263705266,0.31490000,455.00000000,402641164,402641164,1782865158059637,True,True
263705267,0.31490000,6182.20000000,402641165,402641165,1782865158087960,True,True
263705268,0.31490000,699.50000000,402641166,402641166,1782865158132050,True,True
263705269,0.31490000,183.30000000,402641167,402641167,1782865158143702,True,True
263705270,0.31490000,1432.70000000,402641168,402641168,1782865158233647,True,True
263705271,0.31490000,1610.30000000,402641169,402641169,1782865158335324,True,True
263705272,0.31490000,489.70000000,402641170,402641170,1782865158638578,True,True
263705273,0.31490000,55.60000000,402641171,402641171,1782865158661283,True,True
263705274,0.31490000,1365.10000000,402641172,402641172,1782865158711500,True,True
263705275,0.31490000,448.90000000,402641173,402641173,1782865158739681,True,True
263705276,0.31490000,1565.20000000,402641174,402641174,1782865158838150,True,True
263705277,0.31490000,399.30000000,402641175,402641175,1782865158863389,True,True
263705278,0.31490000,409.40000000,402641176,402641176,1782865158888221,True,True
263705279,0.31490000,859.10000000,402641177,402641177,1782865158942474,True,True
263705280,0.31490000,1076.10000000,402641178,402641178,1782865159144479,True,True
263705281,0.31490000,307.20000000,402641179,402641179,1782865159163570,True,True
263705282,0.31490000,667.50000000,402641180,402641180,1782865159205534,True,True
263705283,0.31490000,637.10000000,402641181,402641181,1782865159245627,True,True
263705284,0.31490000,1614.10000000,402641182,402641182,1782865159347232,True,True
263705285,0.31490000,1610.00000000,402641183,402641183,1782865159448613,True,True
263705286,0.31490000,305.70000000,402641184,402641184,1782865159467536,True,True
263705287,0.31490000,382.80000000,402641185,402641185,1782865159545781,True,True
263705288,0.31490000,1677.70000000,402641186,402641186,1782865159651044,True,True
263705289,0.31490000,326.60000000,402641187,402641187,1782865159671893,True,True
263705290,0.31490000,664.70000000,402641188,402641188,1782865159722731,True,True
263705291,0.31490000,49750.30000000,402641189,402641194,1782865160605862,True,True
263705292,0.31490000,5213.40000000,402641195,402641195,1782865160606120,True,True
263705293,0.31490000,17387.50000000,402641196,402641196,1782865160608555,True,True
263705294,0.31490000,1083.00000000,402641197,402641197,1782865160610041,True,True
263705295,0.31490000,472.20000000,402641198,402641198,1782865160638202,True,True
263705296,0.31490000,776.00000000,402641199,402641199,1782865160663610,True,True
263705297,0.31490000,2493.10000000,402641200,402641200,1782865161743490,True,True
263705298,0.31490000,325.60000000,402641201,402641201,1782865161763327,True,True
263705299,0.31490000,168.30000000,402641202,402641202,1782865161773965,True,True
263705300,0.31490000,1460.40000000,402641203,402641203,1782865161865979,True,True
263705301,0.31490000,236.40000000,402641204,402641204,1782865161880675,True,True
263705302,0.31490000,1608.70000000,402641205,402641205,1782865161981846,True,True
263705303,0.31490000,638.30000000,402641206,402641206,1782865162021805,True,True
263705304,0.31490000,379.20000000,402641207,402641207,1782865162045692,True,True
263705305,0.31490000,589.80000000,402641208,402641208,1782865162083036,True,True
263705306,0.31490000,1612.60000000,402641209,402641209,1782865162184237,True,True
263705307,0.31490000,1609.90000000,402641210,402641210,1782865162285546,True,True
263705308,0.31490000,2385.10000000,402641211,402641211,1782865162384822,True,True
263705309,0.31490000,525.90000000,402641212,402641212,1782865162867639,True,True
263705310,0.31490000,393.60000000,402641213,402641213,1782865162892414,True,True
263705311,0.31490000,1606.40000000,402641214,402641214,1782865162993522,True,True
263705312,0.31490000,15113.00000000,402641215,402641215,1782865164035435,True,True
263705313,0.31490000,52.70000000,402641216,402641216,1782865173204967,True,True
263705314,0.31500000,120.70000000,402641217,402641217,1782865175275394,False,True
263705315,0.31500000,63.00000000,402641218,402641218,1782865180087889,False,True
263705316,0.31500000,95.20000000,402641219,402641219,1782865181746700,False,True
263705317,0.31490000,209.50000000,402641220,402641220,1782865184068754,True,True
263705318,0.31500000,69.20000000,402641221,402641221,1782865191734935,False,True
263705319,0.31500000,41.50000000,402641222,402641222,1782865194368495,False,True
263705320,0.31500000,317.30000000,402641223,402641223,1782865194438486,False,True
263705321,0.31490000,442.00000000,402641224,402641224,1782865198029879,True,True
263705322,0.31490000,65.00000000,402641225,402641225,1782865198309755,True,True
263705323,0.31500000,31.50000000,402641226,402641226,1782865202649009,False,True
263705324,0.31500000,1575.10000000,402641227,402641227,1782865210079934,False,True
263705325,0.31490000,124.20000000,402641228,402641228,1782865210999554,True,True
263705326,0.31490000,41.00000000,402641229,402641229,1782865211889735,True,True
263705327,0.31500000,15.80000000,402641230,402641230,1782865214043602,False,True
263705328,0.31500000,44.40000000,402641231,402641231,1782865215628668,False,True
263705329,0.31500000,53.70000000,402641232,402641232,1782865216495944,False,True
263705330,0.31490000,207.40000000,402641233,402641233,1782865227641494,True,True
263705331,0.31490000,6162.00000000,402641234,402641234,1782865231927754,True,True
263705332,0.31500000,205.00000000,402641235,402641235,1782865234980850,False,True
263705333,0.31500000,58.50000000,402641236,402641236,1782865235508831,False,True
263705334,0.31490000,1026.70000000,402641237,402641237,1782865236377803,True,True
263705335,0.31500000,465.40000000,402641238,402641238,1782865239017666,False,True
263705336,0.31500000,141287.50000000,402641239,402641266,1782865259434216,False,True
263705337,0.31510000,414.80000000,402641267,402641268,1782865259744692,False,True
263705338,0.31510000,330.40000000,402641269,402641269,1782865259848000,False,True
263705339,0.31510000,328.50000000,402641270,402641270,1782865259867742,False,True
263705340,0.31510000,328.20000000,402641271,402641271,1782865259904975,False,True
263705341,0.31510000,342.90000000,402641272,402641272,1782865259945102,False,True
263705342,0.31510000,327.50000000,402641273,402641273,1782865259982949,False,True
263705343,0.31510000,340.30000000,402641274,402641274,1782865260019745,False,True
263705344,0.31510000,351.20000000,402641275,402641275,1782865260042095,False,True
263705345,0.31510000,332.70000000,402641276,402641276,1782865260271137,False,True
263705346,0.31510000,749.80000000,402641277,402641277,1782865260286749,False,True
263705347,0.31510000,372.00000000,402641278,402641278,1782865260287779,False,True
263705348,0.31510000,672.40000000,402641279,402641279,1782865262022186,False,True
263705349,0.31510000,358.30000000,402641280,402641280,1782865262023064,False,True
263705350,0.31510000,417.70000000,402641281,402641281,1782865262065071,False,True
263705351,0.31510000,328.30000000,402641282,402641282,1782865263064357,False,True
263705352,0.31510000,335.30000000,402641283,402641283,1782865263121607,False,True
263705353,0.31510000,511.70000000,402641284,402641284,1782865263889177,False,True
263705354,0.31510000,34.90000000,402641285,402641285,1782865265816671,False,True
263705355,0.31500000,1039.80000000,402641286,402641286,1782865267941008,True,True
263705356,0.31510000,662.20000000,402641287,402641287,1782865269114928,False,True
263705357,0.31510000,706.50000000,402641288,402641288,1782865269116030,False,True
263705358,0.31510000,404.90000000,402641289,402641289,1782865269116400,False,True
263705359,0.31510000,378.40000000,402641290,402641290,1782865269117255,False,True
263705360,0.31510000,444.10000000,402641291,402641291,1782865269117465,False,True
263705361,0.31510000,956.40000000,402641292,402641292,1782865269117590,False,True
263705362,0.31510000,550.40000000,402641293,402641293,1782865269118557,False,True
263705363,0.31510000,552.00000000,402641294,402641294,1782865269119905,False,True
263705364,0.31510000,678.10000000,402641295,402641295,1782865269485290,False,True
263705365,0.31510000,328.60000000,402641296,402641296,1782865269486377,False,True
263705366,0.31500000,202.80000000,402641297,402641297,1782865269614148,True,True
263705367,0.31510000,652.10000000,402641298,402641298,1782865274999803,False,True
263705368,0.31510000,885.10000000,402641299,402641299,1782865275000642,False,True
263705369,0.31510000,1035.60000000,402641300,402641300,1782865275001791,False,True
263705370,0.31510000,391.60000000,402641301,402641302,1782865275001885,False,True
263705371,0.31510000,410.00000000,402641303,402641303,1782865275002042,False,True
263705372,0.31510000,1528.00000000,402641304,402641306,1782865275002132,False,True
263705373,0.31510000,522.10000000,402641307,402641307,1782865275003025,False,True
263705374,0.31510000,440.80000000,402641308,402641308,1782865275003258,False,True
263705375,0.31510000,573.20000000,402641309,402641309,1782865275003318,False,True
263705376,0.31510000,636.70000000,402641310,402641315,1782865275004429,False,True
263705377,0.31510000,836.60000000,402641316,402641320,1782865275005408,False,True
263705378,0.31510000,501.20000000,402641321,402641321,1782865275005614,False,True
263705379,0.31510000,1027.90000000,402641322,402641322,1782865275005665,False,True
263705380,0.31510000,566.20000000,402641323,402641323,1782865275006748,False,True
263705381,0.31510000,550.00000000,402641324,402641324,1782865275006879,False,True
263705382,0.31510000,1175.60000000,402641325,402641325,1782865275007009,False,True
263705383,0.31510000,494.00000000,402641326,402641326,1782865275007346,False,True
263705384,0.31510000,525.60000000,402641327,402641328,1782865275007793,False,True
263705385,0.31510000,619.80000000,402641329,402641330,1782865275007998,False,True
263705386,0.31510000,551.30000000,402641331,402641333,1782865275008652,False,True
263705387,0.31510000,525.10000000,402641334,402641334,1782865275009929,False,True
263705388,0.31510000,99.40000000,402641335,402641340,1782865275010530,False,True
263705389,0.31510000,3957.20000000,402641341,402641341,1782865275107258,True,True
263705390,0.31510000,8385.90000000,402641342,402641342,1782865277208075,True,True
263705391,0.31510000,13091.60000000,402641343,402641343,1782865277208324,True,True
263705392,0.31510000,996.10000000,402641344,402641349,1782865277210612,True,True
263705393,0.31510000,42.60000000,402641350,402641350,1782865278514409,False,True
263705394,0.31510000,253.30000000,402641351,402641351,1782865281260400,False,True
263705395,0.31510000,31.70000000,402641352,402641352,1782865285344670,False,True
263705396,0.31500000,2080.50000000,402641353,402641353,1782865288316069,True,True
263705397,0.31510000,158.60000000,402641354,402641354,1782865288584627,False,True
263705398,0.31510000,317.30000000,402641355,402641355,1782865302969080,False,True
263705399,0.31500000,49.60000000,402641356,402641356,1782865307580292,True,True
263705400,0.31500000,20.90000000,402641357,402641357,1782865312601193,True,True
263705401,0.31510000,62.90000000,402641358,402641358,1782865316673279,False,True
263705402,0.31510000,29.90000000,402641359,402641359,1782865319158840,False,True
263705403,0.31500000,12033.40000000,402641360,402641366,1782865320708653,True,True
263705404,0.31500000,1975.00000000,402641367,402641367,1782865328482906,True,True
263705405,0.31510000,1918.80000000,402641368,402641368,1782865329326258,False,True
263705406,0.31500000,666.90000000,402641369,402641369,1782865331762004,True,True
263705407,0.31510000,261.90000000,402641370,402641370,1782865338659136,False,True
263705408,0.31510000,63.40000000,402641371,402641371,1782865358121110,False,True
263705409,0.31500000,17.80000000,402641372,402641372,1782865361533647,True,True
263705410,0.31500000,41.60000000,402641373,402641373,1782865364356391,True,True
263705411,0.31510000,149.10000000,402641374,402641374,1782865369333121,False,True
263705412,0.31510000,63.50000000,402641375,402641375,1782865371209789,False,True
263705413,0.31510000,70.00000000,402641376,402641376,1782865372245484,False,True
263705414,0.31500000,133.80000000,402641377,402641377,1782865373044990,True,True
263705415,0.31500000,37.70000000,402641378,402641378,1782865373400535,True,True
263705416,0.31510000,31.70000000,402641379,402641379,1782865386569105,False,True
263705417,0.31500000,2079.60000000,402641380,402641380,1782865388225746,True,True
263705418,0.31500000,1860.00000000,402641381,402641381,1782865388868112,True,True
263705419,0.31510000,20.00000000,402641382,402641382,1782865403276698,False,True
263705420,0.31510000,1694.70000000,402641383,402641383,1782865406763410,False,True
263705421,0.31510000,63.40000000,402641384,402641384,1782865409499377,False,True
263705422,0.31500000,1272.00000000,402641385,402641385,1782865419855581,True,True
263705423,0.31500000,1211.50000000,402641386,402641386,1782865421015381,True,True
263705424,0.31510000,358.60000000,402641387,402641387,1782865425944797,False,True
263705425,0.31500000,5908.90000000,402641388,402641392,1782865440697440,True,True
263705426,0.31500000,66.00000000,402641393,402641393,1782865465414335,True,True
263705427,0.31500000,79.70000000,402641394,402641394,1782865467226703,True,True
263705428,0.31500000,103.10000000,402641395,402641395,1782865469185749,True,True
263705429,0.31500000,12151.30000000,402641396,402641396,1782865480071110,True,True
263705430,0.31510000,19.50000000,402641397,402641397,1782865482993913,False,True
263705431,0.31510000,133.30000000,402641398,402641398,1782865491971148,False,True
263705432,0.31500000,7930.30000000,402641399,402641399,1782865492911588,True,True
263705433,0.31500000,25.00000000,402641400,402641400,1782865499544606,True,True
263705434,0.31500000,5250.10000000,402641401,402641407,1782865500688907,True,True
263705435,0.31500000,671.50000000,402641408,402641410,1782865500703043,True,True
263705436,0.31500000,66.40000000,402641411,402641414,1782865500705843,True,True
263705437,0.31500000,26800.30000000,402641415,402641420,1782865500713395,True,True
263705438,0.31490000,11484.10000000,402641421,402641421,1782865500744384,True,True
263705439,0.31500000,47.00000000,402641422,402641422,1782865504716508,False,True
263705440,0.31500000,37.80000000,402641423,402641423,1782865510729221,False,True
263705441,0.31500000,325.20000000,402641424,402641424,1782865515249573,False,True
263705442,0.31490000,241.00000000,402641425,402641425,1782865519076496,True,True
263705443,0.31490000,20.90000000,402641426,402641426,1782865539913285,True,True
263705444,0.31490000,31722.90000000,402641427,402641428,1782865539942758,True,True
263705445,0.31490000,6528.90000000,402641429,402641429,1782865540010598,True,True
263705446,0.31490000,2188.80000000,402641430,402641430,1782865540025736,True,True
263705447,0.31490000,3900.50000000,402641431,402641431,1782865540053788,True,True
263705448,0.31490000,317.30000000,402641432,402641432,1782865540074934,True,True
263705449,0.31490000,242.20000000,402641433,402641433,1782865540089964,True,True
263705450,0.31500000,63.40000000,402641434,402641434,1782865551471662,False,True
263705451,0.31500000,31.80000000,402641435,402641435,1782865551814020,False,True
263705452,0.31500000,55.10000000,402641436,402641436,1782865553169349,False,True
263705453,0.31490000,6213.90000000,402641437,402641439,1782865556530287,True,True
263705454,0.31500000,23.80000000,402641440,402641440,1782865560308428,False,True
263705455,0.31490000,20.90000000,402641441,402641441,1782865562169283,True,True
263705456,0.31500000,31.80000000,402641442,402641442,1782865567283943,False,True
263705457,0.31490000,239.90000000,402641443,402641443,1782865569514466,True,True
263705458,0.31500000,151.00000000,402641444,402641444,1782865571072967,False,True
263705459,0.31490000,180.00000000,402641445,402641445,1782865574409824,True,True
263705460,0.31500000,66.20000000,402641446,402641446,1782865576506068,False,True
263705461,0.31500000,76.30000000,402641447,402641447,1782865582057566,False,True
263705462,0.31500000,58.50000000,402641448,402641448,1782865582793408,False,True
263705463,0.31500000,74.80000000,402641449,402641449,1782865584085547,False,True
263705464,0.31490000,1823.40000000,402641450,402641450,1782865584657673,True,True
263705465,0.31490000,50.80000000,402641451,402641451,1782865585711272,True,True
263705466,0.31490000,289.50000000,402641452,402641452,1782865587064067,True,True
263705467,0.31490000,323.10000000,402641453,402641453,1782865590263235,True,True
263705468,0.31500000,68.30000000,402641454,402641454,1782865593065845,False,True
263705469,0.31490000,4897.40000000,402641455,402641455,1782865598257249,True,True
263705470,0.31490000,415.80000000,402641456,402641456,1782865608140584,True,True
263705471,0.31500000,577.30000000,402641457,402641457,1782865613534044,False,True
263705472,0.31500000,63.30000000,402641458,402641458,1782865615243637,False,True
263705473,0.31490000,154.40000000,402641459,402641459,1782865615753624,True,True
263705474,0.31500000,68.30000000,402641460,402641460,1782865615786839,False,True
263705475,0.31490000,342.00000000,402641461,402641461,1782865617527727,True,True
263705476,0.31490000,20.90000000,402641462,402641462,1782865618303178,True,True
263705477,0.31490000,48.50000000,402641463,402641463,1782865622916266,True,True
263705478,0.31500000,19.80000000,402641464,402641464,1782865625573894,False,True
263705479,0.31500000,228.30000000,402641465,402641465,1782865631028953,False,True
263705480,0.31500000,39.70000000,402641466,402641466,1782865634329886,False,True
263705481,0.31490000,142.00000000,402641467,402641467,1782865636856802,True,True
263705482,0.31500000,68.30000000,402641468,402641468,1782865639229799,False,True
263705483,0.31500000,27.30000000,402641469,402641469,1782865639817464,False,True
263705484,0.31490000,394.90000000,402641470,402641470,1782865640004746,True,True
263705485,0.31500000,55.00000000,402641471,402641471,1782865643048271,False,True
263705486,0.31500000,351.60000000,402641472,402641472,1782865644969726,False,True
263705487,0.31490000,250.40000000,402641473,402641473,1782865648267574,True,True
263705488,0.31500000,68.30000000,402641474,402641474,1782865656465449,False,True
263705489,0.31500000,39.70000000,402641475,402641475,1782865657258358,False,True
263705490,0.31500000,327.00000000,402641476,402641476,1782865658682887,False,True
263705491,0.31490000,99.30000000,402641477,402641477,1782865660359016,True,True
263705492,0.31500000,90.90000000,402641478,402641478,1782865661169817,False,True
263705493,0.31500000,120.10000000,402641479,402641479,1782865661675145,False,True
263705494,0.31500000,29.80000000,402641480,402641480,1782865667235268,False,True
263705495,0.31490000,254.20000000,402641481,402641481,1782865669497981,True,True
263705496,0.31490000,397.20000000,402641482,402641482,1782865671945295,True,True
263705497,0.31500000,105.60000000,402641483,402641483,1782865673632531,False,True
263705498,0.31490000,23.40000000,402641484,402641484,1782865676816765,True,True
263705499,0.31490000,284.30000000,402641485,402641485,1782865683766348,True,True
263705500,0.31500000,158.80000000,402641486,402641486,1782865702131425,False,True
263705501,0.31490000,16.20000000,402641487,402641487,1782865706399083,True,True
263705502,0.31500000,81.50000000,402641488,402641488,1782865709614436,False,True
263705503,0.31500000,22.20000000,402641489,402641489,1782865711217903,False,True
263705504,0.31500000,117.10000000,402641490,402641490,1782865711635667,False,True
263705505,0.31490000,93.40000000,402641491,402641491,1782865718397087,True,True
263705506,0.31500000,95.20000000,402641492,402641492,1782865724926801,False,True
263705507,0.31490000,254.30000000,402641493,402641493,1782865726112823,True,True
263705508,0.31500000,3238.10000000,402641494,402641504,1782865727593872,False,True
263705509,0.31500000,2758.70000000,402641505,402641507,1782865727594028,False,True
263705510,0.31500000,2096.50000000,402641508,402641508,1782865727594198,False,True
263705511,0.31500000,6467.10000000,402641509,402641518,1782865727614742,False,True
263705512,0.31500000,631.50000000,402641519,402641519,1782865727635514,True,True
263705513,0.31510000,159.20000000,402641520,402641520,1782865731014126,False,True
263705514,0.31510000,38.10000000,402641521,402641521,1782865742817228,False,True
263705515,0.31510000,95.20000000,402641522,402641522,1782865747271996,False,True
263705516,0.31510000,142.60000000,402641523,402641523,1782865752163498,False,True
263705517,0.31510000,95.10000000,402641524,402641524,1782865752632806,False,True
263705518,0.31500000,105.60000000,402641525,402641525,1782865756719758,True,True
263705519,0.31500000,401.60000000,402641526,402641526,1782865762055574,True,True
263705520,0.31500000,216.10000000,402641527,402641527,1782865768278118,True,True
263705521,0.31510000,31.80000000,402641528,402641528,1782865772417794,False,True
263705522,0.31500000,22.20000000,402641529,402641529,1782865772835440,True,True
263705523,0.31510000,20.00000000,402641530,402641530,1782865778748181,False,True
263705524,0.31500000,60.50000000,402641531,402641531,1782865781440783,True,True
263705525,0.31510000,100.00000000,402641532,402641532,1782865788100880,False,True
263705526,0.31510000,111.20000000,402641533,402641533,1782865788688996,False,True
263705527,0.31510000,155.40000000,402641534,402641534,1782865791758634,False,True
263705528,0.31510000,136.80000000,402641535,402641535,1782865793263852,False,True
263705529,0.31500000,630.60000000,402641536,402641536,1782865798498607,True,True
263705530,0.31510000,31.80000000,402641537,402641537,1782865800294668,False,True
263705531,0.31500000,7353.00000000,402641538,402641538,1782865800695651,True,True
263705532,0.31510000,46.70000000,402641539,402641539,1782865806318450,False,True
263705533,0.31500000,261.60000000,402641540,402641540,1782865811291908,True,True
263705534,0.31500000,25.30000000,402641541,402641541,1782865822944652,True,True
263705535,0.31510000,719.50000000,402641542,402641542,1782865827071784,False,True
263705536,0.31500000,200.40000000,402641543,402641543,1782865842447760,True,True
263705537,0.31500000,1800.00000000,402641544,402641544,1782865845418503,True,True
263705538,0.31500000,623.80000000,402641545,402641545,1782865850086425,True,True
263705539,0.31500000,39600.90000000,402641546,402641548,1782865851005953,True,True
263705540,0.31510000,31.80000000,402641549,402641549,1782865854082675,False,True
263705541,0.31510000,31.70000000,402641550,402641550,1782865854391210,False,True
263705542,0.31500000,27.00000000,402641551,402641551,1782865869316753,True,True
263705543,0.31500000,763.80000000,402641552,402641552,1782865871338689,True,True
263705544,0.31500000,1745.00000000,402641553,402641553,1782865876821717,True,True
263705545,0.31510000,319.30000000,402641554,402641554,1782865876973425,False,True
263705546,0.31510000,47.60000000,402641555,402641555,1782865879394550,False,True
263705547,0.31500000,69.50000000,402641556,402641556,1782865881974958,True,True
263705548,0.31500000,800.00000000,402641557,402641557,1782865889823149,True,True
263705549,0.31510000,246.50000000,402641558,402641558,1782865895741196,False,True
263705550,0.31500000,26.00000000,402641559,402641560,1782865897544487,True,True
263705551,0.31510000,79.40000000,402641561,402641561,1782865898244817,False,True
263705552,0.31510000,158.90000000,402641562,402641562,1782865902394108,False,True
263705553,0.31510000,314.30000000,402641563,402641563,1782865909824587,False,True
263705554,0.31500000,25.00000000,402641564,402641565,1782865911498293,True,True
263705555,0.31500000,120.20000000,402641566,402641566,1782865917511218,True,True
263705556,0.31510000,23.80000000,402641567,402641567,1782865920327100,False,True
263705557,0.31510000,17.50000000,402641568,402641568,1782865920921285,False,True
263705558,0.31500000,542.60000000,402641569,402641569,1782865922231579,True,True
263705559,0.31510000,158.60000000,402641570,402641570,1782865930769136,False,True
263705560,0.31510000,55.10000000,402641571,402641571,1782865931110931,False,True
263705561,0.31510000,22.20000000,402641572,402641572,1782865955129239,False,True
263705562,0.31510000,62.90000000,402641573,402641573,1782865955605007,False,True
263705563,0.31510000,47.60000000,402641574,402641574,1782865956536682,False,True
263705564,0.31510000,30.00000000,402641575,402641575,1782865962971573,False,True
263705565,0.31500000,461.00000000,402641576,402641578,1782865971757761,True,True
263705566,0.31500000,29.50000000,402641579,402641579,1782865973875267,True,True
263705567,0.31500000,928.30000000,402641580,402641580,1782865975475694,True,True
263705568,0.31510000,28.50000000,402641581,402641581,1782865980010431,False,True
263705569,0.31500000,49.50000000,402641582,402641582,1782865980125209,True,True
263705570,0.31510000,20.10000000,402641583,402641583,1782865980794044,False,True
263705571,0.31500000,25.20000000,402641584,402641584,1782865982816316,True,True
263705572,0.31500000,615.30000000,402641585,402641585,1782865987265068,True,True
263705573,0.31510000,22.90000000,402641586,402641586,1782865991915246,False,True
263705574,0.31510000,664.80000000,402641587,402641587,1782865992220526,False,True
263705575,0.31500000,10403.80000000,402641588,402641594,1782866001288218,True,True
263705576,0.31500000,793.60000000,402641595,402641595,1782866007054142,False,True
263705577,0.31490000,41.40000000,402641596,402641596,1782866009834564,True,True
263705578,0.31500000,583.80000000,402641597,402641597,1782866010059969,False,True
263705579,0.31500000,820.00000000,402641598,402641598,1782866011386076,False,True
263705580,0.31500000,139.50000000,402641599,402641599,1782866011642813,False,True
263705581,0.31500000,20.00000000,402641600,402641600,1782866014062804,False,True
263705582,0.31500000,476.10000000,402641601,402641601,1782866016565154,False,True
263705583,0.31490000,400.00000000,402641602,402641602,1782866018556325,True,True
263705584,0.31490000,1617.80000000,402641603,402641603,1782866023527724,True,True
263705585,0.31490000,32.50000000,402641604,402641604,1782866027271447,True,True
263705586,0.31490000,1032.10000000,402641605,402641605,1782866029913816,True,True
263705587,0.31490000,30.40000000,402641606,402641606,1782866031008420,True,True
263705588,0.31490000,405.30000000,402641607,402641607,1782866034018120,True,True
263705589,0.31490000,63.50000000,402641608,402641608,1782866035310074,True,True
263705590,0.31500000,276.10000000,402641609,402641609,1782866035314368,False,True
263705591,0.31500000,952.30000000,402641610,402641610,1782866037914455,False,True
263705592,0.31500000,56.80000000,402641611,402641611,1782866039882447,False,True
263705593,0.31490000,1087.90000000,402641612,402641612,1782866040413659,True,True
263705594,0.31490000,4396.00000000,402641613,402641613,1782866040725922,True,True
263705595,0.31500000,97.40000000,402641614,402641614,1782866042714180,False,True
263705596,0.31500000,278.50000000,402641615,402641615,1782866043302072,False,True
263705597,0.31500000,20.00000000,402641616,402641616,1782866059051648,False,True
263705598,0.31500000,93.50000000,402641617,402641617,1782866067913527,False,True
263705599,0.31490000,66.20000000,402641618,402641618,1782866071166447,True,True
263705600,0.31500000,370.80000000,402641619,402641619,1782866074374867,False,True
263705601,0.31490000,99.30000000,402641620,402641620,1782866077534402,True,True
263705602,0.31490000,39.80000000,402641621,402641621,1782866085945042,True,True
263705603,0.31500000,283.00000000,402641622,402641622,1782866086730213,False,True
263705604,0.31500000,2725.30000000,402641623,402641623,1782866090366224,False,True
263705605,0.31500000,59.60000000,402641624,402641624,1782866093068872,False,True
263705606,0.31500000,311.40000000,402641625,402641625,1782866105962421,False,True
263705607,0.31500000,331.70000000,402641626,402641626,1782866108010044,False,True
263705608,0.31490000,105.10000000,402641627,402641627,1782866110591748,True,True
263705609,0.31500000,39.00000000,402641628,402641628,1782866114387244,False,True
263705610,0.31500000,1058.10000000,402641629,402641629,1782866114628045,False,True
263705611,0.31500000,29.60000000,402641630,402641630,1782866136729643,False,True
263705612,0.31500000,178.30000000,402641631,402641631,1782866139193806,False,True
263705613,0.31490000,6156.80000000,402641632,402641632,1782866139296418,True,True
263705614,0.31490000,98.80000000,402641633,402641633,1782866140250804,True,True
263705615,0.31490000,244.70000000,402641634,402641634,1782866142474772,True,True
263705616,0.31490000,33.60000000,402641635,402641635,1782866142665176,True,True
263705617,0.31500000,317.40000000,402641636,402641636,1782866143719455,False,True
263705618,0.31500000,156.60000000,402641637,402641637,1782866152871316,False,True
263705619,0.31490000,116.50000000,402641638,402641638,1782866158657813,True,True
263705620,0.31490000,198.00000000,402641639,402641639,1782866170475298,True,True
263705621,0.31490000,2139.60000000,402641640,402641640,1782866171033816,True,True
263705622,0.31490000,15968.60000000,402641641,402641641,1782866171223876,True,True
263705623,0.31490000,25055.40000000,402641642,402641642,1782866171224059,True,True
263705624,0.31490000,6404.60000000,402641643,402641643,1782866171225851,True,True
263705625,0.31490000,1022.80000000,402641644,402641644,1782866171226043,True,True
263705626,0.31490000,3894.80000000,402641645,402641645,1782866171226184,True,True
263705627,0.31490000,3246.40000000,402641646,402641646,1782866171226876,True,True
263705628,0.31490000,495.60000000,402641647,402641647,1782866171227059,True,True
263705629,0.31490000,1843.80000000,402641648,402641648,1782866171227294,True,True
263705630,0.31490000,1499.80000000,402641649,402641649,1782866171227773,True,True
263705631,0.31490000,1140.20000000,402641650,402641650,1782866171228258,True,True
263705632,0.31490000,821.10000000,402641651,402641651,1782866171228807,True,True
263705633,0.31490000,1560.70000000,402641652,402641652,1782866171229073,True,True
263705634,0.31490000,504.70000000,402641653,402641653,1782866171229329,True,True
263705635,0.31490000,361.10000000,402641654,402641654,1782866171230267,True,True
263705636,0.31490000,1295.60000000,402641655,402641655,1782866171232681,True,True
263705637,0.31490000,716.50000000,402641656,402641656,1782866171233837,True,True
263705638,0.31490000,549.50000000,402641657,402641657,1782866171234701,True,True
263705639,0.31490000,5780.90000000,402641658,402641658,1782866171235520,True,True
263705640,0.31490000,38627.70000000,402641659,402641661,1782866171263254,True,True
263705641,0.31490000,32.20000000,402641662,402641662,1782866171808447,True,True
263705642,0.31490000,32.20000000,402641663,402641664,1782866172465987,True,True
263705643,0.31490000,20.00000000,402641665,402641665,1782866188301391,True,True
263705644,0.31500000,337.20000000,402641666,402641666,1782866199372050,False,True
263705645,0.31490000,869.40000000,402641667,402641667,1782866200718058,True,True
263705646,0.31500000,768.10000000,402641668,402641668,1782866203037114,False,True
263705647,0.31500000,70.90000000,402641669,402641669,1782866207190419,False,True
263705648,0.31490000,184.00000000,402641670,402641670,1782866208920101,True,True
263705649,0.31500000,48.90000000,402641671,402641671,1782866229657106,False,True
263705650,0.31500000,67.20000000,402641672,402641672,1782866230827996,False,True
263705651,0.31490000,56.60000000,402641673,402641673,1782866233175331,True,True
263705652,0.31500000,314.80000000,402641674,402641674,1782866237295299,False,True
263705653,0.31490000,39.30000000,402641675,402641675,1782866242775295,True,True
263705654,0.31490000,208.60000000,402641676,402641676,1782866246418130,True,True
263705655,0.31500000,19.90000000,402641677,402641677,1782866247342855,False,True
263705656,0.31500000,53.00000000,402641678,402641678,1782866249036012,False,True
263705657,0.31490000,767.30000000,402641679,402641679,1782866260754751,True,True
263705658,0.31500000,1153.40000000,402641680,402641680,1782866280577987,False,True
263705659,0.31490000,33.90000000,402641681,402641681,1782866282575338,True,True
263705660,0.31490000,1274.00000000,402641682,402641686,1782866286665991,True,True
263705661,0.31490000,200.00000000,402641687,402641687,1782866290854228,True,True
263705662,0.31490000,236.80000000,402641688,402641688,1782866302146587,True,True
263705663,0.31490000,862.00000000,402641689,402641689,1782866303144630,True,True
263705664,0.31500000,212.70000000,402641690,402641690,1782866312889442,False,True
263705665,0.31490000,60.30000000,402641691,402641691,1782866318450729,True,True
263705666,0.31490000,111.70000000,402641692,402641692,1782866319311044,True,True
263705667,0.31490000,515.20000000,402641693,402641693,1782866322008208,True,True
263705668,0.31490000,27.10000000,402641694,402641694,1782866337771699,True,True
263705669,0.31500000,10877.60000000,402641695,402641695,1782866349171765,False,True
263705670,0.31490000,48.10000000,402641696,402641696,1782866349716348,True,True
263705671,0.31490000,20.00000000,402641697,402641697,1782866350644475,True,True
263705672,0.31500000,362.30000000,402641698,402641698,1782866355007901,False,True
263705673,0.31500000,4067.60000000,402641699,402641699,1782866357251054,False,True
263705674,0.31490000,39.00000000,402641700,402641700,1782866358092653,True,True
263705675,0.31490000,52.50000000,402641701,402641701,1782866372442213,True,True
263705676,0.31490000,405.50000000,402641702,402641702,1782866377070764,True,True
263705677,0.31500000,21755.30000000,402641703,402641703,1782866377758240,False,True
263705678,0.31500000,56.80000000,402641704,402641704,1782866379348906,False,True
263705679,0.31490000,3707.80000000,402641705,402641705,1782866379870229,True,True
263705680,0.31490000,817.60000000,402641706,402641706,1782866379921613,True,True
263705681,0.31490000,1219.20000000,402641707,402641707,1782866379998270,True,True
263705682,0.31490000,390.20000000,402641708,402641708,1782866380022790,True,True
263705683,0.31490000,1606.10000000,402641709,402641709,1782866380123678,True,True
263705684,0.31490000,452.50000000,402641710,402641710,1782866380152118,True,True
263705685,0.31490000,224.80000000,402641711,402641711,1782866380166591,True,True
263705686,0.31490000,936.00000000,402641712,402641712,1782866380225290,True,True
263705687,0.31490000,1193.40000000,402641713,402641713,1782866380300435,True,True
263705688,0.31490000,415.30000000,402641714,402641714,1782866380326415,True,True
263705689,0.31490000,1562.30000000,402641715,402641715,1782866380424872,True,True
263705690,0.31490000,219.60000000,402641716,402641716,1782866380438391,True,True
263705691,0.31500000,36.50000000,402641717,402641717,1782866382679023,False,True
263705692,0.31490000,450.00000000,402641718,402641718,1782866384955142,True,True
263705693,0.31490000,3585.60000000,402641719,402641719,1782866386138563,True,True
263705694,0.31490000,1007.00000000,402641720,402641720,1782866386201134,True,True
263705695,0.31490000,380.60000000,402641721,402641721,1782866386225061,True,True
263705696,0.31490000,281.00000000,402641722,402641722,1782866386242733,True,True
263705697,0.31490000,508.50000000,402641723,402641723,1782866386274796,True,True
263705698,0.31490000,438.90000000,402641724,402641724,1782866386302723,True,True
263705699,0.31490000,5392.30000000,402641725,402641725,1782866386851086,True,True
263705700,0.31490000,450.60000000,402641726,402641726,1782866386879079,True,True
263705701,0.31490000,785.10000000,402641727,402641727,1782866386907393,True,True
263705702,0.31490000,249.20000000,402641728,402641728,1782866387012664,True,True
263705703,0.31490000,263.00000000,402641729,402641729,1782866387089436,True,True
263705704,0.31490000,386.90000000,402641730,402641730,1782866387113894,True,True
263705705,0.31490000,1606.60000000,402641731,402641731,1782866387214972,True,True
263705706,0.31490000,322.30000000,402641732,402641732,1782866387235107,True,True
263705707,0.31490000,917.40000000,402641733,402641733,1782866387292872,True,True
263705708,0.31490000,1046.20000000,402641734,402641734,1782866387433583,True,True
263705709,0.31490000,2235.70000000,402641735,402641735,1782866392786691,True,True
263705710,0.31490000,46.00000000,402641736,402641736,1782866393472120,True,True
263705711,0.31500000,297.40000000,402641737,402641737,1782866397020908,False,True
263705712,0.31500000,152.40000000,402641738,402641738,1782866414746661,False,True
263705713,0.31490000,1528.60000000,402641739,402641739,1782866415212474,True,True
263705714,0.31490000,569.40000000,402641740,402641740,1782866417633304,True,True
263705715,0.31500000,414.90000000,402641741,402641741,1782866422084572,False,True
263705716,0.31500000,1400.00000000,402641742,402641742,1782866425280438,False,True
263705717,0.31490000,1664.90000000,402641743,402641743,1782866426009782,True,True
263705718,0.31500000,82.00000000,402641744,402641744,1782866428578556,False,True
263705719,0.31490000,69.00000000,402641745,402641745,1782866429892287,True,True
263705720,0.31490000,22.50000000,402641746,402641746,1782866435045021,True,True
263705721,0.31490000,73.00000000,402641747,402641747,1782866446671795,True,True
263705722,0.31490000,534.00000000,402641748,402641748,1782866447855811,True,True
263705723,0.31500000,63.40000000,402641749,402641749,1782866454145218,False,True
263705724,0.31500000,596.60000000,402641750,402641750,1782866454159961,False,True
263705725,0.31490000,311.50000000,402641751,402641751,1782866456383572,True,True
263705726,0.31490000,127.30000000,402641752,402641752,1782866467795993,True,True
263705727,0.31490000,951.90000000,402641753,402641753,1782866469418053,True,True
263705728,0.31490000,5213.40000000,402641754,402641754,1782866469707840,True,True
263705729,0.31500000,329.40000000,402641755,402641755,1782866470385569,False,True
263705730,0.31500000,497.70000000,402641756,402641756,1782866473579247,False,True
263705731,0.31500000,19.50000000,402641757,402641757,1782866476933972,False,True
263705732,0.31490000,95.20000000,402641758,402641758,1782866478570062,True,True
263705733,0.31490000,1822.30000000,402641759,402641759,1782866480704043,True,True
263705734,0.31500000,499.00000000,402641760,402641760,1782866481439797,False,True
263705735,0.31490000,47.90000000,402641761,402641761,1782866481473108,True,True
263705736,0.31490000,216.40000000,402641762,402641762,1782866484314119,True,True
263705737,0.31490000,223.30000000,402641763,402641763,1782866484817280,True,True
263705738,0.31500000,94.80000000,402641764,402641764,1782866489222884,False,True
263705739,0.31500000,22.20000000,402641765,402641765,1782866492514860,False,True
263705740,0.31500000,510.30000000,402641766,402641766,1782866498101939,False,True
263705741,0.31490000,78.10000000,402641767,402641767,1782866501269085,True,True
263705742,0.31490000,31.80000000,402641768,402641768,1782866508803068,True,True
263705743,0.31500000,250.70000000,402641769,402641769,1782866510443940,False,True
263705744,0.31490000,33.00000000,402641770,402641770,1782866512622227,True,True
263705745,0.31490000,728.20000000,402641771,402641771,1782866521171692,True,True
263705746,0.31500000,39.70000000,402641772,402641772,1782866527299316,False,True
263705747,0.31490000,34.00000000,402641773,402641773,1782866532494352,True,True
263705748,0.31490000,20.00000000,402641774,402641774,1782866546011293,True,True
263705749,0.31490000,1300.00000000,402641775,402641775,1782866547571605,True,True
263705750,0.31490000,5085.40000000,402641776,402641776,1782866556601469,True,True
263705751,0.31490000,476.00000000,402641777,402641777,1782866556630387,True,True
263705752,0.31490000,81.80000000,402641778,402641778,1782866556653270,True,True
263705753,0.31490000,1266.50000000,402641779,402641779,1782866556732656,True,True
263705754,0.31490000,1617.60000000,402641780,402641780,1782866556834306,True,True
263705755,0.31500000,152.30000000,402641781,402641781,1782866559924000,False,True
263705756,0.31490000,1392.50000000,402641782,402641782,1782866567732964,True,True
263705757,0.31490000,3184.70000000,402641783,402641783,1782866569470512,True,True
263705758,0.31490000,102.50000000,402641784,402641784,1782866580514297,True,True
263705759,0.31490000,37.10000000,402641785,402641785,1782866582616095,True,True
263705760,0.31490000,120.00000000,402641786,402641786,1782866588321842,True,True
263705761,0.31490000,186.90000000,402641787,402641787,1782866591497363,True,True
263705762,0.31490000,594.90000000,402641788,402641788,1782866592015066,True,True
263705763,0.31490000,266.00000000,402641789,402641789,1782866592306356,True,True
263705764,0.31490000,4724.50000000,402641790,402641790,1782866597260938,True,True
263705765,0.31490000,630.00000000,402641791,402641791,1782866597288220,True,True
263705766,0.31490000,3422.30000000,402641792,402641792,1782866598320313,True,True
263705767,0.31490000,401.30000000,402641793,402641793,1782866598345643,True,True
263705768,0.31490000,1615.50000000,402641794,402641794,1782866598447057,True,True
263705769,0.31490000,333.70000000,402641795,402641795,1782866598468257,True,True
263705770,0.31490000,362.10000000,402641796,402641796,1782866598491012,True,True
263705771,0.31490000,916.80000000,402641797,402641797,1782866598548507,True,True
263705772,0.31490000,484.10000000,402641798,402641798,1782866598578931,True,True
263705773,0.31490000,3269.20000000,402641799,402641799,1782866599142439,True,True
263705774,0.31490000,215.60000000,402641800,402641800,1782866599155983,True,True
263705775,0.31490000,1352.50000000,402641801,402641801,1782866599241174,True,True
263705776,0.31490000,255.20000000,402641802,402641802,1782866599257037,True,True
