32406217,1.08500000,6.17000000,49546992,49546992,1782864015575076,False,True
32406218,1.08500000,185.33000000,49546993,49546994,1782864039106368,True,True
32406219,1.08500000,18.46000000,49546995,49546995,1782864198979305,True,True
32406220,1.08500000,184.33000000,49546996,49546996,1782864215678655,False,True
32406221,1.08500000,23.48000000,49546997,49546997,1782864375444232,True,True
32406222,1.08500000,675.79000000,49546998,49547008,1782864435721166,False,True
32406223,1.08600000,515.44000000,49547009,49547013,1782864435721166,False,True
32406224,1.08500000,13.92000000,49547014,49547014,1782864440823701,True,True
32406225,1.08500000,37.07000000,49547015,49547016,1782864496845294,True,True
32406226,1.08500000,7.64000000,49547017,49547017,1782864516171936,True,True
32406227,1.08400000,829.69000000,49547018,49547022,1782864516171936,True,True
32406228,1.08400000,177.24000000,49547023,49547023,1782864528287178,True,True
32406229,1.08400000,72.24000000,49547024,49547024,1782864582217070,True,True
32406230,1.08400000,203.63000000,49547025,49547026,1782864807053950,False,True
32406231,1.08500000,61.44000000,49547027,49547027,1782864837183181,False,True
32406232,1.08500000,61.44000000,49547028,49547028,1782864837183271,False,True
32406233,1.08500000,61.44000000,49547029,49547029,1782864837183759,False,True
32406234,1.08500000,0.01000000,49547030,49547030,1782864837184308,False,True
32406235,1.08500000,54.07000000,49547031,49547032,1782864944910281,True,True
32406236,1.08400000,30.59000000,49547033,49547033,1782865312792453,True,True
32406237,1.08400000,122.15000000,49547034,49547034,1782865316501365,True,True
32406238,1.08400000,45.35000000,49547035,49547035,1782865316505607,True,True
32406239,1.08400000,184.50000000,49547036,49547036,1782865384618306,False,True
32406240,1.08400000,19.80000000,49547037,49547037,1782865401213162,True,True
32406241,1.08400000,184.50000000,49547038,49547038,1782865440549672,False,True
32406242,1.08400000,86.08000000,49547039,49547041,1782865539916283,True,True
32406243,1.08300000,37.25000000,49547042,49547042,1782865539996425,True,True
32406244,1.08300000,153.41000000,49547043,49547044,1782865544210291,True,True
32406245,1.08300000,74.34000000,49547045,49547045,1782865544210301,True,True
32406246,1.08200000,40.00000000,49547046,49547046,1782865544210304,True,True
32406247,1.08200000,28.47000000,49547047,49547047,1782865544210346,True,True
32406248,1.08200000,102.22000000,49547048,49547049,1782865544210373,True,True
32406249,1.08200000,102.22000000,49547050,49547053,1782865544210502,True,True
32406250,1.08200000,151.73000000,49547054,49547054,1782865544210553,True,True
32406251,1.08200000,131.42000000,49547055,49547055,1782865544210595,True,True
32406252,1.08100000,102.22000000,49547056,49547057,1782865544210859,True,True
32406253,1.08200000,77.07000000,49547058,49547058,1782865544211866,True,True
32406254,1.08100000,1302.93000000,49547059,49547062,1782865544211866,True,True
32406255,1.08100000,700.00000000,49547063,49547063,1782865544212768,True,True
32406256,1.08100000,22.77000000,49547064,49547064,1782865544212859,True,True
32406257,1.08100000,12.00000000,49547065,49547065,1782865544213902,True,True
32406258,1.08100000,12.00000000,49547066,49547066,1782865544213923,True,True
32406259,1.08100000,12.00000000,49547067,49547067,1782865544213993,True,True
32406260,1.08100000,216.44000000,49547068,49547068,1782865544217044,True,True
32406261,1.08100000,103.84000000,49547069,49547069,1782865544217832,True,True
32406262,1.08100000,103.82000000,49547070,49547070,1782865544218027,True,True
32406263,1.08100000,1109.73000000,49547071,49547071,1782865544218186,True,True
32406264,1.08000000,18.59000000,49547072,49547072,1782865544218254,True,True
32406265,1.08000000,26.69000000,49547073,49547073,1782865544219458,True,True
32406266,1.08100000,18.12000000,49547074,49547074,1782865544220327,True,True
32406267,1.08100000,4.65000000,49547075,49547075,1782865544222029,True,True
32406268,1.08100000,22.36000000,49547076,49547076,1782865544225055,True,True
32406269,1.08100000,12.40000000,49547077,49547077,1782865544237570,True,True
32406270,1.08100000,220.91000000,49547078,49547078,1782865544240576,True,True
32406271,1.08100000,103.82000000,49547079,49547080,1782865544262135,True,True
32406272,1.08100000,103.82000000,49547081,49547081,1782865544262138,True,True
32406273,1.08100000,103.84000000,49547082,49547082,1782865544263039,True,True
32406274,1.08100000,103.84000000,49547083,49547083,1782865544267108,True,True
32406275,1.08100000,103.82000000,49547084,49547084,1782865544267120,True,True
32406276,1.08100000,103.82000000,49547085,49547085,1782865544267402,True,True
32406277,1.08100000,103.82000000,49547086,49547086,1782865544276362,True,True
32406278,1.08100000,103.84000000,49547087,49547087,1782865544276589,True,True
32406279,1.08100000,103.82000000,49547088,49547088,1782865544276682,True,True
32406280,1.08100000,29.32000000,49547089,49547089,1782865544278293,True,True
32406281,1.08100000,183.82000000,49547090,49547090,1782865544314394,True,True
32406282,1.08200000,223.62000000,49547091,49547094,1782865544367624,False,True
32406283,1.08300000,368.10000000,49547095,49547102,1782865544367624,False,True
32406284,1.08300000,9.18000000,49547103,49547103,1782865544371990,True,True
32406285,1.08300000,14.76000000,49547104,49547104,1782865544372208,True,True
32406286,1.08300000,14.76000000,49547105,49547105,1782865544372354,True,True
32406287,1.08300000,92.29000000,49547106,49547106,1782865544414017,True,True
32406288,1.08200000,12.38000000,49547107,49547107,1782865544414047,True,True
32406289,1.08200000,57.64000000,49547108,49547108,1782865544414063,True,True
32406290,1.08200000,12.38000000,49547109,49547109,1782865544414073,True,True
32406291,1.08200000,12.38000000,49547110,49547110,1782865544414489,True,True
32406292,1.08300000,33.32000000,49547111,49547111,1782865544416189,True,True
32406293,1.08300000,6.66000000,49547112,49547112,1782865544419649,True,True
32406294,1.08300000,99.00000000,49547113,49547113,1782865544424286,False,True
32406295,1.08300000,118.80000000,49547114,49547115,1782865544430620,True,True
32406296,1.08200000,238.88000000,49547116,49547117,1782865544430620,True,True
32406297,1.08300000,99.00000000,49547118,49547118,1782865544433765,False,True
32406298,1.08200000,12.38000000,49547119,49547119,1782865544434669,True,True
32406299,1.08300000,34.27000000,49547120,49547120,1782865544469101,True,True
32406300,1.08300000,34.27000000,49547121,49547122,1782865544469405,True,True
32406301,1.08300000,12.12000000,49547123,49547123,1782865544471887,True,True
32406302,1.08400000,774.56000000,49547124,49547134,1782865544601832,False,True
32406303,1.08500000,191.29000000,49547135,49547136,1782865544601832,False,True
32406304,1.08600000,234.15000000,49547137,49547139,1782865544601832,False,True
32406305,1.08400000,14.75000000,49547140,49547140,1782865544605675,True,True
32406306,1.08400000,14.75000000,49547141,49547141,1782865544605995,True,True
32406307,1.08400000,35.45000000,49547142,49547142,1782865544606156,True,True
32406308,1.08400000,29.05000000,49547143,49547144,1782865545249085,True,True
32406309,1.08300000,6.38000000,49547145,49547145,1782865546015889,True,True
32406310,1.08300000,108.31000000,49547146,49547147,1782865562236475,True,True
32406311,1.08200000,44.03000000,49547148,49547148,1782865562236475,True,True
32406312,1.08200000,154.31000000,49547149,49547151,1782865562248834,True,True
32406313,1.08300000,191.72000000,49547152,49547153,1782865626997685,False,True
32406314,1.08400000,315.21000000,49547154,49547155,1782865689100686,False,True
32406315,1.08500000,276.62000000,49547156,49547157,1782865696816983,False,True
32406316,1.08500000,98.26000000,49547158,49547160,1782865696868181,True,True
32406317,1.08400000,344.79000000,49547161,49547164,1782865697303383,True,True
32406318,1.08300000,350.21000000,49547165,49547166,1782865697303383,True,True
32406319,1.08400000,37.12000000,49547167,49547167,1782865697307980,True,True
32406320,1.08400000,31.83000000,49547168,49547168,1782865697308692,True,True
32406321,1.08400000,57.46000000,49547169,49547170,1782865697319926,False,True
32406322,1.08500000,276.45000000,49547171,49547172,1782865700879375,False,True
32406323,1.08500000,184.33000000,49547173,49547173,1782865748039187,False,True
32406324,1.08500000,173.82000000,49547174,49547176,1782865774780598,True,True
32406325,1.08600000,184.16000000,49547177,49547177,1782865851065567,False,True
32406326,1.08700000,188.98000000,49547178,49547179,1782865871432977,False,True
32406327,1.08700000,460.54000000,49547180,49547184,1782865874825827,True,True
32406328,1.08600000,12.38000000,49547185,49547185,1782865874827026,True,True
32406329,1.08600000,117.07000000,49547186,49547187,1782865878532871,True,True
32406330,1.08600000,23.41000000,49547188,49547188,1782865878535532,True,True
32406331,1.08600000,4.68000000,49547189,49547189,1782865900700571,True,True
32406332,1.08500000,635.32000000,49547190,49547194,1782865900700571,True,True
32406333,1.08600000,53.89000000,49547195,49547195,1782865998480232,False,True
32406334,1.08500000,17.63000000,49547196,49547196,1782866133419774,True,True
32406335,1.08500000,17.63000000,49547197,49547197,1782866133419911,True,True
32406336,1.08500000,179.47000000,49547198,49547199,1782866133421415,True,True
32406337,1.08400000,29.24000000,49547200,49547200,1782866246537085,True,True
32406338,1.08500000,48.08000000,49547201,49547201,1782866293173680,False,True
32406339,1.08500000,48.08000000,49547202,49547202,1782866293173759,False,True
32406340,1.08500000,318.98000000,49547203,49547206,1782866293173796,False,True
32406341,1.08500000,400.25000000,49547207,49547214,1782866293174944,False,True
32406342,1.08500000,12.38000000,49547215,49547215,1782866316589104,True,True
32406343,1.08500000,12.38000000,49547216,49547217,1782866316589539,True,True
32406344,1.08500000,90.69000000,49547218,49547220,1782866316592303,True,True
32406345,1.08500000,18.13000000,49547221,49547221,1782866316595676,True,True
32406346,1.08400000,136.11000000,49547222,49547223,1782866413231420,True,True
32406347,1.08400000,24.80000000,49547224,49547225,1782866705576237,True,True
32406348,1.08400000,194.37000000,49547226,49547227,1782866705576480,True,True
32406349,1.08400000,71.36000000,49547228,49547228,1782866705577706,True,True
32406350,1.08400000,56.83000000,49547229,49547229,1782866705577921,True,True
32406351,1.08300000,58.46000000,49547230,49547230,1782866705581211,True,True
32406352,1.08300000,58.51000000,49547231,49547232,1782866705581996,True,True
32406353,1.08300000,178.56000000,49547233,49547235,1782866705582979,True,True
32406354,1.08300000,16.84000000,49547236,49547236,1782866705650617,True,True
32406355,1.08300000,236.57000000,49547237,49547240,1782866705955794,True,True
32406356,1.08300000,88.61000000,49547241,49547243,1782866706041001,True,True
32406357,1.08300000,63.41000000,49547244,49547245,1782866706221098,True,True
32406358,1.08300000,134.30000000,49547246,49547247,1782866706298304,True,True
32406359,1.08200000,30.74000000,49547248,49547248,1782866706298304,True,True
32406360,1.08300000,125.86000000,49547249,49547250,1782866706539004,True,True
32406361,1.08200000,79.09000000,49547251,49547253,1782866706539004,True,True
32406362,1.08300000,155.82000000,49547254,49547256,1782867148653980,True,True
32406363,1.08400000,159.49000000,49547257,49547258,1782867164013484,False,True
32406364,1.08400000,9.21000000,49547259,49547259,1782867164014965,False,True
32406365,1.08400000,34.22000000,49547260,49547260,1782867164015040,False,True
32406366,1.08400000,118.79000000,49547261,49547262,1782867168769433,True,True
32406367,1.08400000,118.94000000,49547263,49547264,1782867168864870,False,True
32406368,1.08400000,153.82000000,49547265,49547266,1782867168961826,True,True
32406369,1.08400000,30.76000000,49547267,49547267,1782867168969575,True,True
32406370,1.08300000,384.32000000,49547268,49547269,1782867168969575,True,True
32406371,1.08400000,6.15000000,49547270,49547270,1782867168972624,True,True
32406372,1.08300000,180.16000000,49547271,49547273,1782867426259327,True,True
32406373,1.08200000,519.84000000,49547274,49547279,1782867426259327,True,True
32406374,1.08300000,36.03000000,49547280,49547280,1782867426261771,True,True
32406375,1.08200000,19.80000000,49547281,49547281,1782867573129560,True,True
32406376,1.08100000,680.20000000,49547282,49547286,1782867573129560,True,True
32406377,1.08100000,50.08000000,49547287,49547287,1782867735963931,True,True
32406378,1.08000000,135.46000000,49547288,49547289,1782867806718359,True,True
32406379,1.08000000,27.09000000,49547290,49547290,1782867806720798,True,True
32406380,1.07900000,244.99000000,49547291,49547293,1782867851370918,True,True
32406381,1.07900000,50.51000000,49547294,49547295,1782867854327658,True,True
32406382,1.07800000,391.68000000,49547296,49547298,1782867854327658,True,True
32406383,1.07800000,552.05000000,49547299,49547302,1782867854477035,True,True
32406384,1.07700000,4.99000000,49547303,49547303,1782867917105925,True,True
32406385,1.07600000,4.99000000,49547304,49547304,1782868095948333,True,True
32406386,1.07600000,22.34000000,49547305,49547305,1782868095982945,False,True
32406387,1.07600000,37.13000000,49547306,49547306,1782868096039516,False,True
32406388,1.07600000,37.12000000,49547307,49547307,1782868096040977,False,True
32406389,1.07600000,20.11000000,49547308,49547308,1782868096246957,False,True
32406390,1.07600000,4.75000000,49547309,49547309,1782868096476495,False,True
32406391,1.07600000,12.50000000,49547310,49547311,1782868096739136,False,True
32406392,1.07600000,11.25000000,49547312,49547312,1782868100937113,False,True
32406393,1.07600000,10.13000000,49547313,49547313,1782868102320829,False,True
32406394,1.07600000,75.14000000,49547314,49547314,1782868102322448,False,True
32406395,1.07600000,37.57000000,49547315,49547315,1782868102323400,False,True
32406396,1.07600000,99.69000000,49547316,49547317,1782868102323784,False,True
32406397,1.07600000,18.79000000,49547318,49547318,1782868102327012,False,True
32406398,1.07600000,37.13000000,49547319,49547319,1782868102327700,False,True
32406399,1.07600000,9.39000000,49547320,49547320,1782868102328043,False,True
32406400,1.07600000,31.21000000,49547321,49547321,1782868102328220,False,True
32406401,1.07600000,5.91000000,49547322,49547322,1782868114137993,True,True
32406402,1.07500000,4.99000000,49547323,49547323,1782868132387900,True,True
32406403,1.07400000,4.99000000,49547324,49547324,1782868215829044,True,True
32406404,1.07300000,4.99000000,49547325,49547325,1782868224388602,True,True
32406405,1.07200000,7485.26000000,49547326,49547329,1782868242562657,True,True
32406406,1.07100000,30.59000000,49547330,49547331,1782868244036350,True,True
32406407,1.07100000,30.58000000,49547332,49547333,1782868244040663,True,True
32406408,1.07100000,846.48000000,49547334,49547334,1782868245613142,True,True
32406409,1.07100000,374.37000000,49547335,49547335,1782868245613192,True,True
32406410,1.07100000,1262.22000000,49547336,49547336,1782868245614421,True,True
32406411,1.07100000,1760.00000000,49547337,49547337,1782868245614496,True,True
32406412,1.07100000,18.65000000,49547338,49547338,1782868245619402,True,True
32406413,1.07000000,185.00000000,49547339,49547340,1782868256063446,True,True
32406414,1.07000000,185.62000000,49547341,49547341,1782868257205756,True,True
32406415,1.07000000,93.20000000,49547342,49547342,1782868263585377,False,True
32406416,1.07000000,160.00000000,49547343,49547343,1782868273967339,True,True
32406417,1.07000000,180.00000000,49547344,49547344,1782868283953940,True,True
32406418,1.07000000,700.00000000,49547345,49547345,1782868290638597,True,True
32406419,1.07000000,595.50000000,49547346,49547346,1782868301995614,True,True
32406420,1.06900000,4.72000000,49547347,49547347,1782868301996611,True,True
32406421,1.06900000,102.20000000,49547348,49547349,1782868308930311,True,True
32406422,1.06900000,84.29000000,49547350,49547350,1782868308930335,True,True
32406423,1.06900000,65.12000000,49547351,49547351,1782868308930425,True,True
32406424,1.06900000,65.38000000,49547352,49547352,1782868308930431,True,True
32406425,1.06900000,1651.09000000,49547353,49547353,1782868308930473,True,True
32406426,1.06900000,101.38000000,49547354,49547354,1782868308930500,True,True
32406427,1.06900000,97.50000000,49547355,49547355,1782868308930531,True,True
32406428,1.06900000,98.35000000,49547356,49547356,1782868308930554,True,True
32406429,1.06900000,65.06000000,49547357,49547357,1782868308930564,True,True
32406430,1.06900000,12.41000000,49547358,49547358,1782868308930568,True,True
32406431,1.06900000,12.41000000,49547359,49547359,1782868308930687,True,True
32406432,1.06900000,354.84000000,49547360,49547360,1782868308930791,True,True
32406433,1.06900000,214.50000000,49547361,49547361,1782868308931065,True,True
32406434,1.06900000,18.69000000,49547362,49547362,1782868308936596,True,True
32406435,1.06800000,18.85000000,49547363,49547363,1782868309113678,True,True
32406436,1.06800000,1072.50000000,49547364,49547366,1782868309113761,True,True
32406437,1.06800000,18.85000000,49547367,49547367,1782868309113818,True,True
32406438,1.06800000,443.40000000,49547368,49547368,1782868309113891,True,True
32406439,1.06800000,2733.20000000,49547369,49547369,1782868309113938,True,True
32406440,1.06800000,1494.66000000,49547370,49547370,1782868309114236,True,True
32406441,1.06800000,1500.00000000,49547371,49547371,1782868309114402,True,True
32406442,1.06800000,18.85000000,49547372,49547372,1782868309115016,True,True
32406443,1.06800000,80.15000000,49547373,49547373,1782868309115187,True,True
32406444,1.06800000,211.03000000,49547374,49547374,1782868309116215,True,True
32406445,1.06700000,31.00000000,49547375,49547376,1782868309116608,True,True
32406446,1.06700000,89.19000000,49547377,49547378,1782868309116608,True,True
32406447,1.06700000,24.29000000,49547379,49547379,1782868309116691,True,True
32406448,1.06600000,6.71000000,49547380,49547380,1782868309116691,True,True
32406449,1.06600000,31.00000000,49547381,49547381,1782868309116748,True,True
32406450,1.06600000,31.00000000,49547382,49547382,1782868309116800,True,True
32406451,1.06600000,31.00000000,49547383,49547384,1782868309116835,True,True
32406452,1.06600000,31.00000000,49547385,49547386,1782868309116911,True,True
32406453,1.06600000,31.00000000,49547387,49547387,1782868309117002,True,True
32406454,1.06600000,21.10000000,49547388,49547388,1782868309117639,True,True
32406455,1.06800000,99.00000000,49547389,49547389,1782868309119387,False,True
32406456,1.06800000,128.19000000,49547390,49547391,1782868309122132,False,True
32406457,1.06800000,128.19000000,49547392,49547392,1782868309122213,False,True
32406458,1.06800000,128.19000000,49547393,49547393,1782868309122256,False,True
32406459,1.06800000,205.99000000,49547394,49547395,1782868309124665,False,True
32406460,1.06800000,56.05000000,49547396,49547397,1782868309124703,False,True
32406461,1.06800000,9.36000000,49547398,49547398,1782868309125219,False,True
32406462,1.06800000,246.01000000,49547399,49547399,1782868309126051,False,True
32406463,1.06800000,21.31000000,49547400,49547400,1782868309158591,True,True
32406464,1.06800000,101.70000000,49547401,49547401,1782868309164114,True,True
32406465,1.06800000,104.01000000,49547402,49547402,1782868309164146,True,True
32406466,1.06800000,18.80000000,49547403,49547403,1782868309164633,True,True
32406467,1.06800000,29.45000000,49547404,49547404,1782868309176436,True,True
32406468,1.06800000,529.71000000,49547405,49547405,1782868309181358,True,True
32406469,1.06700000,18.80000000,49547406,49547406,1782868309181821,True,True
32406470,1.06700000,18.80000000,49547407,49547407,1782868309185328,True,True
32406471,1.06800000,14.37000000,49547408,49547408,1782868309189401,False,True
32406472,1.06700000,7.68000000,49547409,49547409,1782868309307157,True,True
32406473,1.06700000,7.68000000,49547410,49547410,1782868309307233,True,True
32406474,1.06700000,7.68000000,49547411,49547411,1782868309307273,True,True
32406475,1.06700000,7.68000000,49547412,49547412,1782868309307283,True,True
32406476,1.06700000,30.68000000,49547413,49547413,1782868309313394,True,True
32406477,1.06600000,744.32000000,49547414,49547418,1782868309313394,True,True
32406478,1.06700000,187.44000000,49547419,49547419,1782868309998996,False,True
32406479,1.06800000,282.56000000,49547420,49547425,1782868312614546,False,True
32406480,1.06900000,192.17000000,49547426,49547427,1782868320457504,False,True
32406481,1.06800000,5.07000000,49547428,49547428,1782868355362413,True,True
32406482,1.06700000,325.00000000,49547429,49547432,1782868358266531,True,True
32406483,1.06600000,375.00000000,49547433,49547435,1782868361711870,True,True
32406484,1.06600000,9.27000000,49547436,49547437,1782868364889114,True,True
32406485,1.06500000,11.07000000,49547438,49547439,1782868365427785,True,True
32406486,1.06400000,9.19000000,49547440,49547441,1782868365427785,True,True
32406487,1.06400000,6.08000000,49547442,49547443,1782868365892472,True,True
32406488,1.06400000,3.63000000,49547444,49547444,1782868370228684,True,True
32406489,1.06300000,23.78000000,49547445,49547446,1782868370228684,True,True
32406490,1.06200000,40.89000000,49547447,49547447,1782868370228684,True,True
32406491,1.06200000,73.41000000,49547448,49547450,1782868370228690,True,True
32406492,1.06200000,18.87000000,49547451,49547451,1782868370232373,True,True
32406493,1.06300000,18.79000000,49547452,49547452,1782868370234305,True,True
32406494,1.06200000,0.08000000,49547453,49547453,1782868370234305,True,True
32406495,1.06200000,18.87000000,49547454,49547454,1782868370239254,True,True
32406496,1.06200000,18.87000000,49547455,49547455,1782868370240986,True,True
32406497,1.06200000,18.87000000,49547456,49547456,1782868370244465,True,True
32406498,1.06200000,18.87000000,49547457,49547457,1782868370247102,True,True
32406499,1.06200000,18.87000000,49547458,49547459,1782868370248450,True,True
32406500,1.06200000,18.87000000,49547460,49547460,1782868370253256,True,True
32406501,1.06200000,18.87000000,49547461,49547461,1782868370255755,True,True
32406502,1.06200000,18.87000000,49547462,49547462,1782868370255933,True,True
32406503,1.06200000,18.87000000,49547463,49547463,1782868370257570,True,True
32406504,1.06200000,18.87000000,49547464,49547465,1782868370258660,True,True
32406505,1.06200000,18.87000000,49547466,49547467,1782868370259103,True,True
32406506,1.06200000,18.87000000,49547468,49547468,1782868370260537,True,True
32406507,1.06200000,18.87000000,49547469,49547469,1782868370260552,True,True
32406508,1.06200000,18.87000000,49547470,49547470,1782868370260656,True,True
32406509,1.06200000,18.87000000,49547471,49547471,1782868370260873,True,True
32406510,1.06200000,11.25000000,49547472,49547472,1782868370263303,True,True
32406511,1.06100000,7.62000000,49547473,49547473,1782868370263303,True,True
32406512,1.06100000,18.87000000,49547474,49547474,1782868370263484,True,True
32406513,1.06100000,18.87000000,49547475,49547475,1782868370268528,True,True
32406514,1.06100000,18.87000000,49547476,49547476,1782868370283098,True,True
32406515,1.06100000,18.87000000,49547477,49547477,1782868370336846,True,True
32406516,1.06200000,299.21000000,49547478,49547480,1782868370489770,False,True
32406517,1.06200000,188.32000000,49547481,49547481,1782868370499608,False,True
32406518,1.06200000,274.10000000,49547482,49547482,1782868372559620,True,True
32406519,1.06200000,108.47000000,49547483,49547484,1782868374911735,False,True
32406520,1.06200000,123.91000000,49547485,49547486,1782868374913066,False,True
32406521,1.06200000,188.32000000,49547487,49547487,1782868374921707,False,True
32406522,1.06100000,426.24000000,49547488,49547489,1782868375467468,True,True
32406523,1.06100000,47.17000000,49547490,49547490,1782868375469956,True,True
32406524,1.06000000,14.31000000,49547491,49547492,1782868375750910,True,True
32406525,1.06000000,20.21000000,49547493,49547493,1782868375751759,True,True
32406526,1.06000000,14.31000000,49547494,49547494,1782868375751951,True,True
32406527,1.06000000,45.11000000,49547495,49547495,1782868375752844,True,True
32406528,1.06000000,20.48000000,49547496,49547496,1782868375760033,True,True
32406529,1.05900000,4.99000000,49547497,49547497,1782868377080444,True,True
32406530,1.05800000,1.54000000,49547498,49547498,1782868377080444,True,True
32406531,1.05800000,6.53000000,49547499,49547499,1782868377080456,True,True
32406532,1.05800000,6.53000000,49547500,49547500,1782868377080671,True,True
32406533,1.05800000,6.53000000,49547501,49547501,1782868377081920,True,True
32406534,1.05800000,5.25000000,49547502,49547502,1782868377249577,True,True
32406535,1.05800000,12.72000000,49547503,49547504,1782868378556637,True,True
32406536,1.05800000,12.72000000,49547505,49547505,1782868378556664,True,True
32406537,1.05800000,12.72000000,49547506,49547506,1782868378556809,True,True
32406538,1.05800000,26.18000000,49547507,49547508,1782868378557979,True,True
32406539,1.05700000,12.72000000,49547509,49547510,1782868378558954,True,True
32406540,1.05800000,26.18000000,49547511,49547511,1782868378560512,False,True
32406541,1.05800000,19.96000000,49547512,49547512,1782868378560945,False,True
32406542,1.05800000,189.03000000,49547513,49547513,1782868378565691,False,True
32406543,1.05900000,590.27000000,49547514,49547516,1782868378567970,False,True
32406544,1.05800000,18.89000000,49547517,49547517,1782868378569389,False,True
32406545,1.05800000,18.89000000,49547518,49547518,1782868378569602,False,True
32406546,1.05800000,18.89000000,49547519,49547519,1782868378569624,False,True
32406547,1.05800000,151.25000000,49547520,49547520,1782868378570391,False,True
32406548,1.05900000,81.86000000,49547521,49547521,1782868380079095,False,True
32406549,1.05900000,106.99000000,49547522,49547522,1782868380079235,False,True
32406550,1.05900000,188.85000000,49547523,49547523,1782868380084728,False,True
32406551,1.05900000,56.68000000,49547524,49547524,1782868382135546,True,True
32406552,1.05800000,5.12000000,49547525,49547525,1782868386434258,True,True
32406553,1.05700000,25.10000000,49547526,49547526,1782868387616047,True,True
32406554,1.05700000,31.01000000,49547527,49547527,1782868387616300,True,True
32406555,1.05700000,6.67000000,49547528,49547528,1782868387668664,True,True
32406556,1.05700000,6.67000000,49547529,49547529,1782868387668666,True,True
32406557,1.05700000,6.67000000,49547530,49547530,1782868387668701,True,True
32406558,1.05700000,6.67000000,49547531,49547531,1782868387669031,True,True
32406559,1.05700000,26.67000000,49547532,49547533,1782868387683767,True,True
32406560,1.05700000,128.00000000,49547534,49547536,1782868387699308,False,True
32406561,1.05800000,537.32000000,49547537,49547538,1782868387699308,False,True
32406562,1.05700000,12.38000000,49547539,49547539,1782868393636381,True,True
32406563,1.05700000,12.38000000,49547540,49547541,1782868393636450,True,True
32406564,1.05700000,12.38000000,49547542,49547542,1782868393636554,True,True
32406565,1.05700000,19.59000000,49547543,49547544,1782868393701395,True,True
32406566,1.05600000,15.90000000,49547545,49547546,1782868393814388,True,True
32406567,1.05500000,15.32000000,49547547,49547548,1782868394356100,True,True
32406568,1.05500000,19.25000000,49547549,49547549,1782868394365935,True,True
32406569,1.05500000,119.37000000,49547550,49547550,1782868394373669,True,True
32406570,1.05500000,204.67000000,49547551,49547552,1782868394554085,False,True
32406571,1.05500000,189.57000000,49547553,49547553,1782868394560412,False,True
32406572,1.05500000,189.57000000,49547554,49547554,1782868394566455,False,True
32406573,1.05600000,389.74000000,49547555,49547558,1782868395283338,False,True
32406574,1.05600000,189.39000000,49547559,49547559,1782868395289783,False,True
32406575,1.05600000,18.95000000,49547560,49547560,1782868396883688,True,True
32406576,1.05600000,18.95000000,49547561,49547561,1782868396932133,True,True
32406577,1.05500000,208.53000000,49547562,49547563,1782868399077583,False,True
32406578,1.05500000,189.57000000,49547564,49547564,1782868399083024,False,True
32406579,1.05500000,189.57000000,49547565,49547565,1782868399087983,False,True
32406580,1.05500000,189.57000000,49547566,49547566,1782868399093105,False,True
32406581,1.05500000,189.57000000,49547567,49547567,1782868399099119,False,True
32406582,1.05500000,37.92000000,49547568,49547568,1782868400914527,True,True
32406583,1.05400000,33.94000000,49547569,49547570,1782868401533170,True,True
32406584,1.05400000,120.14000000,49547571,49547571,1782868401533657,True,True
32406585,1.05300000,4.99000000,49547572,49547572,1782868401569247,True,True
32406586,1.05200000,14.27000000,49547573,49547574,1782868401569247,True,True
32406587,1.05400000,25.60000000,49547575,49547575,1782868401891325,False,True
32406588,1.05400000,164.15000000,49547576,49547576,1782868401891722,False,True
32406589,1.05400000,189.75000000,49547577,49547577,1782868401899067,False,True
32406590,1.05400000,189.75000000,49547578,49547578,1782868401906060,False,True
32406591,1.05400000,18.97000000,49547579,49547579,1782868403699686,True,True
32406592,1.05300000,12.38000000,49547580,49547580,1782868403709314,True,True
32406593,1.05300000,6.60000000,49547581,49547581,1782868410434142,True,True
32406594,1.05300000,6.60000000,49547582,49547582,1782868410434243,True,True
32406595,1.05300000,88.72000000,49547583,49547583,1782868410434262,True,True
32406596,1.05200000,6.60000000,49547584,49547585,1782868410434508,True,True
32406597,1.05300000,204.90000000,49547586,49547587,1782868412318089,False,True
32406598,1.05400000,157.37000000,49547588,49547590,1782868412321889,False,True
32406599,1.05300000,189.93000000,49547591,49547591,1782868412324574,False,True
32406600,1.05500000,5.16000000,49547592,49547592,1782868412541865,False,True
32406601,1.05600000,52.67000000,49547593,49547594,1782868413096695,False,True
32406602,1.05600000,19.01000000,49547595,49547595,1782868414891003,True,True
32406603,1.05600000,19.01000000,49547596,49547596,1782868414891257,True,True
32406604,1.05600000,19.01000000,49547597,49547598,1782868414891427,True,True
32406605,1.05600000,19.01000000,49547599,49547599,1782868414891478,True,True
32406606,1.05600000,19.06000000,49547600,49547600,1782868414891531,True,True
32406607,1.05600000,15.27000000,49547601,49547601,1782868414891593,True,True
32406608,1.05500000,3.74000000,49547602,49547602,1782868414891593,True,True
32406609,1.05500000,19.01000000,49547603,49547603,1782868414891680,True,True
32406610,1.05500000,19.01000000,49547604,49547604,1782868414892213,True,True
32406611,1.05500000,19.01000000,49547605,49547605,1782868414892479,True,True
32406612,1.05500000,19.01000000,49547606,49547606,1782868414893129,True,True
32406613,1.05500000,19.01000000,49547607,49547607,1782868414893452,True,True
32406614,1.05500000,0.21000000,49547608,49547608,1782868414921641,True,True
32406615,1.05400000,18.80000000,49547609,49547609,1782868414921641,True,True
32406616,1.05600000,7.18000000,49547610,49547610,1782868419910705,True,True
32406617,1.05600000,10.04000000,49547611,49547611,1782868419911795,True,True
32406618,1.05500000,508.94000000,49547612,49547617,1782868426138689,True,True
32406619,1.05500000,94.74000000,49547618,49547619,1782868426143506,True,True
32406620,1.05500000,428.67000000,49547620,49547621,1782868427610723,True,True
32406621,1.05600000,284.12000000,49547622,49547623,1782868427767343,False,True
32406622,1.05700000,213.29000000,49547624,49547626,1782868429533934,False,True
32406623,1.05700000,189.21000000,49547627,49547627,1782868429583631,False,True
32406624,1.05800000,189.03000000,49547628,49547628,1782868430948641,False,True
32406625,1.05800000,29.20000000,49547629,49547630,1782868433040456,True,True
32406626,1.05900000,116.98000000,49547631,49547632,1782868437322195,False,True
32406627,1.05900000,95.89000000,49547633,49547634,1782868437324218,False,True
32406628,1.05900000,6.92000000,49547635,49547635,1782868437330099,False,True
32406629,1.06000000,319.99000000,49547636,49547639,1782868440825108,False,True
32406630,1.06000000,188.67000000,49547640,49547640,1782868440830929,False,True
32406631,1.06100000,5.12000000,49547641,49547641,1782868444617846,False,True
32406632,1.06100000,18.83000000,49547642,49547642,1782868447283987,True,True
32406633,1.06100000,14.48000000,49547643,49547643,1782868447850885,True,True
32406634,1.06000000,20.49000000,49547644,49547645,1782868450955932,True,True
32406635,1.06000000,18.85000000,49547646,49547646,1782868450965206,True,True
32406636,1.05900000,5.11000000,49547647,49547647,1782868453835200,True,True
32406637,1.05900000,214.82000000,49547648,49547650,1782868460916859,False,True
32406638,1.05900000,188.85000000,49547651,49547651,1782868460923307,False,True
32406639,1.05900000,17.94000000,49547652,49547652,1782868464101195,True,True
32406640,1.05800000,5.12000000,49547653,49547653,1782868476200784,True,True
32406641,1.05700000,5.12000000,49547654,49547654,1782868484977397,True,True
32406642,1.05700000,36.24000000,49547655,49547656,1782868484978443,True,True
32406643,1.05700000,31.12000000,49547657,49547657,1782868484978844,True,True
32406644,1.05700000,15.03000000,49547658,49547658,1782868484981459,True,True
32406645,1.05700000,15.03000000,49547659,49547659,1782868484981757,True,True
32406646,1.05700000,15.03000000,49547660,49547660,1782868484981817,True,True
32406647,1.05700000,15.03000000,49547661,49547661,1782868484981825,True,True
32406648,1.05700000,15.03000000,49547662,49547662,1782868484982646,True,True
32406649,1.05700000,209.67000000,49547663,49547664,1782868492429021,False,True
32406650,1.05700000,189.21000000,49547665,49547665,1782868492436262,False,True
32406651,1.05800000,5.13000000,49547666,49547666,1782868499734118,False,True
32406652,1.05800000,183.90000000,49547667,49547667,1782868499735150,False,True
32406653,1.05800000,72.66000000,49547668,49547669,1782868500026857,True,True
32406654,1.05700000,192.90000000,49547670,49547670,1782868500216838,True,True
32406655,1.05900000,5.13000000,49547671,49547671,1782868501483498,False,True
32406656,1.06000000,9.85000000,49547672,49547673,1782868502572585,False,True
32406657,1.06000000,183.95000000,49547674,49547674,1782868507543120,False,True
32406658,1.06000000,188.67000000,49547675,49547675,1782868507572805,False,True
32406659,1.06100000,188.50000000,49547676,49547676,1782868511008863,False,True
32406660,1.06200000,47.24000000,49547677,49547678,1782868511018476,False,True
32406661,1.06200000,47.24000000,49547679,49547679,1782868511020015,False,True
32406662,1.06200000,34.23000000,49547680,49547681,1782868511132247,True,True
32406663,1.06100000,451.69000000,49547682,49547682,1782868511132247,True,True
32406664,1.06100000,136.42000000,49547683,49547685,1782868511421415,True,True
32406665,1.06200000,24.12000000,49547686,49547686,1782868511953682,True,True
32406666,1.06200000,23.00000000,49547687,49547687,1782868511955800,True,True
32406667,1.06100000,445.23000000,49547688,49547694,1782868517476026,True,True
32406668,1.06200000,37.64000000,49547695,49547696,1782868520507104,False,True
32406669,1.06200000,28.32000000,49547697,49547697,1782868540487673,False,True
32406670,1.06200000,160.00000000,49547698,49547698,1782868542541665,False,True
32406671,1.06200000,188.32000000,49547699,49547699,1782868542547659,False,True
32406672,1.06200000,188.32000000,49547700,49547700,1782868542557029,False,True
32406673,1.06300000,24.20000000,49547701,49547702,1782868552035642,False,True
32406674,1.06300000,24.20000000,49547703,49547703,1782868552035717,False,True
32406675,1.06300000,24.20000000,49547704,49547704,1782868552035726,False,True
32406676,1.06300000,24.20000000,49547705,49547705,1782868552035785,False,True
32406677,1.06300000,24.20000000,49547706,49547706,1782868552035921,False,True
32406678,1.06300000,24.20000000,49547707,49547707,1782868552036127,False,True
32406679,1.06300000,24.20000000,49547708,49547708,1782868552037524,False,True
32406680,1.06300000,12.08000000,49547709,49547709,1782868552136218,False,True
32406681,1.06300000,119.01000000,49547710,49547711,1782868552136274,False,True
32406682,1.06300000,12.08000000,49547712,49547712,1782868552136279,False,True
32406683,1.06300000,12.08000000,49547713,49547713,1782868552136286,False,True
32406684,1.06300000,8.69000000,49547714,49547714,1782868552136410,False,True
32406685,1.06400000,12.24000000,49547715,49547715,1782868552136410,False,True
32406686,1.06400000,12.08000000,49547716,49547716,1782868552136421,False,True
32406687,1.06400000,20.53000000,49547717,49547717,1782868552136434,False,True
32406688,1.06400000,12.08000000,49547718,49547718,1782868552136456,False,True
32406689,1.06400000,6.02000000,49547719,49547719,1782868552136476,False,True
32406690,1.06300000,84.84000000,49547720,49547720,1782868561879993,False,True
32406691,1.06300000,103.30000000,49547721,49547721,1782868561880159,False,True
32406692,1.06400000,26.58000000,49547722,49547723,1782868561880159,False,True
32406693,1.06400000,121.58000000,49547724,49547725,1782868561880338,False,True
32406694,1.06300000,10.22000000,49547726,49547726,1782868562539496,True,True
32406695,1.06200000,5.10000000,49547727,49547727,1782868569062491,True,True
32406696,1.06100000,761.37000000,49547728,49547732,1782868569062491,True,True
32406697,1.06100000,18.83000000,49547733,49547733,1782868569068531,True,True
32406698,1.06000000,5.11000000,49547734,49547734,1782868583614531,True,True
32406699,1.05900000,71.19000000,49547735,49547737,1782868583614531,True,True
32406700,1.05900000,18.86000000,49547738,49547738,1782868583622661,True,True
32406701,1.05800000,5.12000000,49547739,49547739,1782868593465850,True,True
32406702,1.05800000,207.72000000,49547740,49547741,1782868629123135,False,True
32406703,1.05800000,189.03000000,49547742,49547742,1782868629130272,False,True
32406704,1.05900000,193.98000000,49547743,49547744,1782868640417913,False,True
32406705,1.06000000,5.13000000,49547745,49547745,1782868644576468,False,True
32406706,1.06100000,45.42000000,49547746,49547746,1782868644576468,False,True
32406707,1.06100000,48.67000000,49547747,49547747,1782868644576507,False,True
32406708,1.06100000,78.23000000,49547748,49547749,1782868644576509,False,True
32406709,1.06100000,70.70000000,49547750,49547752,1782868644576511,False,True
32406710,1.06100000,79.18000000,49547753,49547755,1782868644576564,False,True
32406711,1.06100000,48.32000000,49547756,49547756,1782868644576601,False,True
32406712,1.06100000,90.48000000,49547757,49547757,1782868644576618,False,True
32406713,1.06200000,76.89000000,49547758,49547758,1782868644576816,False,True
32406714,1.06100000,37.75000000,49547759,49547759,1782868646022505,True,True
32406715,1.06000000,5.11000000,49547760,49547760,1782868651367018,True,True
32406716,1.05900000,553.37000000,49547761,49547765,1782868651367018,True,True
32406717,1.05900000,9.43000000,49547766,49547766,1782868651378068,True,True
32406718,1.05900000,225.57000000,49547767,49547768,1782868671174466,False,True
32406719,1.06000000,207.53000000,49547769,49547770,1782868678842071,False,True
32406720,1.06100000,193.63000000,49547771,49547772,1782868695725844,False,True
32406721,1.06100000,188.50000000,49547773,49547773,1782868695731462,False,True
32406722,1.06200000,24.25000000,49547774,49547775,1782868695732355,False,True
32406723,1.06200000,24.25000000,49547776,49547777,1782868695732528,False,True
32406724,1.06200000,24.25000000,49547778,49547778,1782868695734075,False,True
32406725,1.06300000,6.14000000,49547779,49547779,1782868695900794,False,True
32406726,1.06300000,45.39000000,49547780,49547781,1782868715879645,False,True
32406727,1.06300000,147.86000000,49547782,49547782,1782868715884218,False,True
32406728,1.06300000,188.14000000,49547783,49547783,1782868715911888,False,True
32406729,1.06300000,188.14000000,49547784,49547784,1782868715922890,False,True
32406730,1.06400000,23.56000000,49547785,49547785,1782868715932256,False,True
32406731,1.06400000,45.12000000,49547786,49547786,1782868715932430,False,True
32406732,1.06400000,53.31000000,49547787,49547788,1782868715932562,False,True
32406733,1.06400000,104.12000000,49547789,49547791,1782868715932696,False,True
32406734,1.06500000,79.54000000,49547792,49547792,1782868715956180,False,True
32406735,1.06500000,79.54000000,49547793,49547794,1782868715956525,False,True
32406736,1.06400000,5.16000000,49547795,49547795,1782868737666466,False,True
32406737,1.06400000,9.38000000,49547796,49547796,1782868737666840,False,True
32406738,1.06500000,5.10000000,49547797,49547797,1782868767177040,False,True
32406739,1.06600000,192.71000000,49547798,49547799,1782868776431087,False,True
32406740,1.06500000,187.79000000,49547800,49547800,1782868839292773,False,True
32406741,1.06600000,187.61000000,49547801,49547801,1782868951194649,False,True
32406742,1.06600000,63.86000000,49547802,49547802,1782868951205799,False,True
32406743,1.06600000,123.75000000,49547803,49547803,1782868951206111,False,True
32406744,1.06700000,5.09000000,49547804,49547804,1782868972381114,False,True
32406745,1.06700000,99.00000000,49547805,49547805,1782868972383685,True,True
32406746,1.06600000,67.08000000,49547806,49547807,1782868980145866,True,True
32406747,1.06500000,5.08000000,49547808,49547808,1782869031788795,True,True
32406748,1.06400000,88.96000000,49547809,49547810,1782869031788795,True,True
32406749,1.06400000,109.26000000,49547811,49547813,1782869031788796,True,True
32406750,1.06400000,16.97000000,49547814,49547814,1782869031788923,True,True
32406751,1.06300000,63.09000000,49547815,49547815,1782869031788923,True,True
32406752,1.06300000,107.40000000,49547816,49547817,1782869031789091,True,True
32406753,1.06300000,84.61000000,49547818,49547820,1782869031789740,True,True
32406754,1.06300000,117.79000000,49547821,49547822,1782869034505210,True,True
32406755,1.06200000,23.91000000,49547823,49547824,1782869068706488,True,True
32406756,1.06100000,79.10000000,49547825,49547826,1782869085352456,True,True
32406757,1.06100000,63.86000000,49547827,49547827,1782869085352498,True,True
32406758,1.06100000,805.98000000,49547828,49547828,1782869085352547,True,True
32406759,1.06100000,880.00000000,49547829,49547829,1782869085352579,True,True
32406760,1.06100000,18.83000000,49547830,49547830,1782869085357368,True,True
32406761,1.06100000,111.60000000,49547831,49547831,1782869103253098,False,True
32406762,1.06100000,78.07000000,49547832,49547832,1782869122392628,True,True
32406763,1.06100000,4.95000000,49547833,49547833,1782869122393022,True,True
32406764,1.06000000,48.18000000,49547834,49547835,1782869179298892,True,True
32406765,1.06000000,32.74000000,49547836,49547836,1782869184118431,True,True
32406766,1.06100000,207.33000000,49547837,49547838,1782869227247833,False,True
32406767,1.06100000,188.50000000,49547839,49547839,1782869227254493,False,True
32406768,1.06100000,188.50000000,49547840,49547840,1782869227259867,False,True
32406769,1.06100000,188.50000000,49547841,49547841,1782869227265315,False,True
32406770,1.06200000,400.36000000,49547842,49547845,1782869303858083,False,True
32406771,1.06200000,72.27000000,49547846,49547846,1782869304426534,False,True
32406772,1.06200000,23.58000000,49547847,49547847,1782869304426581,False,True
32406773,1.06200000,23.58000000,49547848,49547848,1782869304426621,False,True
32406774,1.06200000,23.58000000,49547849,49547849,1782869304426626,False,True
32406775,1.06200000,45.31000000,49547850,49547850,1782869304426695,False,True
32406776,1.06300000,32.47000000,49547851,49547851,1782869304426695,False,True
32406777,1.06300000,23.58000000,49547852,49547852,1782869304426812,False,True
32406778,1.06300000,23.58000000,49547853,49547853,1782869304426837,False,True
32406779,1.06300000,23.58000000,49547854,49547854,1782869304426853,False,True
32406780,1.06300000,23.58000000,49547855,49547855,1782869304426886,False,True
32406781,1.06300000,689.23000000,49547856,49547862,1782869304426891,False,True
32406782,1.06400000,75.26000000,49547863,49547863,1782869304427153,False,True
32406783,1.06400000,130.92000000,49547864,49547867,1782869304429963,False,True
32406784,1.06400000,85.66000000,49547868,49547868,1782869304430163,False,True
32406785,1.06300000,188.14000000,49547869,49547869,1782869304432355,False,True
32406786,1.06400000,145.29000000,49547870,49547870,1782869304432355,False,True
32406787,1.06400000,205.65000000,49547871,49547872,1782869304558264,True,True
32406788,1.06400000,100.59000000,49547873,49547874,1782869318095917,True,True
32406789,1.06300000,99.00000000,49547875,49547878,1782869387334471,True,True
32406790,1.06300000,51.41000000,49547879,49547879,1782869387334517,True,True
32406791,1.06200000,155.24000000,49547880,49547883,1782869387337404,True,True
32406792,1.06200000,205.52000000,49547884,49547885,1782869410431190,False,True
32406793,1.06300000,118.70000000,49547886,49547887,1782869424629675,False,True
32406794,1.06300000,48.39000000,49547888,49547888,1782869424629695,False,True
32406795,1.06300000,26.16000000,49547889,49547889,1782869424629793,False,True
32406796,1.06400000,22.23000000,49547890,49547890,1782869424629793,False,True
32406797,1.06400000,25.63000000,49547891,49547891,1782869424630260,False,True
32406798,1.06400000,114.29000000,49547892,49547893,1782869424630881,False,True
32406799,1.06400000,5.11000000,49547894,49547894,1782869463285490,False,True
32406800,1.06400000,72.28000000,49547895,49547896,1782869486087965,True,True
32406801,1.06400000,18.80000000,49547897,49547897,1782869493985208,True,True
32406802,1.06400000,37.62000000,49547898,49547898,1782869555530921,True,True
32406803,1.06300000,18.81000000,49547899,49547899,1782869599719446,True,True
32406804,1.06200000,8.82000000,49547900,49547900,1782869599719446,True,True
32406805,1.06200000,26.46000000,49547901,49547901,1782869643238788,True,True
32406806,1.06200000,15.76000000,49547902,49547903,1782869654558023,True,True
32406807,1.06200000,282.52000000,49547904,49547905,1782869680959804,False,True
32406808,1.06300000,294.65000000,49547906,49547909,1782869685526673,False,True
32406809,1.06300000,188.14000000,49547910,49547910,1782869685531610,False,True
32406810,1.06400000,213.70000000,49547911,49547913,1782869756685657,False,True
32406811,1.06500000,192.89000000,49547914,49547915,1782869862356700,False,True
32406812,1.06600000,192.71000000,49547916,49547917,1782869885719098,False,True
32406813,1.06700000,192.53000000,49547918,49547919,1782869908928938,False,True
32406814,1.06800000,23.57000000,49547920,49547921,1782869926304758,False,True
32406815,1.06800000,168.78000000,49547922,49547922,1782869926308893,False,True
32406816,1.06900000,50.52000000,49547923,49547924,1782869930394537,False,True
32406817,1.06900000,45.31000000,49547925,49547925,1782869930394621,False,True
32406818,1.06900000,50.52000000,49547926,49547926,1782869930394714,False,True
32406819,1.06900000,45.82000000,49547927,49547927,1782869930394777,False,True
32406820,1.07000000,4.70000000,49547928,49547928,1782869930394777,False,True
32406821,1.07000000,62.05000000,49547929,49547929,1782869930394885,False,True
32406822,1.07000000,61.57000000,49547930,49547932,1782869930395109,False,True
32406823,1.06900000,5.79000000,49547933,49547933,1782869930822001,True,True
32406824,1.07000000,186.91000000,49547934,49547934,1782869946251506,False,True
32406825,1.07100000,63.90000000,49547935,49547936,1782869946290475,False,True
32406826,1.07100000,7.48000000,49547937,49547937,1782869946292885,False,True
32406827,1.07100000,68.16000000,49547938,49547939,1782869946326684,False,True
32406828,1.07100000,585.21000000,49547940,49547941,1782869946527347,False,True
32406829,1.07100000,440.00000000,49547942,49547942,1782869946527605,False,True
32406830,1.07100000,1760.00000000,49547943,49547943,1782869946529757,False,True
32406831,1.07100000,242.64000000,49547944,49547944,1782869946531755,False,True
32406832,1.07100000,4507.70000000,49547945,49547945,1782869946535706,False,True
32406833,1.07100000,49.48000000,49547946,49547946,1782869946539441,True,True
32406834,1.07100000,49.48000000,49547947,49547947,1782869946539550,True,True
32406835,1.07100000,83.95000000,49547948,49547949,1782869946540134,True,True
32406836,1.07100000,83.95000000,49547950,49547950,1782869946541237,True,True
32406837,1.07100000,82.22000000,49547951,49547951,1782869946541320,True,True
32406838,1.07100000,83.95000000,49547952,49547954,1782869946541553,True,True
32406839,1.07100000,40.10000000,49547955,49547955,1782869946542036,True,True
32406840,1.07100000,33.62000000,49547956,49547956,1782869946543400,True,True
32406841,1.07100000,81.59000000,49547957,49547957,1782869953606088,True,True
32406842,1.07100000,55.59000000,49547958,49547958,1782869959029685,True,True
32406843,1.07100000,186.74000000,49547959,49547959,1782869961782207,False,True
32406844,1.07200000,33.15000000,49547960,49547961,1782869962125552,False,True
32406845,1.07200000,9.99000000,49547962,49547962,1782869962125613,False,True
32406846,1.07200000,440.00000000,49547963,49547965,1782869969518368,False,True
32406847,1.07200000,33.15000000,49547966,49547966,1782869969519250,False,True
32406848,1.07200000,23.16000000,49547967,49547967,1782869969519266,False,True
32406849,1.07200000,55.59000000,49547968,49547968,1782869969520031,False,True
32406850,1.07200000,440.00000000,49547969,49547969,1782869969520120,False,True
32406851,1.07200000,1760.00000000,49547970,49547970,1782869969524390,False,True
32406852,1.07200000,1320.00000000,49547971,49547971,1782869969526600,False,True
32406853,1.07200000,440.00000000,49547972,49547972,1782869969526922,False,True
32406854,1.07200000,523.99000000,49547973,49547973,1782869969527364,False,True
32406855,1.07200000,523.99000000,49547974,49547974,1782869969527780,False,True
32406856,1.07200000,523.99000000,49547975,49547975,1782869969527801,False,True
32406857,1.07200000,149.14000000,49547976,49547976,1782869969565150,False,True
32406858,1.07200000,447.76000000,49547977,49547979,1782869970548939,True,True
32406859,1.07200000,18.64000000,49547980,49547980,1782869970550713,True,True
32406860,1.07100000,18.63000000,49547981,49547981,1782869980761171,False,True
32406861,1.07300000,13.03000000,49547982,49547982,1782869996127498,False,True
32406862,1.07300000,13.03000000,49547983,49547983,1782869996127669,False,True
32406863,1.07300000,13.03000000,49547984,49547984,1782869996127820,False,True
32406864,1.07300000,13.03000000,49547985,49547985,1782869996128168,False,True
32406865,1.07100000,200.85000000,49547986,49547986,1782869998801615,True,True
32406866,1.07300000,27.73000000,49547987,49547987,1782870059211471,False,True
32406867,1.07300000,5.06000000,49547988,49547988,1782870067954905,False,True
32406868,1.07400000,168.06000000,49547989,49547991,1782870067954905,False,True
32406869,1.07400000,37.42000000,49547992,49547993,1782870067955164,False,True
32406870,1.07400000,170.57000000,49547994,49547994,1782870067958287,False,True
32406871,1.07400000,200.66000000,49547995,49547995,1782870067958340,False,True
32406872,1.07400000,163.43000000,49547996,49547999,1782870067958503,False,True
32406873,1.07400000,84.05000000,49548000,49548001,1782870067958511,False,True
32406874,1.07400000,200.66000000,49548002,49548002,1782870067958521,False,True
32406875,1.07500000,163.34000000,49548003,49548005,1782870067958548,False,True
32406876,1.07500000,163.34000000,49548006,49548007,1782870067958593,False,True
32406877,1.07500000,177.69000000,49548008,49548010,1782870067958618,False,True
32406878,1.07500000,37.27000000,49548011,49548011,1782870075048637,True,True
32406879,1.07400000,25.28000000,49548012,49548013,1782870098191197,True,True
32406880,1.07300000,55.16000000,49548014,49548014,1782870098191197,True,True
32406881,1.07400000,76.76000000,49548015,49548016,1782870101026322,True,True
32406882,1.07300000,67.03000000,49548017,49548017,1782870106508270,True,True
32406883,1.07300000,141.59000000,49548018,49548021,1782870109405275,True,True
32406884,1.07200000,104.72000000,49548022,49548023,1782870128122684,True,True
32406885,1.07200000,5.04000000,49548024,49548024,1782870133719021,True,True
32406886,1.07100000,76.10000000,49548025,49548025,1782870133719021,True,True
32406887,1.07100000,90.37000000,49548026,49548027,1782870138724663,True,True
32406888,1.07200000,18.60000000,49548028,49548028,1782870151021269,False,True
32406889,1.07200000,4.72000000,49548029,49548029,1782870164490945,True,True
32406890,1.07100000,105.34000000,49548030,49548032,1782870164490945,True,True
32406891,1.07300000,4.69000000,49548033,49548033,1782870181683188,False,True
32406892,1.07300000,0.37000000,49548034,49548034,1782870181684593,False,True
32406893,1.07400000,12.41000000,49548035,49548036,1782870212600449,False,True
32406894,1.07400000,73.99000000,49548037,49548037,1782870212611376,False,True
32406895,1.07500000,58.76000000,49548038,49548038,1782870212625639,False,True
32406896,1.07500000,27.67000000,49548039,49548039,1782870212626801,False,True
32406897,1.07500000,42.90000000,49548040,49548041,1782870212640596,False,True
32406898,1.07500000,93.27000000,49548042,49548044,1782870212645508,False,True
32406899,1.07500000,71.48000000,49548045,49548045,1782870215495540,True,True
32406900,1.07400000,197.19000000,49548046,49548048,1782870215575294,True,True
32406901,1.07300000,111.26000000,49548049,49548050,1782870218730004,True,True
32406902,1.07400000,4.94000000,49548051,49548051,1782870286082035,False,True
32406903,1.07500000,5.05000000,49548052,49548052,1782870334415360,False,True
32406904,1.07600000,5.05000000,49548053,49548053,1782870334415475,False,True
32406905,1.07600000,5.05000000,49548054,49548054,1782870334417657,False,True
32406906,1.07500000,65.76000000,49548055,49548056,1782870349488497,True,True
32406907,1.07400000,5.04000000,49548057,49548057,1782870360877953,True,True
32406908,1.07400000,18.63000000,49548058,49548058,1782870390671313,True,True
32406909,1.07300000,23.67000000,49548059,49548060,1782870417907208,True,True
32406910,1.07300000,18.62000000,49548061,49548061,1782870424677898,True,True
32406911,1.07200000,5.05000000,49548062,49548062,1782870572195166,True,True
32406912,1.07100000,192.24000000,49548063,49548064,1782870589592025,True,True
32406913,1.07100000,485.45000000,49548065,49548067,1782870612630690,True,True
32406914,1.07100000,18.65000000,49548068,49548068,1782870612642103,True,True
32406915,1.07100000,130.70000000,49548069,49548070,1782870634495300,False,True
32406916,1.07200000,210.73000000,49548071,49548073,1782870634495300,False,True
32406917,1.07200000,32.75000000,49548074,49548074,1782870634506952,False,True
32406918,1.07000000,618.03000000,49548075,49548079,1782870635222447,True,True
32406919,1.06900000,111.97000000,49548080,49548081,1782870635222447,True,True
32406920,1.06900000,392.78000000,49548082,49548087,1782870635670442,True,True
32406921,1.07000000,138.45000000,49548088,49548088,1782870789941912,False,True
32406922,1.07100000,5.07000000,49548089,49548089,1782870903200248,False,True
32406923,1.07200000,5.07000000,49548090,49548090,1782870903200318,False,True
32406924,1.07200000,5.07000000,49548091,49548091,1782870903204387,False,True
32406925,1.07200000,159.12000000,49548092,49548094,1782871084277339,True,True
32406926,1.07200000,208.80000000,49548095,49548096,1782871084277655,True,True
32406927,1.07100000,112.07000000,49548097,49548098,1782871222254074,True,True
32406928,1.07100000,93.32000000,49548099,49548099,1782871454945730,True,True
32406929,1.07000000,5.06000000,49548100,49548100,1782871476817752,True,True
32406930,1.06900000,11.06000000,49548101,49548102,1782871501532593,True,True
32406931,1.06800000,63.99000000,49548103,49548104,1782871520420306,True,True
32406932,1.06700000,5.07000000,49548105,49548105,1782871568077159,True,True
32406933,1.06600000,13.77000000,49548106,49548106,1782871568093695,True,True
32406934,1.06600000,1006.82000000,49548107,49548109,1782871569107996,True,True
32406935,1.06600000,440.00000000,49548110,49548110,1782871569109892,True,True
32406936,1.06600000,3520.00000000,49548111,49548111,1782871569111822,True,True
32406937,1.06600000,416.72000000,49548112,49548112,1782871569116623,True,True
32406938,1.06600000,427.56000000,49548113,49548113,1782871569130990,True,True
32406939,1.06600000,1710.47000000,49548114,49548114,1782871569135010,True,True
32406940,1.06600000,59.17000000,49548115,49548116,1782871587008765,False,True
32406941,1.06700000,192.53000000,49548117,49548118,1782871592219857,False,True
32406942,1.06700000,18.75000000,49548119,49548119,1782871600474970,True,True
32406943,1.06800000,187.52000000,49548120,49548122,1782871621764628,False,True
32406944,1.06600000,527.69000000,49548123,49548124,1782871627679704,True,True
32406945,1.06600000,516.24000000,49548125,49548129,1782871627681151,True,True
32406946,1.06600000,117.72000000,49548130,49548131,1782871627773743,False,True
32406947,1.06600000,460.39000000,49548132,49548132,1782871635578845,True,True
32406948,1.06500000,400.90000000,49548133,49548136,1782871635578858,True,True
32406949,1.06500000,840.86000000,49548137,49548137,1782871635579124,True,True
32406950,1.06500000,37.11000000,49548138,49548138,1782871635581332,True,True
32406951,1.06500000,55.98000000,49548139,49548139,1782871635609400,False,True
32406952,1.06600000,772.19000000,49548140,49548142,1782871635609400,False,True
32406953,1.06500000,17.31000000,49548143,49548143,1782871635623981,True,True
32406954,1.06500000,861.20000000,49548144,49548146,1782871635785711,True,True
32406955,1.06500000,1318.01000000,49548147,49548148,1782871636321803,True,True
32406956,1.06500000,18.74000000,49548149,49548149,1782871637194534,False,True
32406957,1.06600000,859.55000000,49548150,49548161,1782871698315297,False,True
32406958,1.06500000,12.38000000,49548162,49548162,1782871718430173,True,True
32406959,1.06500000,12.38000000,49548163,49548163,1782871718430287,True,True
32406960,1.06500000,74.24000000,49548164,49548164,1782871718430297,True,True
32406961,1.06400000,169.86000000,49548165,49548168,1782871718430363,True,True
32406962,1.06300000,12.38000000,49548169,49548169,1782871718430465,True,True
32406963,1.06400000,56.31000000,49548170,49548170,1782871722606504,False,True
32406964,1.06500000,1040.29000000,49548171,49548176,1782871722632554,False,True
32406965,1.06500000,187.79000000,49548177,49548177,1782871722641578,False,True
32406966,1.06600000,86.62000000,49548178,49548179,1782871803610829,False,True
32406967,1.06600000,134.77000000,49548180,49548182,1782871803610915,False,True
32406968,1.06600000,83.94000000,49548183,49548183,1782871803610944,False,True
32406969,1.06700000,192.53000000,49548184,49548185,1782871830515058,False,True
32406970,1.06800000,164.50000000,49548186,49548189,1782871830515384,False,True
32406971,1.06800000,261.13000000,49548190,49548191,1782871852967352,True,True
32406972,1.06700000,304.89000000,49548192,49548194,1782871919375162,False,True
32406973,1.06800000,187.26000000,49548195,49548195,1782871952410499,False,True
32406974,1.06900000,192.17000000,49548196,49548197,1782871991071317,False,True
32406975,1.06900000,18.70000000,49548198,49548198,1782871992782517,True,True
32406976,1.06800000,5.07000000,49548199,49548199,1782872022593112,True,True
32406977,1.06800000,187.26000000,49548200,49548200,1782872142956395,False,True
32406978,1.06800000,99.00000000,49548201,49548201,1782872267111533,False,True
32406979,1.06800000,398.66000000,49548202,49548205,1782872340279699,False,True
32406980,1.06800000,37.46000000,49548206,49548206,1782872373782449,True,True
32406981,1.06800000,187.26000000,49548207,49548207,1782872490673277,False,True
32406982,1.06900000,18.74000000,49548208,49548209,1782872490780581,False,True
32406983,1.06900000,18.74000000,49548210,49548210,1782872490785639,False,True
32406984,1.06900000,18.74000000,49548211,49548211,1782872490787361,False,True
32406985,1.06900000,109.74000000,49548212,49548212,1782872499412722,False,True
32406986,1.06900000,26.20000000,49548213,49548213,1782872499414990,False,True
32406987,1.06900000,0.01000000,49548214,49548214,1782872499415583,False,True
32406988,1.06900000,37.46000000,49548215,49548215,1782872501622480,True,True
32406989,1.06900000,398.39000000,49548216,49548219,1782872524570658,False,True
32406990,1.07000000,285.49000000,49548220,49548222,1782872632485961,False,True
32406991,1.07000000,37.42000000,49548223,49548223,1782872653204656,True,True
32406992,1.07000000,186.91000000,49548224,49548224,1782872660690347,False,True
32406993,1.06900000,9.90000000,49548225,49548225,1782872698013670,False,True
32406994,1.07000000,10.67000000,49548226,49548226,1782872788073242,False,True
32406995,1.07000000,9.61000000,49548227,49548227,1782872788654609,False,True
32406996,1.07000000,8.65000000,49548228,49548228,1782872789004629,False,True
32406997,1.07000000,20.01000000,49548229,49548229,1782872789812814,False,True
32406998,1.07000000,18.01000000,49548230,49548230,1782872790013595,False,True
32406999,1.07000000,13.06000000,49548231,49548231,1782872790788598,False,True
32407000,1.07000000,11.75000000,49548232,49548232,1782872791063800,False,True
32407001,1.07000000,10.58000000,49548233,49548233,1782872791269261,False,True
32407002,1.07000000,9.52000000,49548234,49548234,1782872792008895,False,True
32407003,1.07000000,11.72000000,49548235,49548235,1782872792518866,False,True
32407004,1.07000000,10.54000000,49548236,49548236,1782872792732650,False,True
32407005,1.07000000,9.49000000,49548237,49548237,1782872792962820,False,True
32407006,1.07000000,8.54000000,49548238,49548238,1782872793205137,False,True
32407007,1.07000000,7.69000000,49548239,49548239,1782872793563574,False,True
32407008,1.07000000,6.92000000,49548240,49548240,1782872793763766,False,True
32407009,1.07000000,6.23000000,49548241,49548241,1782872793988744,False,True
32407010,1.07000000,5.60000000,49548242,49548242,1782872794238518,False,True
32407011,1.07000000,5.04000000,49548243,49548243,1782872794588891,False,True
32407012,1.07000000,4.78000000,49548244,49548244,1782872794788926,False,True
32407013,1.07000000,4.78000000,49548245,49548245,1782872794988654,False,True
32407014,1.07000000,10.55000000,49548246,49548247,1782872795204835,False,True
32407015,1.07000000,9.50000000,49548248,49548248,1782872798089791,False,True
32407016,1.07000000,10.22000000,49548249,49548249,1782872799380728,False,True
32407017,1.07000000,9.20000000,49548250,49548250,1782872800153921,False,True
32407018,1.07000000,47.42000000,49548251,49548251,1782872801597657,False,True
32407019,1.07000000,47.42000000,49548252,49548253,1782872801597826,False,True
32407020,1.07000000,184.85000000,49548254,49548256,1782872801598247,False,True
32407021,1.07100000,24.43000000,49548257,49548258,1782872801621605,False,True
32407022,1.07100000,37.40000000,49548259,49548259,1782872818701907,True,True
32407023,1.07100000,7.01000000,49548260,49548260,1782872901729786,False,True
32407024,1.07100000,14.95000000,49548261,49548261,1782872901985393,False,True
32407025,1.07100000,13.46000000,49548262,49548262,1782872902210940,False,True
32407026,1.07100000,12.11000000,49548263,49548263,1782872902640507,False,True
32407027,1.07100000,10.90000000,49548264,49548264,1782872902871655,False,True
32407028,1.07100000,138.93000000,49548265,49548265,1782873067071856,False,True
32407029,1.07100000,47.81000000,49548266,49548266,1782873067072181,False,True
32407030,1.07200000,191.63000000,49548267,49548268,1782873083760482,False,True
32407031,1.07200000,18.66000000,49548269,49548269,1782873087114740,True,True
32407032,1.07200000,99.00000000,49548270,49548270,1782873087117942,False,True
32407033,1.07200000,13.58000000,49548271,49548271,1782873087549340,True,True
32407034,1.07200000,99.00000000,49548272,49548272,1782873087552975,False,True
32407035,1.07200000,99.00000000,49548273,49548273,1782873087556037,False,True
32407036,1.07200000,99.00000000,49548274,49548274,1782873087558797,False,True
32407037,1.07000000,188.63000000,49548275,49548277,1782873229395444,True,True
32407038,1.07000000,145.47000000,49548278,49548278,1782873230946134,True,True
32407039,1.07000000,205.55000000,49548279,49548280,1782873335289006,False,True
32407040,1.07100000,18.71000000,49548281,49548281,1782873335404173,False,True
32407041,1.07100000,18.71000000,49548282,49548282,1782873335404662,False,True
32407042,1.07100000,18.71000000,49548283,49548283,1782873335407631,False,True
32407043,1.07100000,4.82000000,49548284,49548284,1782873335409801,False,True
32407044,1.07100000,18.71000000,49548285,49548285,1782873335416523,False,True
32407045,1.07000000,99.00000000,49548286,49548286,1782873469978544,False,True
32407046,1.07000000,6.10000000,49548287,49548287,1782873528321765,True,True
32407047,1.07100000,14.85000000,49548288,49548289,1782873566916083,False,True
32407048,1.07000000,9.90000000,49548290,49548290,1782873569627072,False,True
32407049,1.07000000,8.91000000,49548291,49548291,1782873569836768,False,True
32407050,1.07000000,9.90000000,49548292,49548292,1782873629856799,False,True
32407051,1.07000000,8.91000000,49548293,49548293,1782873630301028,False,True
32407052,1.07000000,8.02000000,49548294,49548294,1782873630504664,False,True
32407053,1.07000000,7.21000000,49548295,49548295,1782873631463637,False,True
32407054,1.07000000,6.49000000,49548296,49548296,1782873632504736,False,True
32407055,1.07000000,5.84000000,49548297,49548297,1782873635001132,False,True
32407056,1.07000000,5.26000000,49548298,49548298,1782873637986835,False,True
32407057,1.07000000,4.78000000,49548299,49548299,1782873638804634,False,True
32407058,1.07000000,4.78000000,49548300,49548300,1782873639066906,False,True
32407059,1.07000000,4.78000000,49548301,49548301,1782873640621210,False,True
32407060,1.07000000,4.78000000,49548302,49548302,1782873640882828,False,True
32407061,1.07100000,21.78000000,49548303,49548303,1782873680335979,False,True
32407062,1.07100000,381.16000000,49548304,49548308,1782873680338977,False,True
32407063,1.07100000,292.44000000,49548309,49548312,1782873732845491,True,True
32407064,1.07000000,287.56000000,49548313,49548318,1782873732845491,True,True
32407065,1.07200000,9.35000000,49548319,49548320,1782873814319026,False,True
32407066,1.07200000,8.41000000,49548321,49548321,1782873814529111,False,True
32407067,1.07200000,7.57000000,49548322,49548322,1782873814960914,False,True
32407068,1.07200000,6.81000000,49548323,49548323,1782873815410497,False,True
32407069,1.07200000,6.13000000,49548324,49548324,1782873815640977,False,True
32407070,1.07200000,5.52000000,49548325,49548325,1782873815954742,False,True
32407071,1.07200000,13.61000000,49548326,49548326,1782873816158868,False,True
32407072,1.07200000,12.25000000,49548327,49548327,1782873816439166,False,True
32407073,1.07200000,11.02000000,49548328,49548328,1782873816663718,False,True
32407074,1.07200000,9.92000000,49548329,49548329,1782873816894217,False,True
32407075,1.07200000,8.93000000,49548330,49548330,1782873817119320,False,True
32407076,1.07200000,8.04000000,49548331,49548331,1782873818162762,False,True
32407077,1.07200000,7.23000000,49548332,49548332,1782873818584511,False,True
32407078,1.07200000,6.51000000,49548333,49548333,1782873819239018,False,True
32407079,1.07200000,18.34000000,49548334,49548334,1782873854319687,False,True
32407080,1.07200000,16.51000000,49548335,49548335,1782873854904898,False,True
32407081,1.07200000,14.85000000,49548336,49548336,1782873856112561,False,True
32407082,1.07200000,13.37000000,49548337,49548337,1782873856389568,False,True
32407083,1.07200000,12.03000000,49548338,49548339,1782873857067695,False,True
32407084,1.07200000,10.83000000,49548340,49548340,1782873857424896,False,True
32407085,1.07200000,20.04000000,49548341,49548341,1782873857670918,False,True
32407086,1.07200000,18.04000000,49548342,49548342,1782873858070153,False,True
32407087,1.07200000,16.23000000,49548343,49548343,1782873858274639,False,True
32407088,1.07200000,14.61000000,49548344,49548344,1782873858506599,False,True
32407089,1.07200000,13.15000000,49548345,49548345,1782873859104497,False,True
32407090,1.07200000,11.83000000,49548346,49548347,1782873860646858,False,True
32407091,1.07200000,10.29000000,49548348,49548348,1782873861224802,False,True
32407092,1.07200000,16.70000000,49548349,49548349,1782873861493063,False,True
32407093,1.07200000,15.03000000,49548350,49548350,1782873862031719,False,True
32407094,1.07200000,14.02000000,49548351,49548351,1782873863033506,False,True
32407095,1.07200000,12.62000000,49548352,49548352,1782873863235966,False,True
32407096,1.07200000,11.36000000,49548353,49548353,1782873863460913,False,True
32407097,1.07200000,10.22000000,49548354,49548354,1782873863760952,False,True
32407098,1.07200000,9.20000000,49548355,49548355,1782873864063546,False,True
32407099,1.07200000,8.28000000,49548356,49548357,1782873864263502,False,True
32407100,1.07200000,7.45000000,49548358,49548358,1782873864488747,False,True
32407101,1.07200000,6.70000000,49548359,49548359,1782873864764224,False,True
32407102,1.07200000,6.03000000,49548360,49548360,1782873865064683,False,True
32407103,1.07200000,5.43000000,49548361,49548361,1782873866936893,False,True
32407104,1.07200000,4.89000000,49548362,49548362,1782873867404685,False,True
32407105,1.07200000,4.77000000,49548363,49548363,1782873868984800,False,True
32407106,1.07200000,4.77000000,49548364,49548364,1782873869302532,False,True
32407107,1.07200000,4.77000000,49548365,49548365,1782873869604923,False,True
32407108,1.07200000,11.61000000,49548366,49548366,1782873873343028,False,True
32407109,1.07200000,10.45000000,49548367,49548367,1782873873704582,False,True
32407110,1.07200000,9.41000000,49548368,49548368,1782873874638648,False,True
32407111,1.07200000,52.75000000,49548369,49548370,1782873932171468,False,True
32407112,1.07200000,52.75000000,49548371,49548371,1782873932171678,False,True
32407113,1.07200000,98.10000000,49548372,49548373,1782873932171730,False,True
32407114,1.07300000,20.85000000,49548374,49548375,1782873932171759,False,True
32407115,1.07300000,52.75000000,49548376,49548376,1782873932171806,False,True
32407116,1.07300000,20.67000000,49548377,49548377,1782873932171833,False,True
32407117,1.07300000,52.75000000,49548378,49548379,1782873932171934,False,True
32407118,1.07300000,18.67000000,49548380,49548380,1782873932171991,False,True
32407119,1.07300000,18.67000000,49548381,49548381,1782873932172041,False,True
32407120,1.07300000,18.67000000,49548382,49548383,1782873932172121,False,True
32407121,1.07300000,18.67000000,49548384,49548384,1782873932172146,False,True
32407122,1.07300000,18.67000000,49548385,49548385,1782873932172204,False,True
32407123,1.07300000,18.67000000,49548386,49548387,1782873932172209,False,True
32407124,1.07300000,3.74000000,49548388,49548388,1782873932172229,False,True
32407125,1.07400000,14.93000000,49548389,49548389,1782873932172229,False,True
32407126,1.07400000,18.67000000,49548390,49548390,1782873932172252,False,True
32407127,1.07400000,18.67000000,49548391,49548391,1782873932172278,False,True
32407128,1.07400000,18.67000000,49548392,49548392,1782873932172385,False,True
32407129,1.07400000,18.67000000,49548393,49548393,1782873932172472,False,True
32407130,1.07400000,18.67000000,49548394,49548395,1782873932172510,False,True
32407131,1.07400000,18.67000000,49548396,49548396,1782873932172565,False,True
32407132,1.07400000,18.67000000,49548397,49548397,1782873932172854,False,True
32407133,1.07400000,18.67000000,49548398,49548398,1782873932172913,False,True
32407134,1.07400000,18.67000000,49548399,49548399,1782873932172983,False,True
32407135,1.07400000,18.67000000,49548400,49548402,1782873932173018,False,True
32407136,1.07400000,18.67000000,49548403,49548403,1782873932173051,False,True
32407137,1.07400000,18.67000000,49548404,49548405,1782873932173164,False,True
32407138,1.07400000,18.67000000,49548406,49548406,1782873932173223,False,True
32407139,1.07400000,18.67000000,49548407,49548407,1782873932173226,False,True
32407140,1.07300000,18.67000000,49548408,49548408,1782873932173322,False,True
32407141,1.07300000,18.67000000,49548409,49548409,1782873932173381,False,True
32407142,1.07400000,18.67000000,49548410,49548410,1782873932189015,False,True
32407143,1.07400000,18.67000000,49548411,49548411,1782873932190573,False,True
32407144,1.07400000,18.67000000,49548412,49548412,1782873932190671,False,True
32407145,1.07400000,18.67000000,49548413,49548413,1782873932191286,False,True
32407146,1.07300000,78.70000000,49548414,49548416,1782873991519046,True,True
32407147,1.07300000,18.66000000,49548417,49548417,1782873991525976,True,True
32407148,1.07200000,265.40000000,49548418,49548419,1782874090727901,True,True
32407149,1.07200000,298.41000000,49548420,49548422,1782874094124017,False,True
32407150,1.07300000,128.00000000,49548423,49548425,1782874094251829,False,True
32407151,1.07400000,4.68000000,49548426,49548426,1782874104967257,False,True
32407152,1.07300000,76.55000000,49548427,49548427,1782874107268639,True,True
32407153,1.07300000,1105.04000000,49548428,49548443,1782874229725075,False,True
32407154,1.07300000,647.95000000,49548444,49548448,1782874229726006,False,True
32407155,1.07300000,117.65000000,49548449,49548450,1782874229821419,True,True
32407156,1.07300000,18.66000000,49548451,49548451,1782874229923864,False,True
32407157,1.07400000,18.66000000,49548452,49548452,1782874229924080,False,True
32407158,1.07400000,18.66000000,49548453,49548453,1782874229924284,False,True
32407159,1.07400000,18.66000000,49548454,49548454,1782874229924445,False,True
32407160,1.07400000,14.92000000,49548455,49548455,1782874229928410,False,True
32407161,1.07300000,96.02000000,49548456,49548456,1782874230022179,True,True
32407162,1.07300000,12.40000000,49548457,49548457,1782874283324143,False,True
32407163,1.07300000,12.40000000,49548458,49548458,1782874283324197,False,True
32407164,1.07300000,18.66000000,49548459,49548459,1782874283324476,False,True
32407165,1.07300000,12.40000000,49548460,49548460,1782874283324511,False,True
32407166,1.07300000,12.40000000,49548461,49548461,1782874283324516,False,True
32407167,1.07300000,118.13000000,49548462,49548462,1782874283324540,False,True
32407168,1.07400000,18.66000000,49548463,49548463,1782874283324665,False,True
32407169,1.07400000,18.66000000,49548464,49548466,1782874283324766,False,True
32407170,1.07400000,18.66000000,49548467,49548467,1782874283324844,False,True
32407171,1.07400000,7.86000000,49548468,49548468,1782874283324944,False,True
32407172,1.07400000,18.66000000,49548469,49548470,1782874283324962,False,True
32407173,1.07400000,18.66000000,49548471,49548472,1782874283324971,False,True
32407174,1.07400000,18.66000000,49548473,49548473,1782874283324975,False,True
32407175,1.07400000,18.66000000,49548474,49548474,1782874283325011,False,True
32407176,1.07400000,18.66000000,49548475,49548475,1782874283325022,False,True
32407177,1.07400000,18.66000000,49548476,49548476,1782874283325026,False,True
32407178,1.07400000,18.66000000,49548477,49548477,1782874283325454,False,True
32407179,1.07400000,18.66000000,49548478,49548478,1782874283325533,False,True
32407180,1.07400000,35.71000000,49548479,49548479,1782874373133301,False,True
32407181,1.07400000,35.71000000,49548480,49548480,1782874373133306,False,True
32407182,1.07400000,35.71000000,49548481,49548481,1782874373133492,False,True
32407183,1.07400000,35.71000000,49548482,49548482,1782874373133512,False,True
32407184,1.07400000,43.37000000,49548483,49548483,1782874373133576,False,True
32407185,1.07500000,18.64000000,49548484,49548484,1782874373133727,False,True
32407186,1.07500000,35.71000000,49548485,49548485,1782874373133756,False,True
32407187,1.07500000,18.64000000,49548486,49548486,1782874373133797,False,True
32407188,1.07500000,18.64000000,49548487,49548487,1782874373133880,False,True
32407189,1.07500000,18.64000000,49548488,49548489,1782874373133894,False,True
32407190,1.07500000,18.64000000,49548490,49548490,1782874373133901,False,True
32407191,1.07500000,18.64000000,49548491,49548491,1782874373133961,False,True
32407192,1.07500000,18.64000000,49548492,49548492,1782874373134002,False,True
32407193,1.07500000,18.64000000,49548493,49548493,1782874373134075,False,True
32407194,1.07500000,18.64000000,49548494,49548496,1782874373134077,False,True
32407195,1.07500000,18.64000000,49548497,49548498,1782874373134131,False,True
32407196,1.07500000,3.95000000,49548499,49548499,1782874373134181,False,True
32407197,1.07600000,14.69000000,49548500,49548500,1782874373134181,False,True
32407198,1.07600000,18.64000000,49548501,49548501,1782874373134277,False,True
32407199,1.07600000,18.64000000,49548502,49548502,1782874373134313,False,True
32407200,1.07600000,18.64000000,49548503,49548503,1782874373135340,False,True
32407201,1.07600000,18.64000000,49548504,49548504,1782874373135547,False,True
32407202,1.07500000,186.31000000,49548505,49548505,1782874373135690,True,True
32407203,1.07500000,10.12000000,49548506,49548506,1782874373136851,True,True
32407204,1.07500000,18.64000000,49548507,49548507,1782874373157212,False,True
32407205,1.07500000,18.64000000,49548508,49548508,1782874373165010,False,True
32407206,1.07500000,62.72000000,49548509,49548509,1782874384281146,False,True
32407207,1.07500000,62.72000000,49548510,49548510,1782874384281232,False,True
32407208,1.07500000,25.00000000,49548511,49548511,1782874384281362,False,True
32407209,1.07500000,35.60000000,49548512,49548512,1782874384281368,False,True
32407210,1.07600000,27.12000000,49548513,49548515,1782874384281368,False,True
32407211,1.07600000,6.29000000,49548516,49548516,1782874384281560,False,True
32407212,1.07700000,18.99000000,49548517,49548517,1782874384281560,False,True
32407213,1.07700000,18.62000000,49548518,49548518,1782874384281659,False,True
32407214,1.07700000,62.72000000,49548519,49548520,1782874384281693,False,True
32407215,1.07700000,18.62000000,49548521,49548522,1782874384281831,False,True
32407216,1.07700000,18.62000000,49548523,49548523,1782874384281868,False,True
32407217,1.07700000,18.62000000,49548524,49548524,1782874384281952,False,True
32407218,1.07700000,18.62000000,49548525,49548525,1782874384281968,False,True
32407219,1.07700000,18.62000000,49548526,49548526,1782874384281975,False,True
32407220,1.07700000,18.62000000,49548527,49548527,1782874384281978,False,True
32407221,1.07700000,18.62000000,49548528,49548528,1782874384282008,False,True
32407222,1.07700000,18.62000000,49548529,49548529,1782874384282039,False,True
32407223,1.07700000,18.62000000,49548530,49548530,1782874384282055,False,True
32407224,1.07700000,18.62000000,49548531,49548531,1782874384282094,False,True
32407225,1.07700000,18.62000000,49548532,49548532,1782874384282112,False,True
32407226,1.07700000,18.62000000,49548533,49548533,1782874384282563,False,True
32407227,1.07700000,18.62000000,49548534,49548534,1782874384282690,False,True
32407228,1.07700000,18.62000000,49548535,49548535,1782874384283177,False,True
32407229,1.07600000,18.62000000,49548536,49548536,1782874384302969,False,True
32407230,1.07600000,18.62000000,49548537,49548537,1782874384304404,False,True
32407231,1.07600000,185.87000000,49548538,49548538,1782874498182750,False,True
32407232,1.07700000,317.39000000,49548539,49548542,1782874528347022,False,True
32407233,1.07800000,113.58000000,49548543,49548546,1782874528347022,False,True
32407234,1.07800000,103.83000000,49548547,49548547,1782874528351142,False,True
32407235,1.07800000,99.00000000,49548548,49548548,1782874528353212,False,True
32407236,1.07700000,427.36000000,49548549,49548550,1782874542128039,True,True
32407237,1.07700000,17.63000000,49548551,49548551,1782874624696747,True,True
32407238,1.07700000,17.63000000,49548552,49548552,1782874624696825,True,True
32407239,1.07700000,37.12000000,49548553,49548553,1782874624698044,True,True
32407240,1.07700000,14.04000000,49548554,49548554,1782874652562736,True,True
32407241,1.07600000,777.56000000,49548555,49548563,1782874652564732,True,True
32407242,1.07600000,55.77000000,49548564,49548566,1782874652566026,True,True
32407243,1.07600000,111.54000000,49548567,49548572,1782874652566671,True,True
32407244,1.07500000,20.17000000,49548573,49548574,1782874717101367,True,True
32407245,1.07500000,15.58000000,49548575,49548575,1782874803575582,False,True
32407246,1.07500000,130.23000000,49548576,49548578,1782874848228562,False,True
32407247,1.07400000,31.10000000,49548579,49548580,1782874889351577,True,True
32407248,1.07400000,37.12000000,49548581,49548581,1782874943160845,False,True
32407249,1.07400000,25.55000000,49548582,49548582,1782875033519216,False,True
32407250,1.07400000,27.47000000,49548583,49548583,1782875044632639,False,True
32407251,1.07400000,16.88000000,49548584,49548584,1782875057164178,False,True
32407252,1.07400000,15.19000000,49548585,49548585,1782875057634548,False,True
32407253,1.07400000,13.67000000,49548586,49548586,1782875057981189,False,True
32407254,1.07400000,12.31000000,49548587,49548587,1782875058198067,False,True
32407255,1.07400000,11.08000000,49548588,49548588,1782875058422166,False,True
32407256,1.07400000,9.97000000,49548589,49548589,1782875058681752,False,True
32407257,1.07400000,8.97000000,49548590,49548590,1782875058880799,False,True
32407258,1.07400000,4.76000000,49548591,49548591,1782875059081212,False,True
32407259,1.07400000,4.76000000,49548592,49548593,1782875059327583,False,True
32407260,1.07400000,11.65000000,49548594,49548594,1782875060937010,False,True
32407261,1.07400000,10.48000000,49548595,49548595,1782875061209549,False,True
32407262,1.07400000,8.11000000,49548596,49548596,1782875061604517,False,True
32407263,1.07400000,9.44000000,49548597,49548597,1782875061623688,False,True
32407264,1.07500000,186.21000000,49548598,49548600,1782875137215623,False,True
32407265,1.07500000,14.88000000,49548601,49548601,1782875137586911,False,True
32407266,1.07500000,13.39000000,49548602,49548602,1782875137907757,False,True
32407267,1.07500000,12.05000000,49548603,49548603,1782875138123056,False,True
32407268,1.07500000,14.57000000,49548604,49548604,1782875145699554,False,True
32407269,1.07500000,131.15000000,49548605,49548605,1782875145701131,False,True
32407270,1.07600000,186.13000000,49548606,49548608,1782875200920562,False,True
32407271,1.07600000,185.87000000,49548609,49548609,1782875231243959,False,True
32407272,1.07700000,209.32000000,49548610,49548612,1782875258129185,False,True
32407273,1.07800000,131.47000000,49548613,49548615,1782875258129208,False,True
32407274,1.07900000,171.20000000,49548616,49548619,1782875258129424,False,True
32407275,1.07900000,191.11000000,49548620,49548622,1782875258129552,False,True
32407276,1.07900000,143.20000000,49548623,49548625,1782875258129874,False,True
32407277,1.07800000,92.76000000,49548626,49548626,1782875258130406,True,True
32407278,1.07800000,92.76000000,49548627,49548627,1782875258130590,True,True
32407279,1.08000000,185.96000000,49548628,49548630,1782875258130865,False,True
32407280,1.07900000,99.00000000,49548631,49548631,1782875258131307,False,True
32407281,1.07900000,38.03000000,49548632,49548633,1782875258132566,True,True
32407282,1.07900000,38.03000000,49548634,49548634,1782875258132683,True,True
32407283,1.07900000,278.68000000,49548635,49548636,1782875258132770,True,True
32407284,1.07900000,278.68000000,49548637,49548637,1782875258132862,True,True
32407285,1.07900000,147.75000000,49548638,49548638,1782875258133484,True,True
32407286,1.07800000,18.52000000,49548639,49548639,1782875258133709,True,True
32407287,1.07800000,18.52000000,49548640,49548640,1782875258134102,True,True
32407288,1.07900000,185.35000000,49548641,49548641,1782875258135091,False,True
32407289,1.07800000,434.80000000,49548642,49548644,1782875295353994,True,True
32407290,1.07700000,18.25000000,49548645,49548645,1782875316409008,True,True
32407291,1.07700000,167.27000000,49548646,49548646,1782875316412815,True,True
32407292,1.07700000,21.26000000,49548647,49548648,1782875329541751,False,True
32407293,1.07600000,190.80000000,49548649,49548650,1782875364452993,True,True
32407294,1.07600000,9.22000000,49548651,49548651,1782875525953158,False,True
32407295,1.07600000,530.00000000,49548652,49548655,1782875655197706,False,True
32407296,1.07600000,81.93000000,49548656,49548656,1782875655199138,True,True
32407297,1.07600000,475.37000000,49548657,49548657,1782875655199291,True,True
32407298,1.07600000,332.82000000,49548658,49548658,1782875655199402,True,True
32407299,1.07500000,23.61000000,49548659,49548660,1782875712887964,True,True
32407300,1.07400000,5.04000000,49548661,49548661,1782875967039810,True,True
32407301,1.07300000,5.04000000,49548662,49548662,1782876013806155,True,True
32407302,1.07300000,39.32000000,49548663,49548663,1782876067657010,False,True
32407303,1.07300000,33.72000000,49548664,49548664,1782876067657029,False,True
32407304,1.07300000,13.06000000,49548665,49548665,1782876067657049,False,True
32407305,1.07300000,39.33000000,49548666,49548666,1782876067657125,False,True
32407306,1.07300000,39.33000000,49548667,49548667,1782876067657250,False,True
32407307,1.07300000,13.06000000,49548668,49548668,1782876067657275,False,True
32407308,1.07300000,8.57000000,49548669,49548669,1782876067657404,False,True
32407309,1.07400000,30.76000000,49548670,49548670,1782876067657404,False,True
32407310,1.07400000,13.06000000,49548671,49548671,1782876067657543,False,True
32407311,1.07400000,18.66000000,49548672,49548672,1782876067678827,False,True
32407312,1.07400000,18.66000000,49548673,49548673,1782876067686100,False,True
32407313,1.07400000,186.21000000,49548674,49548674,1782876149909739,False,True
32407314,1.07500000,191.09000000,49548675,49548676,1782876338320849,False,True
32407315,1.07600000,36.32000000,49548677,49548677,1782876338323469,False,True
32407316,1.07600000,133.42000000,49548678,49548679,1782876338328450,False,True
32407317,1.07600000,36.32000000,49548680,49548681,1782876338330199,False,True
32407318,1.07600000,36.32000000,49548682,49548682,1782876338330909,False,True
32407319,1.07600000,36.32000000,49548683,49548684,1782876338332888,False,True
32407320,1.07600000,135.63000000,49548685,49548685,1782876338338222,False,True
32407321,1.07600000,125.85000000,49548686,49548686,1782876338338223,False,True
32407322,1.07700000,5.87000000,49548687,49548687,1782876338338223,False,True
32407323,1.07700000,133.75000000,49548688,49548690,1782876338338490,False,True
32407324,1.07700000,36.32000000,49548691,49548691,1782876338340345,False,True
32407325,1.07700000,133.34000000,49548692,49548692,1782876338340368,False,True
32407326,1.07700000,132.32000000,49548693,49548693,1782876338340385,False,True
32407327,1.07700000,7.68000000,49548694,49548694,1782876338340388,False,True
32407328,1.07700000,18.62000000,49548695,49548695,1782876338342918,False,True
32407329,1.07700000,18.62000000,49548696,49548696,1782876338344687,False,True
32407330,1.07700000,18.62000000,49548697,49548697,1782876338345148,False,True
32407331,1.07700000,18.62000000,49548698,49548698,1782876338345904,False,True
32407332,1.07700000,76.22000000,49548699,49548700,1782876338346712,False,True
32407333,1.07700000,18.62000000,49548701,49548701,1782876338349786,False,True
32407334,1.07700000,18.62000000,49548702,49548702,1782876338350702,False,True
32407335,1.07700000,18.62000000,49548703,49548703,1782876338351051,False,True
32407336,1.07700000,18.62000000,49548704,49548704,1782876338351353,False,True
32407337,1.07700000,18.62000000,49548705,49548705,1782876338351458,False,True
32407338,1.07700000,18.62000000,49548706,49548706,1782876338357399,False,True
32407339,1.07700000,18.62000000,49548707,49548707,1782876338358256,False,True
32407340,1.07700000,18.62000000,49548708,49548708,1782876338358795,False,True
32407341,1.07700000,18.62000000,49548709,49548709,1782876338359220,False,True
32407342,1.07700000,18.62000000,49548710,49548710,1782876338363251,False,True
32407343,1.07700000,18.62000000,49548711,49548711,1782876338363802,False,True
32407344,1.07700000,18.62000000,49548712,49548712,1782876338364745,False,True
32407345,1.07700000,18.62000000,49548713,49548713,1782876338365420,False,True
32407346,1.07700000,18.62000000,49548714,49548716,1782876338367471,False,True
32407347,1.07700000,18.62000000,49548717,49548717,1782876338370253,False,True
32407348,1.07700000,18.62000000,49548718,49548718,1782876338371133,False,True
32407349,1.07700000,18.62000000,49548719,49548719,1782876338373355,False,True
32407350,1.07700000,18.62000000,49548720,49548720,1782876338387085,False,True
32407351,1.07700000,18.62000000,49548721,49548721,1782876338396557,False,True
32407352,1.07700000,18.62000000,49548722,49548723,1782876338397804,False,True
32407353,1.07800000,18.62000000,49548724,49548724,1782876338403525,False,True
32407354,1.07800000,18.62000000,49548725,49548725,1782876338408700,False,True
32407355,1.07600000,92.78000000,49548726,49548726,1782876338429970,True,True
32407356,1.07600000,32.50000000,49548727,49548727,1782876338443814,True,True
32407357,1.07500000,37.35000000,49548728,49548728,1782876339967024,False,True
32407358,1.07500000,33.62000000,49548729,49548729,1782876340656678,False,True
32407359,1.07500000,10.25000000,49548730,49548730,1782876341248799,False,True
32407360,1.07400000,5.73000000,49548731,49548732,1782876480321906,True,True
32407361,1.07500000,285.04000000,49548733,49548734,1782876548208028,False,True
32407362,1.07500000,17.66000000,49548735,49548735,1782876548210387,True,True
32407363,1.07500000,17.66000000,49548736,49548736,1782876548210627,True,True
32407364,1.07500000,17.66000000,49548737,49548737,1782876548212938,True,True
32407365,1.07500000,17.66000000,49548738,49548738,1782876548213163,True,True
32407366,1.07600000,185.87000000,49548739,49548739,1782876603236908,False,True
32407367,1.07600000,99.00000000,49548740,49548740,1782876603239723,True,True
32407368,1.07600000,27.99000000,49548741,49548741,1782876626965711,True,True
32407369,1.07400000,191.17000000,49548742,49548743,1782876740624616,True,True
32407370,1.07400000,99.00000000,49548744,49548744,1782876754711999,True,True
32407371,1.07300000,186.48000000,49548745,49548747,1782876774172803,True,True
32407372,1.07500000,186.13000000,49548748,49548749,1782876978063205,False,True
32407373,1.07500000,186.13000000,49548750,49548752,1782876978100741,False,True
32407374,1.07500000,18.60000000,49548753,49548754,1782876979159180,False,True
32407375,1.07500000,16.74000000,49548755,49548755,1782876979508924,False,True
32407376,1.07500000,15.07000000,49548756,49548756,1782876980129010,False,True
32407377,1.07500000,135.63000000,49548757,49548757,1782876980299522,False,True
32407378,1.07600000,186.13000000,49548758,49548759,1782876993051055,False,True
32407379,1.07700000,185.96000000,49548760,49548761,1782876996291943,False,True
32407380,1.07700000,315.73000000,49548762,49548764,1782876998448218,True,True
32407381,1.07700000,13.72000000,49548765,49548765,1782877007757032,False,True
32407382,1.07700000,17.63000000,49548766,49548766,1782877008153544,True,True
32407383,1.07700000,17.63000000,49548767,49548767,1782877008153865,True,True
32407384,1.07700000,17.63000000,49548768,49548768,1782877008156020,True,True
32407385,1.07700000,17.63000000,49548769,49548769,1782877008156209,True,True
32407386,1.07800000,185.78000000,49548770,49548771,1782877025475090,False,True
32407387,1.07800000,4.78000000,49548772,49548772,1782877025476381,False,True
32407388,1.07900000,136.29000000,49548773,49548774,1782877028531635,False,True
32407389,1.07900000,18.55000000,49548775,49548775,1782877028670046,False,True
32407390,1.08000000,440.00000000,49548776,49548777,1782877029550709,False,True
32407391,1.08000000,378.44000000,49548778,49548778,1782877029551560,False,True
32407392,1.08000000,440.00000000,49548779,49548779,1782877029557037,False,True
32407393,1.08000000,18.53000000,49548780,49548780,1782877032006259,False,True
32407394,1.08100000,18.54000000,49548781,49548781,1782877032021638,False,True
32407395,1.08100000,18.54000000,49548782,49548782,1782877032023092,False,True
32407396,1.08100000,18.54000000,49548783,49548783,1782877032029725,False,True
32407397,1.08100000,18.54000000,49548784,49548784,1782877032030200,False,True
32407398,1.08100000,18.54000000,49548785,49548785,1782877032032167,False,True
32407399,1.08100000,18.54000000,49548786,49548788,1782877032032272,False,True
32407400,1.08100000,18.54000000,49548789,49548789,1782877032034865,False,True
32407401,1.08100000,18.54000000,49548790,49548791,1782877032066098,False,True
32407402,1.08100000,18.54000000,49548792,49548792,1782877032066735,False,True
32407403,1.08100000,7.20000000,49548793,49548793,1782877032156401,False,True
32407404,1.08100000,9.88000000,49548794,49548794,1782877032371468,False,True
32407405,1.08100000,55.61000000,49548795,49548795,1782877033043940,True,True
32407406,1.08000000,381.65000000,49548796,49548799,1782877074808820,True,True
32407407,1.08000000,99.00000000,49548800,49548800,1782877150746064,True,True
32407408,1.08000000,395.22000000,49548801,49548804,1782877207111303,True,True
32407409,1.08000000,185.18000000,49548805,49548805,1782877207117541,True,True
32407410,1.08000000,9.25000000,49548806,49548806,1782877207118552,True,True
32407411,1.08000000,9.25000000,49548807,49548807,1782877207118965,True,True
32407412,1.08000000,36.99000000,49548808,49548808,1782877215529622,False,True
32407413,1.08000000,114.18000000,49548809,49548810,1782877215534849,True,True
32407414,1.08000000,99.00000000,49548811,49548811,1782877215537168,True,True
32407415,1.08000000,185.18000000,49548812,49548812,1782877249336923,True,True
32407416,1.08100000,5.02000000,49548813,49548813,1782877294729970,False,True
32407417,1.08100000,179.90000000,49548814,49548814,1782877294731713,True,True
32407418,1.08000000,15.79000000,49548815,49548815,1782877294732115,True,True
32407419,1.08000000,14.79000000,49548816,49548816,1782877294732205,True,True
32407420,1.08000000,185.18000000,49548817,49548817,1782877301758918,True,True
32407421,1.08000000,361.08000000,49548818,49548822,1782877554252139,True,True
32407422,1.08000000,27.87000000,49548823,49548823,1782877584653613,False,True
32407423,1.08000000,99.00000000,49548824,49548824,1782877584656684,True,True
32407424,1.08100000,5.02000000,49548825,49548825,1782877618273079,False,True
32407425,1.08100000,5.15000000,49548826,49548826,1782877619802490,True,True
32407426,1.08200000,5.02000000,49548827,49548827,1782877621823629,False,True
32407427,1.08300000,60.42000000,49548828,49548830,1782877650117942,False,True
32407428,1.08300000,148.56000000,49548831,49548831,1782877675656291,True,True
32407429,1.08300000,36.11000000,49548832,49548832,1782877675656839,True,True
32407430,1.08200000,394.68000000,49548833,49548836,1782877701317157,True,True
32407431,1.08200000,33.20000000,49548837,49548837,1782877718459029,False,True
32407432,1.08100000,130.09000000,49548838,49548839,1782877749536726,True,True
32407433,1.08200000,21.81000000,49548840,49548840,1782877752488908,False,True
32407434,1.08200000,99.00000000,49548841,49548841,1782877752507028,True,True
32407435,1.08300000,5.01000000,49548842,49548842,1782877932775318,False,True
32407436,1.08400000,5.01000000,49548843,49548843,1782877939077759,False,True
32407437,1.08500000,5.54000000,49548844,49548844,1782878041343669,False,True
32407438,1.08500000,14.30000000,49548845,49548845,1782878043766160,False,True
32407439,1.08500000,74.17000000,49548846,49548847,1782878043766610,False,True
32407440,1.08500000,129.09000000,49548848,49548849,1782878043770244,True,True
32407441,1.08500000,184.33000000,49548850,49548850,1782878043778481,True,True
32407442,1.08500000,38.90000000,49548851,49548851,1782878064555672,True,True
32407443,1.08600000,5.01000000,49548852,49548852,1782878077239900,False,True
32407444,1.08600000,137.68000000,49548853,49548855,1782878077402893,True,True
32407445,1.08600000,106.20000000,49548856,49548857,1782878077621547,True,True
32407446,1.08500000,104.09000000,49548858,49548859,1782878077621547,True,True
32407447,1.08600000,9.25000000,49548860,49548860,1782878081706027,False,True
32407448,1.08400000,27.74000000,49548861,49548862,1782878474856206,True,True
32407449,1.08300000,4.99000000,49548863,49548863,1782878527875037,True,True
32407450,1.08300000,23.42000000,49548864,49548865,1782878541926226,False,True
32407451,1.08400000,99.00000000,49548866,49548866,1782878606097039,False,True
32407452,1.08400000,99.00000000,49548867,49548867,1782878620744299,True,True
32407453,1.08300000,26.90000000,49548868,49548868,1782878620784236,True,True
32407454,1.08500000,5.00000000,49548869,49548869,1782878770112198,False,True
32407455,1.08600000,18.45000000,49548870,49548870,1782878770112256,False,True
32407456,1.08600000,18.45000000,49548871,49548871,1782878770112298,False,True
32407457,1.08600000,18.45000000,49548872,49548872,1782878770112382,False,True
32407458,1.08600000,18.45000000,49548873,49548873,1782878770112460,False,True
32407459,1.08600000,18.45000000,49548874,49548874,1782878770112543,False,True
32407460,1.08600000,18.45000000,49548875,49548876,1782878770112599,False,True
32407461,1.08600000,18.45000000,49548877,49548877,1782878770112772,False,True
32407462,1.08600000,18.45000000,49548878,49548878,1782878770112780,False,True
32407463,1.08600000,18.45000000,49548879,49548879,1782878770112965,False,True
32407464,1.08600000,14.33000000,49548880,49548880,1782878770116880,False,True
32407465,1.08500000,99.00000000,49548881,49548881,1782878830748861,True,True
32407466,1.08400000,1.29000000,49548882,49548882,1782878830748861,True,True
32407467,1.08600000,5.00000000,49548883,49548883,1782878875986783,False,True
32407468,1.08700000,41.04000000,49548884,49548885,1782878910870832,False,True
32407469,1.08700000,55.19000000,49548886,49548886,1782879016515352,False,True
32407470,1.08700000,18.39000000,49548887,49548889,1782879085631056,False,True
32407471,1.08600000,209.43000000,49548890,49548892,1782879259000965,True,True
32407472,1.08500000,65.37000000,49548893,49548893,1782879259000965,True,True
32407473,1.08600000,18.40000000,49548894,49548894,1782879347750133,False,True
32407474,1.08700000,4.99000000,49548895,49548895,1782879419655746,False,True
32407475,1.08700000,10.02000000,49548896,49548896,1782879446524030,True,True
32407476,1.08800000,104.01000000,49548897,49548898,1782879648361567,False,True
32407477,1.08900000,5.01000000,49548899,49548899,1782879712053070,False,True
32407478,1.09000000,66.69000000,49548900,49548900,1782879712053070,False,True
32407479,1.09000000,70.84000000,49548901,49548903,1782879712053109,False,True
32407480,1.09000000,18.38000000,49548904,49548904,1782879712053365,False,True
32407481,1.09000000,18.38000000,49548905,49548905,1782879712053371,False,True
32407482,1.09000000,18.38000000,49548906,49548906,1782879712053514,False,True
32407483,1.09000000,18.38000000,49548907,49548908,1782879712053543,False,True
32407484,1.09000000,18.38000000,49548909,49548909,1782879712053551,False,True
32407485,1.09000000,18.38000000,49548910,49548910,1782879712053567,False,True
32407486,1.09000000,18.38000000,49548911,49548911,1782879712053607,False,True
32407487,1.09000000,18.38000000,49548912,49548912,1782879712053698,False,True
32407488,1.09000000,18.38000000,49548913,49548913,1782879712053763,False,True
32407489,1.09000000,18.38000000,49548914,49548914,1782879712053778,False,True
32407490,1.09000000,18.38000000,49548915,49548915,1782879712053851,False,True
32407491,1.09000000,12.49000000,49548916,49548916,1782879712054020,False,True
32407492,1.09000000,18.38000000,49548917,49548917,1782879712078688,False,True
32407493,1.09000000,18.38000000,49548918,49548918,1782879712094080,False,True
32407494,1.09100000,5.01000000,49548919,49548919,1782879748433561,False,True
32407495,1.09000000,114.99000000,49548920,49548922,1782879931773954,True,True
32407496,1.09000000,19.99000000,49548923,49548923,1782880018437845,False,True
32407497,1.09100000,18.35000000,49548924,49548925,1782880140583405,False,True
32407498,1.09100000,11.89000000,49548926,49548926,1782880140584037,False,True
32407499,1.09100000,18.35000000,49548927,49548927,1782880140602581,False,True
32407500,1.09100000,104.97000000,49548928,49548928,1782880304418101,True,True
32407501,1.09000000,4.96000000,49548929,49548929,1782880506363522,True,True
32407502,1.08900000,195.74000000,49548930,49548932,1782880524667920,True,True
