93521049,32.54000000,1.24900000,134797469,134797469,1782864006776062,True,True
93521050,32.56000000,0.23100000,134797470,134797470,1782864027352460,False,True
93521051,32.57000000,0.40100000,134797471,134797472,1782864027352460,False,True
93521052,32.58000000,6.17100000,134797473,134797475,1782864027352460,False,True
93521053,32.58000000,0.35600000,134797476,134797476,1782864027352514,False,True
93521054,32.58000000,7.36100000,134797477,134797480,1782864027353208,False,True
93521055,32.58000000,14.85000000,134797481,134797482,1782864027353246,False,True
93521056,32.57000000,3.60000000,134797483,134797483,1782864027353669,False,True
93521057,32.58000000,8.97600000,134797484,134797484,1782864027353669,False,True
93521058,32.58000000,4.69200000,134797485,134797485,1782864027353674,False,True
93521059,32.59000000,0.08500000,134797486,134797486,1782864027353674,False,True
93521060,32.59000000,0.17000000,134797487,134797487,1782864027353950,False,True
93521061,32.59000000,2.41400000,134797488,134797488,1782864027354043,False,True
93521062,32.59000000,5.66900000,134797489,134797491,1782864035878414,False,True
93521063,32.59000000,12.86900000,134797492,134797492,1782864050501176,False,True
93521064,32.59000000,1.88200000,134797493,134797493,1782864050504621,False,True
93521065,32.60000000,7.90400000,134797494,134797497,1782864050504621,False,True
93521066,32.61000000,0.18300000,134797498,134797498,1782864050504621,False,True
93521067,32.61000000,9.46700000,134797499,134797501,1782864050512087,False,True
93521068,32.58000000,0.71300000,134797502,134797502,1782864051778542,True,True
93521069,32.57000000,0.81500000,134797503,134797503,1782864066777228,True,True
93521070,32.58000000,0.23100000,134797504,134797504,1782864085240938,False,True
93521071,32.59000000,13.38400000,134797505,134797508,1782864085240938,False,True
93521072,32.59000000,5.80200000,134797509,134797509,1782864085242174,False,True
93521073,32.60000000,4.43800000,134797510,134797510,1782864085242174,False,True
93521074,32.60000000,5.40400000,134797511,134797514,1782864085242189,False,True
93521075,32.61000000,3.15800000,134797515,134797515,1782864085242189,False,True
93521076,32.59000000,0.16900000,134797516,134797516,1782864085242569,False,True
93521077,32.59000000,3.43100000,134797517,134797517,1782864085246373,False,True
93521078,32.61000000,8.49000000,134797518,134797520,1782864085246373,False,True
93521079,32.61000000,5.44600000,134797521,134797521,1782864085246520,False,True
93521080,32.61000000,8.12300000,134797522,134797523,1782864085246674,False,True
93521081,32.61000000,4.57700000,134797524,134797525,1782864085248050,False,True
93521082,32.61000000,3.76300000,134797526,134797527,1782864085248270,False,True
93521083,32.58000000,0.76200000,134797528,134797528,1782864091782832,True,True
93521084,32.57000000,0.78700000,134797529,134797529,1782864106789899,True,True
93521085,32.58000000,3.83100000,134797530,134797531,1782864109142712,False,True
93521086,32.59000000,0.77200000,134797532,134797532,1782864109142712,False,True
93521087,32.58000000,0.82200000,134797533,134797533,1782864126777179,True,True
93521088,32.58000000,1.85000000,134797534,134797534,1782864127964124,True,True
93521089,32.56000000,0.23100000,134797535,134797535,1782864135076211,True,True
93521090,32.56000000,0.40900000,134797536,134797536,1782864139745565,False,True
93521091,32.56000000,0.55200000,134797537,134797537,1782864142020547,False,True
93521092,32.56000000,0.90500000,134797538,134797538,1782864146384920,False,True
93521093,32.56000000,18.51600000,134797539,134797542,1782864146388582,False,True
93521094,32.57000000,2.21200000,134797543,134797543,1782864146392324,False,True
93521095,32.57000000,10.50700000,134797544,134797546,1782864146393674,False,True
93521096,32.57000000,7.72600000,134797547,134797548,1782864146394396,False,True
93521097,32.57000000,10.90300000,134797549,134797550,1782864146395147,False,True
93521098,32.57000000,4.59100000,134797551,134797552,1782864146399323,False,True
93521099,32.56000000,1.68500000,134797553,134797553,1782864146798609,True,True
93521100,32.57000000,2.60700000,134797554,134797554,1782864150052888,False,True
93521101,32.57000000,1.56100000,134797555,134797555,1782864150053289,False,True
93521102,32.57000000,0.24400000,134797556,134797556,1782864151946886,False,True
93521103,32.57000000,10.33900000,134797557,134797557,1782864155454709,False,True
93521104,32.58000000,1.86000000,134797558,134797558,1782864155487659,False,True
93521105,32.58000000,1.97100000,134797559,134797560,1782864155487876,False,True
93521106,32.59000000,6.23300000,134797561,134797563,1782864155487876,False,True
93521107,32.59000000,9.47400000,134797564,134797565,1782864155488254,False,True
93521108,32.58000000,3.60000000,134797566,134797566,1782864155489073,False,True
93521109,32.59000000,4.37100000,134797567,134797567,1782864155489073,False,True
93521110,32.57000000,18.21400000,134797568,134797568,1782864171725716,True,True
93521111,32.57000000,4.16100000,134797569,134797569,1782864171725879,True,True
93521112,32.56000000,1.74800000,134797570,134797570,1782864186776450,True,True
93521113,32.54000000,0.40300000,134797571,134797571,1782864199575240,True,True
93521114,32.54000000,5.28700000,134797572,134797573,1782864202014481,False,True
93521115,32.55000000,49.63900000,134797574,134797583,1782864202014481,False,True
93521116,32.55000000,0.23100000,134797584,134797584,1782864217263763,False,True
93521117,32.56000000,0.01700000,134797585,134797585,1782864217263763,False,True
93521118,32.56000000,0.24300000,134797586,134797586,1782864223080588,False,True
93521119,32.54000000,2.01900000,134797587,134797587,1782864226789048,True,True
93521120,32.55000000,0.85900000,134797588,134797588,1782864231193017,False,True
93521121,32.55000000,1.99700000,134797589,134797589,1782864232811368,True,True
93521122,32.55000000,0.18800000,134797590,134797590,1782864238183135,False,True
93521123,32.55000000,0.83500000,134797591,134797591,1782864242068432,False,True
93521124,32.55000000,1.13500000,134797592,134797592,1782864243506935,False,True
93521125,32.54000000,1.77100000,134797593,134797594,1782864246776457,True,True
93521126,32.56000000,1.91800000,134797595,134797596,1782864251526004,False,True
93521127,32.57000000,0.23100000,134797597,134797597,1782864251588491,False,True
93521128,32.58000000,8.16200000,134797598,134797601,1782864251588491,False,True
93521129,32.59000000,3.77700000,134797602,134797603,1782864251588491,False,True
93521130,32.59000000,5.83800000,134797604,134797607,1782864251588737,False,True
93521131,32.60000000,3.12400000,134797608,134797608,1782864251588737,False,True
93521132,32.59000000,0.16900000,134797609,134797609,1782864251590421,False,True
93521133,32.59000000,3.60000000,134797610,134797610,1782864251622929,False,True
93521134,32.60000000,10.25100000,134797611,134797612,1782864251622929,False,True
93521135,32.57000000,3.10600000,134797613,134797614,1782864264592615,True,True
93521136,32.58000000,1.22700000,134797615,134797615,1782864278995922,False,True
93521137,32.58000000,1.20600000,134797616,134797616,1782864281790107,True,True
93521138,32.59000000,0.64300000,134797617,134797617,1782864291035080,False,True
93521139,32.59000000,0.33900000,134797618,134797618,1782864293733994,False,True
93521140,32.59000000,0.74000000,134797619,134797619,1782864299845315,False,True
93521141,32.60000000,1.68600000,134797620,134797620,1782864301457181,False,True
93521142,32.60000000,8.59100000,134797621,134797621,1782864301458996,False,True
93521143,32.60000000,6.44300000,134797622,134797623,1782864301460024,False,True
93521144,32.61000000,2.86200000,134797624,134797624,1782864301460024,False,True
93521145,32.61000000,13.02300000,134797625,134797628,1782864301460137,False,True
93521146,32.61000000,3.60000000,134797629,134797629,1782864301469629,False,True
93521147,32.62000000,3.03100000,134797630,134797631,1782864301469629,False,True
93521148,32.58000000,2.74100000,134797632,134797633,1782864306777845,True,True
93521149,32.57000000,1.15400000,134797634,134797635,1782864350411310,True,True
93521150,32.57000000,1.25700000,134797636,134797636,1782864351778553,True,True
93521151,32.56000000,0.63400000,134797637,134797638,1782864365125576,True,True
93521152,32.54000000,2.08800000,134797639,134797640,1782864366784090,True,True
93521153,32.54000000,3.60000000,134797641,134797641,1782864371224239,False,True
93521154,32.55000000,0.27400000,134797642,134797642,1782864371224239,False,True
93521155,32.55000000,0.23100000,134797643,134797643,1782864386320843,False,True
93521156,32.56000000,8.78000000,134797644,134797647,1782864386320843,False,True
93521157,32.57000000,2.60800000,134797648,134797648,1782864386320843,False,True
93521158,32.57000000,9.94100000,134797649,134797653,1782864386321298,False,True
93521159,32.58000000,4.40900000,134797654,134797655,1782864386321298,False,True
93521160,32.58000000,5.89300000,134797656,134797658,1782864386321407,False,True
93521161,32.57000000,0.17000000,134797659,134797659,1782864386323128,False,True
93521162,32.59000000,10.79600000,134797660,134797662,1782864386324819,False,True
93521163,32.59000000,8.04100000,134797663,134797663,1782864386325134,False,True
93521164,32.58000000,12.28800000,134797664,134797665,1782864386325874,False,True
93521165,32.60000000,11.92700000,134797666,134797667,1782864386332657,False,True
93521166,32.56000000,1.49100000,134797668,134797668,1782864411776061,True,True
93521167,32.57000000,3.62700000,134797669,134797670,1782864421436446,False,True
93521168,32.57000000,1.96100000,134797671,134797671,1782864426777289,True,True
93521169,32.58000000,1.55300000,134797672,134797672,1782864439028782,False,True
93521170,32.58000000,0.31800000,134797673,134797673,1782864449325281,False,True
93521171,32.58000000,1.00000000,134797674,134797674,1782864457079145,False,True
93521172,32.58000000,0.50800000,134797675,134797675,1782864463335470,False,True
93521173,32.58000000,1.53400000,134797676,134797676,1782864465998605,False,True
93521174,32.58000000,1.53500000,134797677,134797677,1782864468254395,False,True
93521175,32.58000000,10.17400000,134797678,134797678,1782864468257089,False,True
93521176,32.59000000,1.91900000,134797679,134797680,1782864468258140,False,True
93521177,32.60000000,4.46500000,134797681,134797684,1782864468258140,False,True
93521178,32.61000000,8.96400000,134797685,134797688,1782864468258140,False,True
93521179,32.61000000,1.97200000,134797689,134797689,1782864468258390,False,True
93521180,32.61000000,7.23900000,134797690,134797691,1782864468258693,False,True
93521181,32.62000000,0.64400000,134797692,134797692,1782864468258693,False,True
93521182,32.60000000,0.16900000,134797693,134797693,1782864468260338,False,True
93521183,32.60000000,4.77900000,134797694,134797694,1782864468262190,False,True
93521184,32.61000000,3.60000000,134797695,134797695,1782864468262190,False,True
93521185,32.62000000,4.98500000,134797696,134797697,1782864468262190,False,True
93521186,32.62000000,2.67600000,134797698,134797698,1782864468262601,False,True
93521187,32.61000000,6.89600000,134797699,134797700,1782864468264268,False,True
93521188,32.60000000,9.93600000,134797701,134797703,1782864468266827,True,True
93521189,32.58000000,1.14300000,134797704,134797704,1782864470332126,True,True
93521190,32.58000000,1.92100000,134797705,134797705,1782864471776158,True,True
93521191,32.58000000,1.88600000,134797706,134797707,1782864486784660,True,True
93521192,32.59000000,1.52400000,134797708,134797708,1782864507796436,False,True
93521193,32.60000000,5.40800000,134797709,134797710,1782864508075639,False,True
93521194,32.60000000,11.19100000,134797711,134797711,1782864508247075,False,True
93521195,32.61000000,9.61300000,134797712,134797713,1782864508437344,False,True
93521196,32.61000000,2.20600000,134797714,134797714,1782864508440890,False,True
93521197,32.61000000,2.20600000,134797715,134797716,1782864508444031,False,True
93521198,32.61000000,1.37100000,134797717,134797717,1782864508447345,False,True
93521199,32.59000000,3.60000000,134797718,134797718,1782864513527457,False,True
93521200,32.60000000,21.87600000,134797719,134797721,1782864513527457,False,True
93521201,32.60000000,8.26000000,134797722,134797722,1782864535864683,False,True
93521202,32.61000000,4.45800000,134797723,134797723,1782864535864683,False,True
93521203,32.61000000,2.89100000,134797724,134797725,1782864535864970,False,True
93521204,32.62000000,2.22400000,134797726,134797728,1782864535864970,False,True
93521205,32.62000000,2.00700000,134797729,134797730,1782864535865047,False,True
93521206,32.63000000,7.94000000,134797731,134797733,1782864535865047,False,True
93521207,32.63000000,7.03700000,134797734,134797735,1782864535865300,False,True
93521208,32.63000000,3.06100000,134797736,134797736,1782864535865962,False,True
93521209,32.64000000,6.48800000,134797737,134797740,1782864535865962,False,True
93521210,32.64000000,10.03500000,134797741,134797741,1782864535865986,False,True
93521211,32.62000000,0.16900000,134797742,134797742,1782864535866655,False,True
93521212,32.61000000,1.12200000,134797743,134797743,1782864536777574,True,True
93521213,32.60000000,1.55800000,134797744,134797744,1782864546783239,True,True
93521214,32.60000000,0.23000000,134797745,134797745,1782864571781766,True,True
93521215,32.59000000,1.12600000,134797746,134797746,1782864571781766,True,True
93521216,32.58000000,0.63400000,134797747,134797748,1782864588605333,True,True
93521217,32.55000000,8.26300000,134797749,134797751,1782864600120446,True,True
93521218,32.54000000,2.44200000,134797752,134797752,1782864606787943,True,True
93521219,32.57000000,0.23100000,134797753,134797753,1782864631442282,False,True
93521220,32.58000000,4.34600000,134797754,134797755,1782864631442282,False,True
93521221,32.58000000,5.87100000,134797756,134797757,1782864631503038,False,True
93521222,32.58000000,9.54600000,134797758,134797758,1782864631504841,False,True
93521223,32.59000000,4.36100000,134797759,134797761,1782864631504841,False,True
93521224,32.59000000,3.52400000,134797762,134797762,1782864631505099,False,True
93521225,32.59000000,7.15300000,134797763,134797763,1782864631506886,False,True
93521226,32.59000000,14.83400000,134797764,134797766,1782864631508428,False,True
93521227,32.59000000,3.60000000,134797767,134797767,1782864631538264,False,True
93521228,32.60000000,5.43500000,134797768,134797769,1782864631538264,False,True
93521229,32.60000000,9.82300000,134797770,134797771,1782864631547317,False,True
93521230,32.60000000,1.19500000,134797772,134797772,1782864641619487,False,True
93521231,32.60000000,0.73700000,134797773,134797773,1782864648926775,False,True
93521232,32.60000000,14.98700000,134797774,134797775,1782864653508357,False,True
93521233,32.60000000,0.57700000,134797776,134797776,1782864653508566,False,True
93521234,32.61000000,8.99300000,134797777,134797779,1782864653508566,False,True
93521235,32.61000000,11.27000000,134797780,134797780,1782864653508680,False,True
93521236,32.62000000,14.73800000,134797781,134797784,1782864653512292,False,True
93521237,32.62000000,9.97200000,134797785,134797787,1782864653512666,False,True
93521238,32.62000000,5.19900000,134797788,134797788,1782864653512933,False,True
93521239,32.62000000,0.16900000,134797789,134797789,1782864653514190,False,True
93521240,32.62000000,2.30900000,134797790,134797790,1782864653514326,False,True
93521241,32.61000000,1.06400000,134797791,134797791,1782864656775188,True,True
93521242,32.62000000,1.59200000,134797792,134797792,1782864658014689,False,True
93521243,32.63000000,3.60000000,134797793,134797793,1782864658048177,False,True
93521244,32.64000000,6.40500000,134797794,134797798,1782864658048177,False,True
93521245,32.64000000,2.51800000,134797799,134797799,1782864658048353,False,True
93521246,32.65000000,5.65500000,134797800,134797801,1782864658048353,False,True
93521247,32.65000000,14.83700000,134797802,134797806,1782864658049187,False,True
93521248,32.63000000,0.16900000,134797807,134797807,1782864658049940,False,True
93521249,32.60000000,1.52700000,134797808,134797808,1782864666775726,True,True
93521250,32.60000000,1.21800000,134797809,134797809,1782864686788479,True,True
93521251,32.60000000,2.43200000,134797810,134797810,1782864706313768,True,True
93521252,32.60000000,7.02400000,134797811,134797811,1782864707213157,True,True
93521253,32.60000000,3.60000000,134797812,134797812,1782864710479124,False,True
93521254,32.60000000,2.40300000,134797813,134797813,1782864716775301,True,True
93521255,32.60000000,23.11600000,134797814,134797814,1782864724485071,True,True
93521256,32.60000000,0.30600000,134797815,134797815,1782864724488294,True,True
93521257,32.60000000,4.56700000,134797816,134797816,1782864725256760,True,True
93521258,32.60000000,3.80400000,134797817,134797818,1782864725332009,True,True
93521259,32.60000000,2.53300000,134797819,134797819,1782864726782103,True,True
93521260,32.61000000,5.59900000,134797820,134797821,1782864741910677,False,True
93521261,32.61000000,6.62800000,134797822,134797822,1782864741911715,False,True
93521262,32.61000000,6.12400000,134797823,134797823,1782864741911912,False,True
93521263,32.62000000,3.65600000,134797824,134797824,1782864741911912,False,True
93521264,32.62000000,4.58000000,134797825,134797825,1782864741912333,False,True
93521265,32.62000000,7.11700000,134797826,134797827,1782864741912892,False,True
93521266,32.62000000,5.18100000,134797828,134797828,1782864741913613,False,True
93521267,32.62000000,10.73400000,134797829,134797830,1782864741913993,False,True
93521268,32.62000000,3.65600000,134797831,134797831,1782864741915673,False,True
93521269,32.63000000,3.43900000,134797832,134797832,1782864741917150,False,True
93521270,32.63000000,4.58000000,134797833,134797833,1782864741918590,False,True
93521271,32.63000000,2.89600000,134797834,134797834,1782864741919127,False,True
93521272,32.61000000,6.56300000,134797835,134797836,1782864741920230,True,True
93521273,32.61000000,4.90600000,134797837,134797837,1782864757532064,False,True
93521274,32.61000000,7.41300000,134797838,134797838,1782864757532811,False,True
93521275,32.61000000,6.85700000,134797839,134797840,1782864757532838,False,True
93521276,32.62000000,4.71200000,134797841,134797842,1782864757532838,False,True
93521277,32.63000000,7.12700000,134797843,134797843,1782864757536675,False,True
93521278,32.63000000,3.14400000,134797844,134797844,1782864757537146,False,True
93521279,32.63000000,7.73100000,134797845,134797846,1782864757538481,False,True
93521280,32.63000000,2.54000000,134797847,134797847,1782864757538796,False,True
93521281,32.63000000,1.32400000,134797848,134797848,1782864757538997,False,True
93521282,32.59000000,1.70100000,134797849,134797849,1782864770990427,True,True
93521283,32.59000000,7.92400000,134797850,134797850,1782864770994377,True,True
93521284,32.59000000,1.04000000,134797851,134797851,1782864776775193,True,True
93521285,32.59000000,6.09300000,134797852,134797853,1782864778554286,True,True
93521286,32.59000000,0.61200000,134797854,134797854,1782864778565930,True,True
93521287,32.59000000,0.61200000,134797855,134797855,1782864778566746,True,True
93521288,32.59000000,1.09100000,134797856,134797856,1782864778582403,True,True
93521289,32.59000000,2.34400000,134797857,134797858,1782864778584144,True,True
93521290,32.59000000,1.25300000,134797859,134797859,1782864778634178,True,True
93521291,32.59000000,0.71500000,134797860,134797860,1782864778634919,True,True
93521292,32.59000000,0.50900000,134797861,134797861,1782864778635987,True,True
93521293,32.59000000,1.09100000,134797862,134797862,1782864778636267,True,True
93521294,32.59000000,1.62900000,134797863,134797863,1782864778636270,True,True
93521295,32.59000000,0.61200000,134797864,134797864,1782864778636322,True,True
93521296,32.59000000,0.48000000,134797865,134797865,1782864778637304,True,True
93521297,32.59000000,0.20400000,134797866,134797866,1782864778660861,True,True
93521298,32.59000000,1.19300000,134797867,134797867,1782864778661138,True,True
93521299,32.59000000,0.16400000,134797868,134797868,1782864778661144,True,True
93521300,32.58000000,0.55100000,134797869,134797870,1782864778661144,True,True
93521301,32.58000000,1.15100000,134797871,134797872,1782864778661175,True,True
93521302,32.58000000,0.43600000,134797873,134797873,1782864778661267,True,True
93521303,32.58000000,0.48000000,134797874,134797874,1782864778661352,True,True
93521304,32.58000000,1.19300000,134797875,134797875,1782864778661438,True,True
93521305,32.58000000,0.50900000,134797876,134797877,1782864778661611,True,True
93521306,32.58000000,0.61200000,134797878,134797878,1782864778661615,True,True
93521307,32.57000000,0.16900000,134797879,134797879,1782864778663907,True,True
93521308,32.57000000,2.26100000,134797880,134797880,1782864786782766,True,True
93521309,32.60000000,0.17100000,134797881,134797881,1782864801384618,False,True
93521310,32.60000000,0.47200000,134797882,134797882,1782864801842975,False,True
93521311,32.61000000,10.46700000,134797883,134797891,1782864812158462,False,True
93521312,32.61000000,7.42800000,134797892,134797898,1782864812160349,False,True
93521313,32.61000000,2.30700000,134797899,134797900,1782864812160411,False,True
93521314,32.62000000,9.96900000,134797901,134797905,1782864812160411,False,True
93521315,32.63000000,1.54500000,134797906,134797906,1782864812160411,False,True
93521316,32.62000000,11.21100000,134797907,134797908,1782864812195501,False,True
93521317,32.62000000,13.37600000,134797909,134797912,1782864812212814,False,True
93521318,32.63000000,0.15300000,134797913,134797913,1782864815578149,False,True
93521319,32.63000000,0.20600000,134797914,134797914,1782864826139783,False,True
93521320,32.63000000,0.20600000,134797915,134797915,1782864826143300,False,True
93521321,32.63000000,0.20600000,134797916,134797916,1782864826146338,False,True
93521322,32.63000000,0.20600000,134797917,134797917,1782864826149487,False,True
93521323,32.63000000,0.20600000,134797918,134797918,1782864826152333,False,True
93521324,32.63000000,0.20600000,134797919,134797919,1782864826154912,False,True
93521325,32.63000000,0.20600000,134797920,134797920,1782864826158294,False,True
93521326,32.63000000,0.20600000,134797921,134797921,1782864826161066,False,True
93521327,32.63000000,0.20600000,134797922,134797922,1782864826163842,False,True
93521328,32.63000000,0.20600000,134797923,134797923,1782864826166923,False,True
93521329,32.63000000,0.20600000,134797924,134797924,1782864826170102,False,True
93521330,32.63000000,0.20600000,134797925,134797925,1782864826172827,False,True
93521331,32.63000000,0.20600000,134797926,134797926,1782864826175707,False,True
93521332,32.63000000,0.20600000,134797927,134797927,1782864826178651,False,True
93521333,32.63000000,0.20600000,134797928,134797928,1782864826181650,False,True
93521334,32.63000000,0.20600000,134797929,134797929,1782864826184707,False,True
93521335,32.63000000,0.20600000,134797930,134797930,1782864826187583,False,True
93521336,32.63000000,0.20600000,134797931,134797931,1782864826190600,False,True
93521337,32.63000000,0.20600000,134797932,134797932,1782864826193739,False,True
93521338,32.63000000,0.20600000,134797933,134797933,1782864826196576,False,True
93521339,32.63000000,0.20600000,134797934,134797934,1782864826199657,False,True
93521340,32.63000000,0.20600000,134797935,134797935,1782864826203014,False,True
93521341,32.63000000,0.20600000,134797936,134797936,1782864826205799,False,True
93521342,32.63000000,0.20600000,134797937,134797937,1782864826208513,False,True
93521343,32.63000000,0.20600000,134797938,134797938,1782864826211378,False,True
93521344,32.63000000,0.20600000,134797939,134797939,1782864826214196,False,True
93521345,32.63000000,0.20600000,134797940,134797940,1782864826217212,False,True
93521346,32.63000000,0.20600000,134797941,134797941,1782864826220200,False,True
93521347,32.63000000,0.20600000,134797942,134797942,1782864826222879,False,True
93521348,32.63000000,0.20600000,134797943,134797943,1782864826225717,False,True
93521349,32.63000000,0.20600000,134797944,134797944,1782864826228604,False,True
93521350,32.63000000,0.20600000,134797945,134797945,1782864826231052,False,True
93521351,32.63000000,0.20600000,134797946,134797946,1782864826233737,False,True
93521352,32.63000000,0.20600000,134797947,134797947,1782864826236462,False,True
93521353,32.63000000,0.20600000,134797948,134797948,1782864826239297,False,True
93521354,32.63000000,0.20600000,134797949,134797949,1782864826242483,False,True
93521355,32.63000000,0.20600000,134797950,134797950,1782864826245153,False,True
93521356,32.63000000,0.20600000,134797951,134797951,1782864826247800,False,True
93521357,32.63000000,0.20600000,134797952,134797952,1782864826250775,False,True
93521358,32.63000000,0.20600000,134797953,134797953,1782864826253861,False,True
93521359,32.63000000,0.20600000,134797954,134797954,1782864826257456,False,True
93521360,32.63000000,0.20600000,134797955,134797955,1782864826260402,False,True
93521361,32.63000000,0.20600000,134797956,134797956,1782864826263868,False,True
93521362,32.63000000,0.20600000,134797957,134797957,1782864826267406,False,True
93521363,32.63000000,0.20600000,134797958,134797958,1782864826270491,False,True
93521364,32.63000000,0.20600000,134797959,134797959,1782864826273635,False,True
93521365,32.63000000,0.20600000,134797960,134797960,1782864826276887,False,True
93521366,32.63000000,0.20600000,134797961,134797961,1782864826279673,False,True
93521367,32.63000000,0.20600000,134797962,134797962,1782864826282904,False,True
93521368,32.63000000,0.20600000,134797963,134797963,1782864826285980,False,True
93521369,32.63000000,0.20600000,134797964,134797964,1782864826288879,False,True
93521370,32.63000000,0.20600000,134797965,134797965,1782864826291690,False,True
93521371,32.63000000,0.27000000,134797966,134797966,1782864826644998,False,True
93521372,32.63000000,0.27000000,134797967,134797967,1782864826648528,False,True
93521373,32.63000000,0.27000000,134797968,134797968,1782864826651925,False,True
93521374,32.63000000,0.27000000,134797969,134797969,1782864826654915,False,True
93521375,32.63000000,0.27000000,134797970,134797970,1782864826658642,False,True
93521376,32.63000000,0.27000000,134797971,134797971,1782864826661862,False,True
93521377,32.63000000,0.27000000,134797972,134797972,1782864826665271,False,True
93521378,32.63000000,0.27000000,134797973,134797973,1782864826669080,False,True
93521379,32.63000000,0.27000000,134797974,134797974,1782864826672685,False,True
93521380,32.63000000,0.27000000,134797975,134797975,1782864826676064,False,True
93521381,32.63000000,0.27000000,134797976,134797976,1782864826679797,False,True
93521382,32.63000000,0.27000000,134797977,134797977,1782864826682912,False,True
93521383,32.63000000,0.27000000,134797978,134797978,1782864826686487,False,True
93521384,32.63000000,0.27000000,134797979,134797979,1782864826690155,False,True
93521385,32.63000000,0.27000000,134797980,134797980,1782864826693650,False,True
93521386,32.63000000,0.27000000,134797981,134797981,1782864826697109,False,True
93521387,32.63000000,0.27000000,134797982,134797982,1782864826700881,False,True
93521388,32.63000000,0.27000000,134797983,134797983,1782864826704730,False,True
93521389,32.63000000,0.27000000,134797984,134797984,1782864826707969,False,True
93521390,32.63000000,0.27000000,134797985,134797985,1782864826711130,False,True
93521391,32.63000000,0.27000000,134797986,134797986,1782864826714906,False,True
93521392,32.63000000,0.23200000,134797987,134797987,1782864826718203,False,True
93521393,32.63000000,0.23200000,134797988,134797988,1782864826721232,False,True
93521394,32.63000000,0.23200000,134797989,134797989,1782864826724180,False,True
93521395,32.63000000,0.23200000,134797990,134797990,1782864826727014,False,True
93521396,32.63000000,0.23200000,134797991,134797992,1782864826729948,False,True
93521397,32.62000000,2.59900000,134797993,134797993,1782864826790853,True,True
93521398,32.63000000,9.08200000,134797994,134797995,1782864828409981,False,True
93521399,32.63000000,0.99100000,134797996,134797996,1782864828410386,False,True
93521400,32.64000000,6.15200000,134797997,134797999,1782864828410386,False,True
93521401,32.64000000,6.34100000,134798000,134798000,1782864828411001,False,True
93521402,32.64000000,10.69700000,134798001,134798002,1782864835352615,False,True
93521403,32.64000000,4.56100000,134798003,134798003,1782864835353749,False,True
93521404,32.64000000,10.59000000,134798004,134798004,1782864835354122,False,True
93521405,32.64000000,0.16700000,134798005,134798005,1782864835354970,False,True
93521406,32.65000000,3.99900000,134798006,134798008,1782864835354970,False,True
93521407,32.66000000,3.91700000,134798009,134798011,1782864835354970,False,True
93521408,32.65000000,0.16900000,134798012,134798012,1782864835356462,False,True
93521409,32.65000000,0.54200000,134798013,134798013,1782864835362977,False,True
93521410,32.66000000,5.87300000,134798014,134798015,1782864835362977,False,True
93521411,32.65000000,9.70000000,134798016,134798016,1782864835364326,False,True
93521412,32.65000000,3.39400000,134798017,134798017,1782864835364755,False,True
93521413,32.65000000,7.40100000,134798018,134798018,1782864835364834,False,True
93521414,32.66000000,3.30800000,134798019,134798020,1782864835364834,False,True
93521415,32.65000000,3.71200000,134798021,134798021,1782864846784056,True,True
93521416,32.67000000,6.44300000,134798022,134798022,1782864886759478,False,True
93521417,32.67000000,4.12700000,134798023,134798024,1782864886762467,False,True
93521418,32.67000000,2.31600000,134798025,134798025,1782864886762676,False,True
93521419,32.67000000,0.56700000,134798026,134798026,1782864886765646,False,True
93521420,32.67000000,2.25900000,134798027,134798028,1782864886766116,False,True
93521421,32.67000000,3.56000000,134798029,134798029,1782864886767053,False,True
93521422,32.67000000,0.56600000,134798030,134798030,1782864886768886,False,True
93521423,32.67000000,0.56700000,134798031,134798031,1782864886770219,False,True
93521424,32.67000000,1.69200000,134798032,134798033,1782864886770375,False,True
93521425,32.66000000,3.29900000,134798034,134798034,1782864886788334,True,True
93521426,32.67000000,1.67400000,134798035,134798035,1782864890930651,False,True
93521427,32.67000000,1.53200000,134798036,134798036,1782864890936633,False,True
93521428,32.67000000,1.67400000,134798037,134798037,1782864890938236,False,True
93521429,32.67000000,1.53200000,134798038,134798039,1782864890939745,False,True
93521430,32.67000000,1.67400000,134798040,134798040,1782864890941483,False,True
93521431,32.67000000,1.06100000,134798041,134798041,1782864890942977,False,True
93521432,32.67000000,0.47100000,134798042,134798042,1782864890944378,False,True
93521433,32.67000000,1.67400000,134798043,134798043,1782864890945743,False,True
93521434,32.67000000,1.06100000,134798044,134798044,1782864890946381,False,True
93521435,32.67000000,0.19000000,134798045,134798045,1782864890947624,False,True
93521436,32.67000000,0.33800000,134798046,134798046,1782864890948104,False,True
93521437,32.67000000,1.67400000,134798047,134798048,1782864890949332,False,True
93521438,32.67000000,1.06100000,134798049,134798049,1782864890950924,False,True
93521439,32.67000000,0.19000000,134798050,134798050,1782864890951096,False,True
93521440,32.67000000,0.33800000,134798051,134798051,1782864890952119,False,True
93521441,32.67000000,1.60400000,134798052,134798052,1782864890953339,False,True
93521442,32.67000000,1.06100000,134798053,134798053,1782864890954591,False,True
93521443,32.67000000,0.19000000,134798054,134798054,1782864890954759,False,True
93521444,32.67000000,0.33800000,134798055,134798055,1782864890956066,False,True
93521445,32.67000000,1.60400000,134798056,134798056,1782864890957341,False,True
93521446,32.67000000,1.06100000,134798057,134798057,1782864890958718,False,True
93521447,32.67000000,0.19000000,134798058,134798058,1782864890958902,False,True
93521448,32.67000000,0.33800000,134798059,134798059,1782864890960057,False,True
93521449,32.67000000,1.60400000,134798060,134798060,1782864890961235,False,True
93521450,32.67000000,1.06100000,134798061,134798062,1782864890962511,False,True
93521451,32.67000000,0.19000000,134798063,134798063,1782864890962660,False,True
93521452,32.67000000,0.33800000,134798064,134798064,1782864890963619,False,True
93521453,32.67000000,1.41700000,134798065,134798065,1782864890964659,False,True
93521454,32.67000000,0.31200000,134798066,134798066,1782864890964930,False,True
93521455,32.67000000,0.19000000,134798067,134798067,1782864890966370,False,True
93521456,32.67000000,1.02700000,134798068,134798068,1782864890967661,False,True
93521457,32.67000000,0.33800000,134798069,134798069,1782864890968016,False,True
93521458,32.67000000,1.41700000,134798070,134798070,1782864890969269,False,True
93521459,32.67000000,0.31200000,134798071,134798071,1782864890969392,False,True
93521460,32.67000000,0.19000000,134798072,134798072,1782864890969750,False,True
93521461,32.67000000,1.02700000,134798073,134798074,1782864890971045,False,True
93521462,32.67000000,0.33800000,134798075,134798075,1782864890972478,False,True
93521463,32.67000000,1.41700000,134798076,134798076,1782864890974054,False,True
93521464,32.67000000,0.31200000,134798077,134798077,1782864890974246,False,True
93521465,32.67000000,0.19000000,134798078,134798078,1782864890974560,False,True
93521466,32.67000000,0.25200000,134798079,134798079,1782864890975494,False,True
93521467,32.67000000,0.77500000,134798080,134798080,1782864890975741,False,True
93521468,32.67000000,0.33800000,134798081,134798081,1782864890975929,False,True
93521469,32.67000000,1.41700000,134798082,134798082,1782864890977127,False,True
93521470,32.67000000,0.31200000,134798083,134798083,1782864890978476,False,True
93521471,32.67000000,0.19000000,134798084,134798084,1782864890979767,False,True
93521472,32.67000000,0.25200000,134798085,134798085,1782864890979951,False,True
93521473,32.67000000,0.77500000,134798086,134798086,1782864890980222,False,True
93521474,32.67000000,0.33800000,134798087,134798087,1782864890980359,False,True
93521475,32.67000000,1.19400000,134798088,134798088,1782864890981041,False,True
93521476,32.66000000,1.04800000,134798089,134798089,1782864900651579,True,True
93521477,32.67000000,7.82400000,134798090,134798090,1782864903710842,False,True
93521478,32.67000000,4.08400000,134798091,134798091,1782864903711608,False,True
93521479,32.68000000,0.71400000,134798092,134798094,1782864903711608,False,True
93521480,32.69000000,1.09600000,134798095,134798096,1782864903711608,False,True
93521481,32.69000000,4.67400000,134798097,134798097,1782864903711814,False,True
93521482,32.68000000,3.04000000,134798098,134798099,1782864903747107,False,True
93521483,32.68000000,1.80700000,134798100,134798101,1782864903750420,False,True
93521484,32.68000000,1.23300000,134798102,134798103,1782864903751829,False,True
93521485,32.68000000,0.16500000,134798104,134798104,1782864903753912,False,True
93521486,32.68000000,1.06800000,134798105,134798106,1782864903754001,False,True
93521487,32.68000000,0.57400000,134798107,134798107,1782864903755631,False,True
93521488,32.68000000,0.57400000,134798108,134798108,1782864903755758,False,True
93521489,32.68000000,0.65900000,134798109,134798110,1782864903756002,False,True
93521490,32.68000000,0.16500000,134798111,134798111,1782864903757095,False,True
93521491,32.68000000,0.98300000,134798112,134798112,1782864903757524,False,True
93521492,32.68000000,0.65900000,134798113,134798113,1782864903759182,False,True
93521493,32.68000000,0.33400000,134798114,134798115,1782864903760728,False,True
93521494,32.68000000,0.49100000,134798116,134798116,1782864903760822,False,True
93521495,32.68000000,0.98300000,134798117,134798117,1782864903761927,False,True
93521496,32.68000000,0.65900000,134798118,134798119,1782864903763080,False,True
93521497,32.68000000,0.57400000,134798120,134798120,1782864903763534,False,True
93521498,32.68000000,0.31600000,134798121,134798121,1782864903764335,False,True
93521499,32.68000000,0.49100000,134798122,134798123,1782864903764519,False,True
93521500,32.68000000,0.98300000,134798124,134798124,1782864903764830,False,True
93521501,32.68000000,0.53900000,134798125,134798125,1782864903766501,False,True
93521502,32.68000000,0.57400000,134798126,134798127,1782864903767764,False,True
93521503,32.68000000,0.48000000,134798128,134798128,1782864903769093,False,True
93521504,32.68000000,0.29700000,134798129,134798129,1782864903769341,False,True
93521505,32.66000000,2.65100000,134798130,134798130,1782864906785853,True,True
93521506,32.68000000,10.37900000,134798131,134798137,1782864909867825,False,True
93521507,32.68000000,1.13400000,134798138,134798138,1782864909868202,False,True
93521508,32.69000000,6.01700000,134798139,134798139,1782864909868202,False,True
93521509,32.69000000,5.45500000,134798140,134798140,1782864909868224,False,True
93521510,32.69000000,0.23100000,134798141,134798141,1782864909869692,False,True
93521511,32.69000000,2.50400000,134798142,134798144,1782864910741568,False,True
93521512,32.70000000,0.46200000,134798145,134798146,1782864910741568,False,True
93521513,32.71000000,4.65700000,134798147,134798148,1782864910741568,False,True
93521514,32.71000000,7.33400000,134798149,134798149,1782864910743226,False,True
93521515,32.70000000,6.16000000,134798150,134798150,1782864914468921,False,True
93521516,32.70000000,9.13000000,134798151,134798151,1782864914468958,False,True
93521517,32.71000000,2.15400000,134798152,134798153,1782864914468958,False,True
93521518,32.71000000,3.30300000,134798154,134798154,1782864914469159,False,True
93521519,32.72000000,2.55400000,134798155,134798157,1782864914469159,False,True
93521520,32.71000000,6.88700000,134798158,134798160,1782864916101260,False,True
93521521,32.71000000,2.24500000,134798161,134798161,1782864916123503,False,True
93521522,32.71000000,0.78000000,134798162,134798163,1782864916128790,False,True
93521523,32.71000000,3.05400000,134798164,134798165,1782864916130635,False,True
93521524,32.71000000,0.80800000,134798166,134798166,1782864916130899,False,True
93521525,32.71000000,2.24500000,134798167,134798168,1782864916164005,False,True
93521526,32.71000000,0.75100000,134798169,134798169,1782864916165575,False,True
93521527,32.71000000,0.75100000,134798170,134798170,1782864916165780,False,True
93521528,32.71000000,0.80800000,134798171,134798172,1782864916165960,False,True
93521529,32.71000000,2.30300000,134798173,134798174,1782864916166364,False,True
93521530,32.71000000,1.49500000,134798175,134798175,1782864916185440,False,True
93521531,32.71000000,0.39500000,134798176,134798177,1782864916186186,False,True
93521532,32.71000000,0.75000000,134798178,134798178,1782864916186625,False,True
93521533,32.71000000,0.80200000,134798179,134798180,1782864916187066,False,True
93521534,32.71000000,0.35600000,134798181,134798181,1782864916187138,False,True
93521535,32.71000000,0.75100000,134798182,134798182,1782864916187564,False,True
93521536,32.71000000,1.90700000,134798183,134798184,1782864916187844,False,True
93521537,32.71000000,0.40100000,134798185,134798185,1782864916188051,False,True
93521538,32.71000000,1.49600000,134798186,134798187,1782864916201063,False,True
93521539,32.71000000,0.50600000,134798188,134798188,1782864916201978,False,True
93521540,32.71000000,0.38300000,134798189,134798190,1782864916202750,False,True
93521541,32.71000000,0.75000000,134798191,134798191,1782864916202883,False,True
93521542,32.71000000,0.26900000,134798192,134798192,1782864916203045,False,True
93521543,32.71000000,0.38300000,134798193,134798193,1782864916203425,False,True
93521544,32.71000000,0.75100000,134798194,134798195,1782864916203546,False,True
93521545,32.71000000,0.77400000,134798196,134798196,1782864916204052,False,True
93521546,32.71000000,1.13300000,134798197,134798198,1782864916204200,False,True
93521547,32.71000000,0.40100000,134798199,134798199,1782864916204514,False,True
93521548,32.71000000,1.12200000,134798200,134798200,1782864916209980,False,True
93521549,32.71000000,0.37400000,134798201,134798202,1782864916211166,False,True
93521550,32.71000000,0.50600000,134798203,134798203,1782864916211319,False,True
93521551,32.71000000,0.26900000,134798204,134798204,1782864916224046,False,True
93521552,32.71000000,0.28000000,134798205,134798205,1782864916224306,False,True
93521553,32.71000000,0.85300000,134798206,134798206,1782864916224489,False,True
93521554,32.71000000,0.38300000,134798207,134798207,1782864916224759,False,True
93521555,32.71000000,0.40300000,134798208,134798208,1782864916224911,False,True
93521556,32.71000000,0.34800000,134798209,134798209,1782864916225136,False,True
93521557,32.71000000,0.77400000,134798210,134798211,1782864916225248,False,True
93521558,32.71000000,0.78600000,134798212,134798212,1782864916225532,False,True
93521559,32.71000000,0.34700000,134798213,134798213,1782864916225645,False,True
93521560,32.71000000,0.40100000,134798214,134798214,1782864916225892,False,True
93521561,32.71000000,0.53800000,134798215,134798215,1782864916226059,False,True
93521562,32.71000000,0.41400000,134798216,134798216,1782864916234030,False,True
93521563,32.71000000,0.41400000,134798217,134798218,1782864916246104,False,True
93521564,32.71000000,0.20600000,134798219,134798219,1782864916249730,False,True
93521565,32.71000000,0.20800000,134798220,134798220,1782864916251222,False,True
93521566,32.71000000,0.20600000,134798221,134798221,1782864916252996,False,True
93521567,32.71000000,0.20800000,134798222,134798222,1782864916254707,False,True
93521568,32.71000000,0.20600000,134798223,134798223,1782864916256615,False,True
93521569,32.71000000,0.20800000,134798224,134798224,1782864916258345,False,True
93521570,32.71000000,0.20600000,134798225,134798225,1782864916259805,False,True
93521571,32.71000000,0.20800000,134798226,134798226,1782864916263317,False,True
93521572,32.71000000,0.20600000,134798227,134798227,1782864916264600,False,True
93521573,32.71000000,0.20800000,134798228,134798228,1782864916266569,False,True
93521574,32.71000000,0.20600000,134798229,134798229,1782864916269724,False,True
93521575,32.71000000,0.20800000,134798230,134798230,1782864916271634,False,True
93521576,32.71000000,0.20600000,134798231,134798232,1782864916273141,False,True
93521577,32.71000000,0.20800000,134798233,134798233,1782864916274557,False,True
93521578,32.71000000,0.28300000,134798234,134798234,1782864916277924,False,True
93521579,32.71000000,0.28300000,134798235,134798235,1782864916281862,False,True
93521580,32.71000000,0.28300000,134798236,134798236,1782864916284793,False,True
93521581,32.71000000,0.28300000,134798237,134798237,1782864916287855,False,True
93521582,32.71000000,0.28300000,134798238,134798238,1782864916291504,False,True
93521583,32.71000000,0.28300000,134798239,134798239,1782864916294437,False,True
93521584,32.71000000,0.28300000,134798240,134798240,1782864916297650,False,True
93521585,32.71000000,0.28300000,134798241,134798241,1782864916300953,False,True
93521586,32.71000000,0.28300000,134798242,134798242,1782864916304373,False,True
93521587,32.71000000,0.28300000,134798243,134798243,1782864916307744,False,True
93521588,32.71000000,0.28300000,134798244,134798244,1782864916310889,False,True
93521589,32.71000000,0.28300000,134798245,134798245,1782864916314120,False,True
93521590,32.71000000,0.28300000,134798246,134798246,1782864916318695,False,True
93521591,32.71000000,0.28300000,134798247,134798247,1782864916321486,False,True
93521592,32.71000000,0.28300000,134798248,134798249,1782864916324763,False,True
93521593,32.71000000,0.21200000,134798250,134798250,1782864916327446,False,True
93521594,32.71000000,0.17600000,134798251,134798251,1782864916330578,False,True
93521595,32.71000000,0.21200000,134798252,134798252,1782864916333837,False,True
93521596,32.71000000,0.21200000,134798253,134798253,1782864916337494,False,True
93521597,32.71000000,0.21200000,134798254,134798254,1782864916340799,False,True
93521598,32.71000000,0.21200000,134798255,134798255,1782864916343788,False,True
93521599,32.71000000,0.21200000,134798256,134798256,1782864916347383,False,True
93521600,32.71000000,0.21200000,134798257,134798257,1782864916350614,False,True
93521601,32.71000000,0.21200000,134798258,134798258,1782864916353906,False,True
93521602,32.71000000,0.21200000,134798259,134798259,1782864916357378,False,True
93521603,32.71000000,0.21200000,134798260,134798260,1782864916360670,False,True
93521604,32.71000000,0.21200000,134798261,134798261,1782864916363973,False,True
93521605,32.71000000,0.21200000,134798262,134798262,1782864916367420,False,True
93521606,32.71000000,0.21200000,134798263,134798264,1782864916370570,False,True
93521607,32.71000000,0.19800000,134798265,134798265,1782864916374157,False,True
93521608,32.71000000,0.19800000,134798266,134798266,1782864916377641,False,True
93521609,32.71000000,0.19800000,134798267,134798267,1782864916381024,False,True
93521610,32.71000000,0.19800000,134798268,134798268,1782864916384540,False,True
93521611,32.71000000,0.19800000,134798269,134798269,1782864916387538,False,True
93521612,32.71000000,0.19800000,134798270,134798270,1782864916393519,False,True
93521613,32.71000000,0.19800000,134798271,134798271,1782864916399744,False,True
93521614,32.71000000,0.19800000,134798272,134798272,1782864916402944,False,True
93521615,32.71000000,0.19800000,134798273,134798274,1782864916406053,False,True
93521616,32.70000000,3.72000000,134798275,134798275,1782864921245278,True,True
93521617,32.70000000,3.72000000,134798276,134798276,1782864921245363,True,True
93521618,32.70000000,3.72000000,134798277,134798277,1782864921245446,True,True
93521619,32.70000000,3.72000000,134798278,134798279,1782864921245487,True,True
93521620,32.70000000,3.72100000,134798280,134798280,1782864921245570,True,True
93521621,32.70000000,0.00100000,134798281,134798281,1782864921245613,True,True
93521622,32.69000000,2.32500000,134798282,134798282,1782864921245613,True,True
93521623,32.69000000,2.32600000,134798283,134798284,1782864921245686,True,True
93521624,32.69000000,2.32600000,134798285,134798285,1782864921245755,True,True
93521625,32.69000000,0.23000000,134798286,134798286,1782864921245867,True,True
93521626,32.68000000,2.09600000,134798287,134798287,1782864921245867,True,True
93521627,32.68000000,2.32600000,134798288,134798289,1782864921245938,True,True
93521628,32.68000000,3.72000000,134798290,134798291,1782864921247145,True,True
93521629,32.68000000,2.32600000,134798292,134798292,1782864921247819,True,True
93521630,32.67000000,2.10800000,134798293,134798294,1782864941777665,True,True
93521631,32.67000000,2.81000000,134798295,134798295,1782864944560739,True,True
93521632,32.67000000,2.81000000,134798296,134798297,1782864944560741,True,True
93521633,32.67000000,4.49500000,134798298,134798298,1782864944560753,True,True
93521634,32.67000000,1.34600000,134798299,134798299,1782864944560858,True,True
93521635,32.66000000,0.46000000,134798300,134798301,1782864944560858,True,True
93521636,32.65000000,2.68900000,134798302,134798302,1782864944560858,True,True
93521637,32.65000000,4.49500000,134798303,134798305,1782864944560865,True,True
93521638,32.65000000,2.81000000,134798306,134798306,1782864944560867,True,True
93521639,32.65000000,2.81000000,134798307,134798307,1782864944560881,True,True
93521640,32.65000000,2.81000000,134798308,134798308,1782864944560949,True,True
93521641,32.65000000,4.49500000,134798309,134798309,1782864944561113,True,True
93521642,32.65000000,4.49500000,134798310,134798310,1782864944561188,True,True
93521643,32.65000000,4.49500000,134798311,134798311,1782864944561251,True,True
93521644,32.65000000,2.81000000,134798312,134798312,1782864944561326,True,True
93521645,32.65000000,3.52800000,134798313,134798313,1782864944563666,True,True
93521646,32.64000000,2.69700000,134798314,134798314,1782864946345881,True,True
93521647,32.64000000,1.13300000,134798315,134798316,1782864946347262,True,True
93521648,32.63000000,30.17600000,134798317,134798317,1782864963333643,False,True
93521649,32.63000000,16.00000000,134798318,134798318,1782864963333686,False,True
93521650,32.63000000,2.12000000,134798319,134798319,1782864966775803,True,True
93521651,32.63000000,2.95500000,134798320,134798320,1782864991782545,True,True
93521652,32.63000000,4.19000000,134798321,134798322,1782865016775298,True,True
93521653,32.64000000,0.17800000,134798323,134798323,1782865025204175,False,True
93521654,32.63000000,2.50100000,134798324,134798324,1782865026783002,True,True
93521655,32.62000000,1.90500000,134798325,134798327,1782865036011012,True,True
93521656,32.61000000,0.23000000,134798328,134798328,1782865036405015,True,True
93521657,32.63000000,4.73000000,134798329,134798332,1782865056591837,False,True
93521658,32.63000000,0.69600000,134798333,134798333,1782865056592512,False,True
93521659,32.63000000,10.40900000,134798334,134798334,1782865056594957,False,True
93521660,32.63000000,3.95800000,134798335,134798336,1782865056595798,False,True
93521661,32.64000000,3.49300000,134798337,134798338,1782865056595798,False,True
93521662,32.63000000,2.57100000,134798339,134798339,1782865056797789,True,True
93521663,32.61000000,1.54400000,134798340,134798340,1782865086782302,True,True
93521664,32.63000000,0.98000000,134798341,134798341,1782865090884372,False,True
93521665,32.61000000,1.19400000,134798342,134798342,1782865111781423,True,True
93521666,32.61000000,0.61200000,134798343,134798343,1782865118446814,True,True
93521667,32.61000000,2.82700000,134798344,134798344,1782865126797588,True,True
93521668,32.61000000,0.82200000,134798345,134798345,1782865133588491,True,True
93521669,32.61000000,0.82100000,134798346,134798346,1782865133590903,True,True
93521670,32.61000000,0.82100000,134798347,134798347,1782865133593571,True,True
93521671,32.61000000,0.50900000,134798348,134798348,1782865133595934,True,True
93521672,32.61000000,0.31200000,134798349,134798349,1782865133596153,True,True
93521673,32.61000000,0.50900000,134798350,134798350,1782865133598724,True,True
93521674,32.61000000,0.31200000,134798351,134798351,1782865133599659,True,True
93521675,32.61000000,0.50900000,134798352,134798352,1782865133601496,True,True
93521676,32.61000000,0.21700000,134798353,134798353,1782865133602459,True,True
93521677,32.61000000,0.60400000,134798354,134798356,1782865133603913,True,True
93521678,32.61000000,0.21700000,134798357,134798357,1782865133604821,True,True
93521679,32.61000000,0.49700000,134798358,134798358,1782865133606630,True,True
93521680,32.61000000,0.21700000,134798359,134798359,1782865133607581,True,True
93521681,32.61000000,0.49700000,134798360,134798360,1782865133609079,True,True
93521682,32.61000000,0.21700000,134798361,134798361,1782865133610139,True,True
93521683,32.61000000,0.49700000,134798362,134798362,1782865133611379,True,True
93521684,32.61000000,0.21700000,134798363,134798363,1782865133612550,True,True
93521685,32.61000000,0.48700000,134798364,134798364,1782865133613850,True,True
93521686,32.61000000,0.21700000,134798365,134798365,1782865133615601,True,True
93521687,32.61000000,0.48700000,134798366,134798366,1782865133616190,True,True
93521688,32.61000000,0.21700000,134798367,134798367,1782865133618023,True,True
93521689,32.61000000,0.48700000,134798368,134798368,1782865133619241,True,True
93521690,32.61000000,0.21700000,134798369,134798369,1782865133620625,True,True
93521691,32.61000000,0.48700000,134798370,134798370,1782865133621543,True,True
93521692,32.61000000,0.21700000,134798371,134798371,1782865133623518,True,True
93521693,32.61000000,0.15700000,134798372,134798372,1782865133623706,True,True
93521694,32.61000000,0.33000000,134798373,134798373,1782865133624017,True,True
93521695,32.61000000,0.21700000,134798374,134798374,1782865133625610,True,True
93521696,32.61000000,0.33000000,134798375,134798375,1782865133626634,True,True
93521697,32.61000000,0.15700000,134798376,134798376,1782865133628265,True,True
93521698,32.61000000,0.21700000,134798377,134798377,1782865133628298,True,True
93521699,32.61000000,0.33000000,134798378,134798378,1782865133629209,True,True
93521700,32.61000000,0.15700000,134798379,134798379,1782865133630803,True,True
93521701,32.61000000,0.42600000,134798380,134798380,1782865133632025,True,True
93521702,32.61000000,0.15700000,134798381,134798381,1782865133633224,True,True
93521703,32.61000000,0.42600000,134798382,134798382,1782865133634483,True,True
93521704,32.61000000,0.15700000,134798383,134798383,1782865133635434,True,True
93521705,32.61000000,0.42600000,134798384,134798384,1782865133636891,True,True
93521706,32.61000000,0.15700000,134798385,134798385,1782865133638042,True,True
93521707,32.61000000,0.31600000,134798386,134798386,1782865133639589,True,True
93521708,32.61000000,0.15700000,134798387,134798387,1782865133640596,True,True
93521709,32.61000000,0.31600000,134798388,134798388,1782865133642194,True,True
93521710,32.61000000,0.15700000,134798389,134798389,1782865133642995,True,True
93521711,32.61000000,0.31600000,134798390,134798390,1782865133645295,True,True
93521712,32.61000000,0.15700000,134798391,134798391,1782865133645464,True,True
93521713,32.61000000,0.31600000,134798392,134798392,1782865133647828,True,True
93521714,32.61000000,0.34900000,134798393,134798394,1782865133650143,True,True
93521715,32.61000000,0.34100000,134798395,134798395,1782865133652880,True,True
93521716,32.61000000,0.34100000,134798396,134798396,1782865133655177,True,True
93521717,32.61000000,0.34100000,134798397,134798397,1782865133657610,True,True
93521718,32.61000000,0.34100000,134798398,134798398,1782865133660082,True,True
93521719,32.61000000,0.19500000,134798399,134798399,1782865133662674,True,True
93521720,32.61000000,0.19500000,134798400,134798400,1782865133666553,True,True
93521721,32.61000000,0.19500000,134798401,134798401,1782865133671563,True,True
93521722,32.61000000,0.19500000,134798402,134798402,1782865133674700,True,True
93521723,32.61000000,0.19500000,134798403,134798403,1782865133677319,True,True
93521724,32.61000000,0.19500000,134798404,134798404,1782865133679956,True,True
93521725,32.61000000,0.19500000,134798405,134798405,1782865133682740,True,True
93521726,32.61000000,0.19500000,134798406,134798406,1782865133685385,True,True
93521727,32.61000000,0.19500000,134798407,134798407,1782865133687889,True,True
93521728,32.61000000,0.19500000,134798408,134798408,1782865133690275,True,True
93521729,32.61000000,0.19500000,134798409,134798409,1782865133693316,True,True
93521730,32.61000000,0.19500000,134798410,134798410,1782865133696571,True,True
93521731,32.61000000,0.19500000,134798411,134798411,1782865133699608,True,True
93521732,32.61000000,0.19500000,134798412,134798412,1782865133702633,True,True
93521733,32.61000000,0.19500000,134798413,134798413,1782865133705590,True,True
93521734,32.61000000,1.35200000,134798414,134798414,1782865137455615,True,True
93521735,32.61000000,1.35200000,134798415,134798415,1782865137458137,True,True
93521736,32.61000000,1.08300000,134798416,134798416,1782865137460819,True,True
93521737,32.61000000,0.26900000,134798417,134798417,1782865137460890,True,True
93521738,32.61000000,1.08300000,134798418,134798418,1782865137463774,True,True
93521739,32.61000000,0.26900000,134798419,134798419,1782865137464678,True,True
93521740,32.61000000,0.54400000,134798420,134798420,1782865137467215,True,True
93521741,32.61000000,0.53900000,134798421,134798421,1782865137467263,True,True
93521742,32.61000000,0.26900000,134798422,134798422,1782865137468135,True,True
93521743,32.61000000,0.54400000,134798423,134798423,1782865137470009,True,True
93521744,32.61000000,0.23300000,134798424,134798424,1782865137471531,True,True
93521745,32.61000000,0.26900000,134798425,134798425,1782865137471795,True,True
93521746,32.61000000,0.30600000,134798426,134798426,1782865137494602,True,True
93521747,32.61000000,0.30800000,134798427,134798427,1782865137496505,True,True
93521748,32.61000000,3.30400000,134798428,134798429,1782865143190611,True,True
93521749,32.61000000,2.34500000,134798430,134798430,1782865143190616,True,True
93521750,32.61000000,0.16500000,134798431,134798431,1782865143190641,True,True
93521751,32.60000000,1.94200000,134798432,134798432,1782865143190641,True,True
93521752,32.60000000,1.90900000,134798433,134798435,1782865143190645,True,True
93521753,32.60000000,1.31600000,134798436,134798436,1782865143190648,True,True
93521754,32.60000000,0.35400000,134798437,134798437,1782865143190666,True,True
93521755,32.60000000,0.82900000,134798438,134798438,1782865143190695,True,True
93521756,32.60000000,0.50500000,134798439,134798439,1782865143190701,True,True
93521757,32.60000000,1.67100000,134798440,134798440,1782865143190734,True,True
93521758,32.60000000,4.03200000,134798441,134798443,1782865143190865,True,True
93521759,32.60000000,2.12700000,134798444,134798444,1782865143190882,True,True
93521760,32.61000000,0.61400000,134798445,134798445,1782865143212992,True,True
93521761,32.61000000,0.58200000,134798446,134798446,1782865143217384,True,True
93521762,32.61000000,2.40400000,134798447,134798447,1782865146775611,True,True
93521763,32.60000000,0.40900000,134798448,134798448,1782865146775611,True,True
93521764,32.59000000,1.95700000,134798449,134798449,1782865167096762,False,True
93521765,32.61000000,5.83600000,134798450,134798451,1782865167161863,False,True
93521766,32.61000000,7.98200000,134798452,134798455,1782865167162055,False,True
93521767,32.61000000,1.22600000,134798456,134798457,1782865167166711,False,True
93521768,32.62000000,12.35900000,134798458,134798463,1782865167166711,False,True
93521769,32.62000000,0.16900000,134798464,134798464,1782865167168340,False,True
93521770,32.62000000,7.05900000,134798465,134798466,1782865167169222,False,True
93521771,32.62000000,14.42000000,134798467,134798471,1782865167170812,False,True
93521772,32.63000000,1.40200000,134798472,134798472,1782865167200001,False,True
93521773,32.63000000,0.33300000,134798473,134798473,1782865167200094,False,True
93521774,32.63000000,2.56900000,134798474,134798475,1782865167200271,False,True
93521775,32.63000000,1.32800000,134798476,134798476,1782865167200528,False,True
93521776,32.63000000,3.28600000,134798477,134798477,1782865167200719,False,True
93521777,32.63000000,4.61400000,134798478,134798478,1782865167201078,False,True
93521778,32.63000000,0.26200000,134798479,134798479,1782865167201352,False,True
93521779,32.61000000,1.26500000,134798480,134798480,1782865179183291,True,True
93521780,32.61000000,14.22800000,134798481,134798482,1782865179184516,True,True
93521781,32.61000000,16.00000000,134798483,134798484,1782865179184762,True,True
93521782,32.61000000,6.99400000,134798485,134798485,1782865179185928,True,True
93521783,32.60000000,0.45000000,134798486,134798486,1782865179187159,True,True
93521784,32.60000000,2.34800000,134798487,134798487,1782865181778371,True,True
93521785,32.59000000,2.18700000,134798488,134798488,1782865206784459,True,True
93521786,32.61000000,1.22600000,134798489,134798490,1782865223818809,False,True
93521787,32.62000000,4.23100000,134798491,134798494,1782865223818809,False,True
93521788,32.63000000,9.15600000,134798495,134798498,1782865223818809,False,True
93521789,32.62000000,0.16900000,134798499,134798499,1782865223820413,False,True
93521790,32.63000000,0.09600000,134798500,134798500,1782865223822561,False,True
93521791,32.64000000,7.35800000,134798501,134798504,1782865223822561,False,True
93521792,32.65000000,2.65800000,134798505,134798506,1782865223822561,False,True
93521793,32.63000000,2.72400000,134798507,134798507,1782865223823827,False,True
93521794,32.63000000,15.27400000,134798508,134798512,1782865223823850,False,True
93521795,32.63000000,3.60000000,134798513,134798513,1782865223824883,False,True
93521796,32.65000000,6.35800000,134798514,134798515,1782865223824883,False,True
93521797,32.65000000,4.89200000,134798516,134798516,1782865223825914,False,True
93521798,32.66000000,8.97600000,134798517,134798517,1782865223825914,False,True
93521799,32.66000000,9.17300000,134798518,134798518,1782865223826273,False,True
93521800,32.66000000,1.14100000,134798519,134798519,1782865223826282,False,True
93521801,32.64000000,0.94900000,134798520,134798520,1782865223830904,True,True
93521802,32.64000000,0.94900000,134798521,134798521,1782865223830988,True,True
93521803,32.64000000,0.05900000,134798522,134798522,1782865223831101,True,True
93521804,32.62000000,0.43200000,134798523,134798523,1782865227770659,True,True
93521805,32.62000000,0.28800000,134798524,134798524,1782865227773531,True,True
93521806,32.62000000,0.43100000,134798525,134798525,1782865227776237,True,True
93521807,32.62000000,0.41200000,134798526,134798526,1782865227779173,True,True
93521808,32.62000000,0.30800000,134798527,134798527,1782865227781541,True,True
93521809,32.62000000,0.41200000,134798528,134798528,1782865227784523,True,True
93521810,32.62000000,0.37400000,134798529,134798529,1782865227787212,True,True
93521811,32.62000000,0.34600000,134798530,134798530,1782865227791603,True,True
93521812,32.62000000,0.37400000,134798531,134798531,1782865227794185,True,True
93521813,32.62000000,0.29800000,134798532,134798532,1782865227796903,True,True
93521814,32.64000000,13.29900000,134798533,134798538,1782865235343305,False,True
93521815,32.64000000,5.24300000,134798539,134798540,1782865235347118,False,True
93521816,32.64000000,2.31700000,134798541,134798541,1782865235350521,False,True
93521817,32.64000000,5.69100000,134798542,134798542,1782865235352043,False,True
93521818,32.64000000,0.27000000,134798543,134798543,1782865235421313,False,True
93521819,32.64000000,0.27000000,134798544,134798544,1782865235447978,False,True
93521820,32.62000000,2.48400000,134798545,134798546,1782865241775972,True,True
93521821,32.64000000,0.18300000,134798547,134798548,1782865244418933,False,True
93521822,32.64000000,0.34300000,134798549,134798550,1782865244440686,False,True
93521823,32.64000000,0.35000000,134798551,134798551,1782865244443313,False,True
93521824,32.64000000,0.45300000,134798552,134798553,1782865244470732,False,True
93521825,32.64000000,0.16000000,134798554,134798554,1782865244494640,False,True
93521826,32.62000000,0.45000000,134798555,134798555,1782865250757320,True,True
93521827,32.62000000,0.72000000,134798556,134798556,1782865250757344,True,True
93521828,32.62000000,4.89400000,134798557,134798557,1782865250757392,True,True
93521829,32.62000000,0.45000000,134798558,134798558,1782865250757404,True,True
93521830,32.62000000,2.97500000,134798559,134798559,1782865250757468,True,True
93521831,32.62000000,0.72000000,134798560,134798560,1782865250757533,True,True
93521832,32.62000000,3.01300000,134798561,134798562,1782865250757562,True,True
93521833,32.62000000,0.72000000,134798563,134798563,1782865250757621,True,True
93521834,32.62000000,3.29100000,134798564,134798564,1782865250757638,True,True
93521835,32.62000000,5.12000000,134798565,134798566,1782865250757673,True,True
93521836,32.62000000,5.35100000,134798567,134798567,1782865250757680,True,True
93521837,32.62000000,3.14900000,134798568,134798568,1782865250757709,True,True
93521838,32.62000000,1.15400000,134798569,134798569,1782865250758589,True,True
93521839,32.61000000,3.83000000,134798570,134798571,1782865250761751,True,True
93521840,32.60000000,12.92300000,134798572,134798576,1782865250761751,True,True
93521841,32.61000000,0.47900000,134798577,134798577,1782865250763612,True,True
93521842,32.61000000,0.47900000,134798578,134798578,1782865250763767,True,True
93521843,32.61000000,0.47900000,134798579,134798579,1782865250763934,True,True
93521844,32.61000000,0.47900000,134798580,134798580,1782865250763953,True,True
93521845,32.61000000,0.76600000,134798581,134798581,1782865250764163,True,True
93521846,32.61000000,0.76600000,134798582,134798582,1782865250764219,True,True
93521847,32.61000000,0.15200000,134798583,134798583,1782865250764237,True,True
93521848,32.60000000,0.61400000,134798584,134798584,1782865250764237,True,True
93521849,32.60000000,0.76600000,134798585,134798585,1782865250764564,True,True
93521850,32.60000000,0.76600000,134798586,134798586,1782865250764847,True,True
93521851,32.60000000,0.47900000,134798587,134798587,1782865250764897,True,True
93521852,32.60000000,0.76600000,134798588,134798588,1782865250764973,True,True
93521853,32.60000000,0.47900000,134798589,134798589,1782865250764978,True,True
93521854,32.60000000,0.61400000,134798590,134798591,1782865250775048,True,True
93521855,32.60000000,0.61400000,134798592,134798592,1782865250775533,True,True
93521856,32.59000000,0.63300000,134798593,134798594,1782865254110047,True,True
93521857,32.59000000,3.35500000,134798595,134798595,1782865266776834,True,True
93521858,32.58000000,2.14300000,134798596,134798596,1782865291324219,False,True
93521859,32.57000000,0.24700000,134798597,134798597,1782865294741442,True,True
93521860,32.57000000,0.24700000,134798598,134798598,1782865294749024,True,True
93521861,32.57000000,0.24700000,134798599,134798599,1782865294749113,True,True
93521862,32.57000000,0.24700000,134798600,134798600,1782865294749298,True,True
93521863,32.57000000,0.01200000,134798601,134798601,1782865294749303,True,True
93521864,32.56000000,0.23500000,134798602,134798602,1782865294749303,True,True
93521865,32.56000000,0.24700000,134798603,134798603,1782865294749474,True,True
93521866,32.56000000,0.61500000,134798604,134798604,1782865294770228,True,True
93521867,32.56000000,0.61500000,134798605,134798605,1782865294771613,True,True
93521868,32.56000000,6.99400000,134798606,134798606,1782865301803801,False,True
93521869,32.56000000,7.00600000,134798607,134798607,1782865301807458,False,True
93521870,32.55000000,6.74300000,134798608,134798609,1782865312621992,True,True
93521871,32.54000000,6.85600000,134798610,134798611,1782865312690796,True,True
93521872,32.54000000,0.64400000,134798612,134798612,1782865312693962,True,True
93521873,32.53000000,0.70500000,134798613,134798614,1782865312693962,True,True
93521874,32.55000000,4.61200000,134798615,134798616,1782865313168361,False,True
93521875,32.55000000,1.95700000,134798617,134798617,1782865313173401,True,True
93521876,32.55000000,1.64300000,134798618,134798618,1782865313175003,True,True
93521877,32.54000000,1.06100000,134798619,134798619,1782865313175003,True,True
93521878,32.54000000,0.72000000,134798620,134798620,1782865316504641,True,True
93521879,32.53000000,0.61500000,134798621,134798621,1782865316571483,True,True
93521880,32.53000000,0.61500000,134798622,134798622,1782865316574800,True,True
93521881,32.53000000,2.52900000,134798623,134798625,1782865316776000,True,True
93521882,32.52000000,0.48400000,134798626,134798626,1782865316776000,True,True
93521883,32.54000000,2.60000000,134798627,134798627,1782865320666044,False,True
93521884,32.54000000,2.27500000,134798628,134798628,1782865326784950,True,True
93521885,32.54000000,2.60000000,134798629,134798629,1782865331709915,False,True
93521886,32.54000000,3.19000000,134798630,134798630,1782865356797866,True,True
93521887,32.53000000,3.86500000,134798631,134798631,1782865371345993,True,True
93521888,32.53000000,1.33000000,134798632,134798632,1782865371346016,True,True
93521889,32.53000000,1.33000000,134798633,134798633,1782865371346089,True,True
93521890,32.53000000,3.87900000,134798634,134798634,1782865371346096,True,True
93521891,32.52000000,3.86500000,134798635,134798637,1782865371346158,True,True
93521892,32.52000000,0.15800000,134798638,134798638,1782865371346178,True,True
93521893,32.51000000,1.33000000,134798639,134798639,1782865371346274,True,True
93521894,32.51000000,1.33000000,134798640,134798640,1782865371346276,True,True
93521895,32.51000000,0.94000000,134798641,134798641,1782865371346303,True,True
93521896,32.50000000,0.39000000,134798642,134798642,1782865371346303,True,True
93521897,32.50000000,3.86600000,134798643,134798646,1782865371346343,True,True
93521898,32.50000000,3.86500000,134798647,134798647,1782865371346621,True,True
93521899,32.50000000,3.86500000,134798648,134798649,1782865371346665,True,True
93521900,32.50000000,3.86500000,134798650,134798650,1782865371346856,True,True
93521901,32.50000000,0.17000000,134798651,134798651,1782865371347739,True,True
93521902,32.50000000,1.93700000,134798652,134798652,1782865371349067,True,True
93521903,32.51000000,1.33000000,134798653,134798653,1782865371353770,True,True
93521904,32.51000000,0.61600000,134798654,134798654,1782865371365692,True,True
93521905,32.52000000,2.60000000,134798655,134798655,1782865379549334,False,True
93521906,32.53000000,0.23100000,134798656,134798656,1782865379602450,False,True
93521907,32.54000000,2.00800000,134798657,134798657,1782865379602450,False,True
93521908,32.54000000,4.54700000,134798658,134798659,1782865379603897,False,True
93521909,32.52000000,2.70700000,134798660,134798660,1782865381510806,True,True
93521910,32.52000000,0.89300000,134798661,134798661,1782865381512324,True,True
93521911,32.52000000,2.70800000,134798662,134798662,1782865381512524,False,True
93521912,32.53000000,3.69700000,134798663,134798664,1782865381512524,False,True
93521913,32.53000000,3.35100000,134798665,134798665,1782865386776082,True,True
93521914,32.52000000,2.70700000,134798666,134798666,1782865401374867,True,True
93521915,32.52000000,24.66400000,134798667,134798669,1782865401376176,True,True
93521916,32.52000000,2.71700000,134798670,134798670,1782865407330574,False,True
93521917,32.53000000,0.23100000,134798671,134798671,1782865407352089,False,True
93521918,32.54000000,3.32900000,134798672,134798673,1782865407352089,False,True
93521919,32.54000000,8.28900000,134798674,134798678,1782865407352145,False,True
93521920,32.54000000,4.04200000,134798679,134798685,1782865407353508,False,True
93521921,32.54000000,5.83500000,134798686,134798696,1782865407354948,False,True
93521922,32.55000000,2.19400000,134798697,134798698,1782865407354948,False,True
93521923,32.54000000,2.80600000,134798699,134798699,1782865409028285,False,True
93521924,32.54000000,7.76100000,134798700,134798701,1782865409028623,False,True
93521925,32.54000000,14.24500000,134798702,134798704,1782865409028727,False,True
93521926,32.54000000,6.47500000,134798705,134798706,1782865409029067,False,True
93521927,32.54000000,4.07700000,134798707,134798708,1782865409031932,False,True
93521928,32.54000000,3.23700000,134798709,134798709,1782865409032764,False,True
93521929,32.54000000,0.74600000,134798710,134798710,1782865409033078,False,True
93521930,32.54000000,3.61000000,134798711,134798712,1782865409033376,False,True
93521931,32.54000000,3.32100000,134798713,134798713,1782865409033970,False,True
93521932,32.54000000,1.15900000,134798714,134798715,1782865409034251,False,True
93521933,32.54000000,1.32000000,134798716,134798716,1782865409036481,False,True
93521934,32.54000000,0.99800000,134798717,134798717,1782865409037662,False,True
93521935,32.54000000,2.75700000,134798718,134798718,1782865409037700,False,True
93521936,32.54000000,3.23700000,134798719,134798720,1782865409037902,False,True
93521937,32.54000000,0.74600000,134798721,134798721,1782865409038037,False,True
93521938,32.54000000,1.15900000,134798722,134798722,1782865409038429,False,True
93521939,32.54000000,3.32100000,134798723,134798723,1782865409039252,False,True
93521940,32.54000000,0.46900000,134798724,134798724,1782865409039502,False,True
93521941,32.54000000,0.69000000,134798725,134798725,1782865409039760,False,True
93521942,32.54000000,1.45300000,134798726,134798727,1782865409040448,False,True
93521943,32.54000000,1.32000000,134798728,134798728,1782865409040587,False,True
93521944,32.54000000,0.99800000,134798729,134798729,1782865409041353,False,True
93521945,32.54000000,2.75700000,134798730,134798730,1782865409041727,False,True
93521946,32.54000000,0.53100000,134798731,134798731,1782865409041792,False,True
93521947,32.54000000,0.32400000,134798732,134798732,1782865409042192,False,True
93521948,32.54000000,2.38200000,134798733,134798736,1782865409043569,False,True
93521949,32.54000000,0.74600000,134798737,134798737,1782865409043834,False,True
93521950,32.54000000,1.15900000,134798738,134798738,1782865409044081,False,True
93521951,32.54000000,1.46900000,134798739,134798739,1782865409045102,False,True
93521952,32.55000000,1.85200000,134798740,134798740,1782865409045102,False,True
93521953,32.55000000,0.46900000,134798741,134798741,1782865409045352,False,True
93521954,32.55000000,0.69000000,134798742,134798742,1782865409045606,False,True
93521955,32.55000000,0.70200000,134798743,134798744,1782865409045863,False,True
93521956,32.55000000,0.11800000,134798745,134798745,1782865409045867,False,True
93521957,32.56000000,0.21200000,134798746,134798746,1782865409045867,False,True
93521958,32.55000000,1.95600000,134798747,134798747,1782865410128269,False,True
93521959,32.55000000,2.67400000,134798748,134798749,1782865410128486,False,True
93521960,32.55000000,3.80100000,134798750,134798750,1782865410128618,False,True
93521961,32.55000000,2.80600000,134798751,134798752,1782865410128823,False,True
93521962,32.55000000,3.02100000,134798753,134798753,1782865410129022,False,True
93521963,32.54000000,2.54600000,134798754,134798754,1782865414773121,True,True
93521964,32.53000000,2.04200000,134798755,134798755,1782865421778689,True,True
93521965,32.53000000,0.42100000,134798756,134798756,1782865428229248,True,True
93521966,32.53000000,0.19500000,134798757,134798757,1782865428252563,True,True
93521967,32.55000000,14.53100000,134798758,134798763,1782865436994613,False,True
93521968,32.55000000,0.87200000,134798764,134798764,1782865436997653,False,True
93521969,32.55000000,3.71700000,134798765,134798765,1782865436998022,False,True
93521970,32.56000000,4.06200000,134798766,134798768,1782865436998022,False,True
93521971,32.57000000,5.07100000,134798769,134798771,1782865436998022,False,True
93521972,32.56000000,3.80300000,134798772,134798772,1782865436999139,False,True
93521973,32.54000000,1.76400000,134798773,134798773,1782865444775680,True,True
93521974,32.53000000,2.77600000,134798774,134798774,1782865446776384,True,True
93521975,32.53000000,10.07500000,134798775,134798776,1782865449179110,True,True
93521976,32.53000000,1.23700000,134798777,134798777,1782865449180444,True,True
93521977,32.53000000,1.54000000,134798778,134798779,1782865449182683,True,True
93521978,32.53000000,6.13900000,134798780,134798780,1782865449182715,True,True
93521979,32.53000000,2.38400000,134798781,134798782,1782865449182975,True,True
93521980,32.53000000,0.01200000,134798783,134798783,1782865449183456,True,True
93521981,32.52000000,1.22500000,134798784,134798784,1782865449183456,True,True
93521982,32.52000000,0.61600000,134798785,134798785,1782865449206862,True,True
93521983,32.52000000,0.61600000,134798786,134798786,1782865449208619,True,True
93521984,32.50000000,2.89400000,134798787,134798787,1782865474773259,True,True
93521985,32.51000000,3.57900000,134798788,134798788,1782865481776293,True,True
93521986,32.50000000,2.13900000,134798789,134798791,1782865506777099,True,True
93521987,32.50000000,1.82800000,134798792,134798792,1782865509773191,True,True
93521988,32.52000000,1.23700000,134798793,134798794,1782865516919699,False,True
93521989,32.52000000,4.51300000,134798795,134798796,1782865516920334,False,True
93521990,32.53000000,15.20300000,134798797,134798800,1782865516921727,False,True
93521991,32.53000000,2.90800000,134798801,134798804,1782865516922601,False,True
93521992,32.54000000,2.11500000,134798805,134798805,1782865516922601,False,True
93521993,32.54000000,5.24500000,134798806,134798809,1782865516924332,False,True
93521994,32.54000000,1.95100000,134798810,134798811,1782865516930105,False,True
93521995,32.54000000,1.57800000,134798812,134798812,1782865516931465,False,True
93521996,32.54000000,0.26000000,134798813,134798813,1782865516933574,False,True
93521997,32.54000000,0.57700000,134798814,134798814,1782865516933747,False,True
93521998,32.54000000,1.11400000,134798815,134798816,1782865516934832,False,True
93521999,32.54000000,1.57800000,134798817,134798817,1782865516934949,False,True
93522000,32.54000000,0.26000000,134798818,134798818,1782865516936771,False,True
93522001,32.54000000,0.57700000,134798819,134798819,1782865516937857,False,True
93522002,32.54000000,0.59900000,134798820,134798820,1782865516938607,False,True
93522003,32.54000000,0.96700000,134798821,134798822,1782865516939007,False,True
93522004,32.54000000,1.12500000,134798823,134798824,1782865516939136,False,True
93522005,32.54000000,0.61500000,134798825,134798826,1782865516940290,False,True
93522006,32.54000000,0.26000000,134798827,134798827,1782865516941555,False,True
93522007,32.54000000,0.57700000,134798828,134798829,1782865516941859,False,True
93522008,32.54000000,0.59900000,134798830,134798830,1782865516942833,False,True
93522009,32.54000000,0.62500000,134798831,134798832,1782865516942949,False,True
93522010,32.54000000,0.48600000,134798833,134798833,1782865516943216,False,True
93522011,32.54000000,0.48100000,134798834,134798834,1782865516943375,False,True
93522012,32.54000000,0.50000000,134798835,134798835,1782865516943566,False,True
93522013,32.54000000,0.25400000,134798836,134798836,1782865516944393,False,True
93522014,32.54000000,0.36100000,134798837,134798837,1782865516944524,False,True
93522015,32.54000000,0.26000000,134798838,134798838,1782865516944943,False,True
93522016,32.54000000,0.47200000,134798839,134798839,1782865516945733,False,True
93522017,32.54000000,0.70400000,134798840,134798841,1782865516946888,False,True
93522018,32.54000000,0.34200000,134798842,134798842,1782865516947274,False,True
93522019,32.54000000,0.28300000,134798843,134798843,1782865516947731,False,True
93522020,32.54000000,0.48600000,134798844,134798844,1782865516947871,False,True
93522021,32.54000000,0.48100000,134798845,134798845,1782865516948226,False,True
93522022,32.52000000,2.52400000,134798846,134798846,1782865534773925,True,True
93522023,32.52000000,3.25100000,134798847,134798847,1782865536790367,True,True
93522024,32.52000000,1.41100000,134798848,134798848,1782865537784899,True,True
93522025,32.51000000,0.74700000,134798849,134798849,1782865537793437,True,True
93522026,32.51000000,0.23100000,134798850,134798850,1782865537842027,True,True
93522027,32.50000000,0.10500000,134798851,134798851,1782865537842027,True,True
93522028,32.50000000,4.70900000,134798852,134798853,1782865539923285,True,True
93522029,32.49000000,54.24300000,134798854,134798857,1782865539926238,True,True
93522030,32.48000000,0.17000000,134798858,134798858,1782865539947058,True,True
93522031,32.48000000,6.61300000,134798859,134798859,1782865539995765,True,True
93522032,32.48000000,3.55600000,134798860,134798860,1782865540079640,True,True
93522033,32.48000000,0.17000000,134798861,134798861,1782865540100088,True,True
93522034,32.48000000,1.03900000,134798862,134798862,1782865540100090,True,True
93522035,32.48000000,1.49200000,134798863,134798863,1782865540100308,True,True
93522036,32.48000000,18.41500000,134798864,134798864,1782865540114417,True,True
93522037,32.48000000,8.44700000,134798865,134798865,1782865540123248,True,True
93522038,32.48000000,1.66200000,134798866,134798866,1782865540124321,True,True
93522039,32.48000000,0.87500000,134798867,134798867,1782865540134242,True,True
93522040,32.48000000,0.57300000,134798868,134798868,1782865540134439,True,True
93522041,32.48000000,0.69400000,134798869,134798869,1782865540135181,True,True
93522042,32.48000000,0.63400000,134798870,134798870,1782865540149395,True,True
93522043,32.48000000,4.99700000,134798871,134798871,1782865540181874,True,True
93522044,32.48000000,0.60300000,134798872,134798872,1782865540186385,True,True
93522045,32.48000000,4.57700000,134798873,134798873,1782865540186570,True,True
93522046,32.48000000,41.51700000,134798874,134798874,1782865540205514,True,True
93522047,32.48000000,4.86000000,134798875,134798875,1782865540225186,True,True
93522048,32.48000000,11.11000000,134798876,134798876,1782865540226525,True,True
93522049,32.48000000,4.68000000,134798877,134798877,1782865540255315,True,True
93522050,32.48000000,4.53800000,134798878,134798878,1782865540262349,True,True
93522051,32.48000000,0.61600000,134798879,134798879,1782865540400873,True,True
93522052,32.49000000,2.60000000,134798880,134798880,1782865541801804,False,True
93522053,32.51000000,3.83100000,134798881,134798882,1782865544241182,False,True
93522054,32.52000000,1.67500000,134798883,134798883,1782865544241182,False,True
93522055,32.51000000,1.68700000,134798884,134798884,1782865544242283,False,True
93522056,32.52000000,0.23100000,134798885,134798885,1782865548336463,False,True
93522057,32.53000000,8.40200000,134798886,134798889,1782865548336463,False,True
93522058,32.54000000,0.83600000,134798890,134798890,1782865548336463,False,True
93522059,32.54000000,0.17000000,134798891,134798891,1782865548338322,False,True
93522060,32.51000000,0.72000000,134798892,134798892,1782865562184827,True,True
93522061,32.51000000,0.45000000,134798893,134798893,1782865562188141,True,True
93522062,32.51000000,0.72000000,134798894,134798894,1782865562190623,True,True
93522063,32.50000000,0.72000000,134798895,134798895,1782865562200899,True,True
93522064,32.50000000,0.45000000,134798896,134798896,1782865562203400,True,True
93522065,32.50000000,0.45000000,134798897,134798897,1782865562206930,True,True
93522066,32.50000000,0.45000000,134798898,134798898,1782865562206954,True,True
93522067,32.49000000,0.45000000,134798899,134798899,1782865562215365,True,True
93522068,32.49000000,0.72000000,134798900,134798900,1782865562215415,True,True
93522069,32.49000000,0.61600000,134798901,134798901,1782865562225899,True,True
93522070,32.49000000,0.45000000,134798902,134798902,1782865562227600,True,True
93522071,32.49000000,0.72000000,134798903,134798903,1782865562227659,True,True
93522072,32.49000000,0.61600000,134798904,134798904,1782865562256944,True,True
93522073,32.50000000,3.00600000,134798905,134798905,1782865564773767,True,True
93522074,32.50000000,2.58000000,134798906,134798906,1782865566776016,True,True
93522075,32.49000000,3.60000000,134798907,134798907,1782865594773227,True,True
93522076,32.48000000,0.00800000,134798908,134798908,1782865594773227,True,True
93522077,32.49000000,3.60000000,134798909,134798909,1782865596790705,True,True
93522078,32.48000000,0.37600000,134798910,134798910,1782865596790705,True,True
93522079,32.49000000,0.72000000,134798911,134798911,1782865611832000,True,True
93522080,32.49000000,0.45000000,134798912,134798912,1782865611832013,True,True
93522081,32.49000000,0.72000000,134798913,134798913,1782865611832017,True,True
93522082,32.49000000,0.45000000,134798914,134798914,1782865611832043,True,True
93522083,32.49000000,0.45000000,134798915,134798915,1782865611832087,True,True
93522084,32.49000000,0.45000000,134798916,134798916,1782865611832106,True,True
93522085,32.49000000,0.36000000,134798917,134798917,1782865611832112,True,True
93522086,32.48000000,0.36000000,134798918,134798918,1782865611832112,True,True
93522087,32.48000000,0.72000000,134798919,134798919,1782865611832178,True,True
93522088,32.48000000,0.45000000,134798920,134798920,1782865611832186,True,True
93522089,32.48000000,0.72000000,134798921,134798921,1782865611832321,True,True
93522090,32.48000000,0.61600000,134798922,134798922,1782865611832331,True,True
93522091,32.48000000,0.45000000,134798923,134798923,1782865611832348,True,True
93522092,32.48000000,0.61600000,134798924,134798924,1782865611832391,True,True
93522093,32.48000000,0.61600000,134798925,134798925,1782865611832411,True,True
93522094,32.48000000,0.61600000,134798926,134798926,1782865611832451,True,True
93522095,32.48000000,0.61600000,134798927,134798927,1782865611833310,True,True
93522096,32.49000000,0.61600000,134798928,134798928,1782865611833404,True,True
93522097,32.49000000,0.61600000,134798929,134798929,1782865611833518,True,True
93522098,32.49000000,0.61600000,134798930,134798930,1782865611833550,True,True
93522099,32.49000000,0.61600000,134798931,134798931,1782865611833750,True,True
93522100,32.49000000,0.61600000,134798932,134798932,1782865611833798,True,True
93522101,32.49000000,0.29700000,134798933,134798933,1782865611853514,True,True
93522102,32.49000000,0.22300000,134798934,134798934,1782865611853589,True,True
93522103,32.48000000,0.39300000,134798935,134798935,1782865611853589,True,True
93522104,32.49000000,0.61600000,134798936,134798936,1782865611855058,True,True
93522105,32.49000000,0.61600000,134798937,134798937,1782865611855597,True,True
93522106,32.48000000,3.75500000,134798938,134798938,1782865626777293,True,True
93522107,32.49000000,2.11100000,134798939,134798939,1782865634788632,True,True
93522108,32.50000000,10.33600000,134798940,134798940,1782865636342422,False,True
93522109,32.50000000,3.66400000,134798941,134798941,1782865636343790,False,True
93522110,32.49000000,2.46100000,134798942,134798942,1782865654773446,True,True
93522111,32.50000000,3.07600000,134798943,134798943,1782865667170317,True,True
93522112,32.51000000,0.23100000,134798944,134798944,1782865669942597,False,True
93522113,32.52000000,1.36900000,134798945,134798945,1782865669942597,False,True
93522114,32.51000000,2.44600000,134798946,134798946,1782865671776271,True,True
93522115,32.50000000,0.75500000,134798947,134798948,1782865679780694,True,True
93522116,32.49000000,2.66800000,134798949,134798950,1782865679780694,True,True
93522117,32.50000000,1.72400000,134798951,134798951,1782865686775643,True,True
93522118,32.52000000,0.23100000,134798952,134798952,1782865689064248,False,True
93522119,32.53000000,8.86000000,134798953,134798957,1782865689064248,False,True
93522120,32.54000000,3.38600000,134798958,134798960,1782865689064248,False,True
93522121,32.54000000,6.51800000,134798961,134798961,1782865689064504,False,True
93522122,32.54000000,4.27900000,134798962,134798962,1782865689064616,False,True
93522123,32.54000000,6.59500000,134798963,134798963,1782865689064621,False,True
93522124,32.54000000,1.59100000,134798964,134798964,1782865689066192,False,True
93522125,32.53000000,0.17000000,134798965,134798965,1782865689066306,False,True
93522126,32.53000000,13.44600000,134798966,134798968,1782865689074598,False,True
93522127,32.53000000,3.35600000,134798969,134798969,1782865689088037,False,True
93522128,32.53000000,3.35600000,134798970,134798971,1782865689113374,False,True
93522129,32.53000000,1.26900000,134798972,134798972,1782865689126764,False,True
93522130,32.53000000,2.08700000,134798973,134798973,1782865689128090,False,True
93522131,32.53000000,1.26900000,134798974,134798974,1782865689130251,False,True
93522132,32.53000000,1.08900000,134798975,134798976,1782865689131146,False,True
93522133,32.53000000,0.99800000,134798977,134798977,1782865689131675,False,True
93522134,32.53000000,1.26900000,134798978,134798978,1782865689133962,False,True
93522135,32.53000000,0.45800000,134798979,134798979,1782865689135498,False,True
93522136,32.53000000,0.63100000,134798980,134798980,1782865689135718,False,True
93522137,32.53000000,0.99800000,134798981,134798981,1782865689135983,False,True
93522138,32.53000000,1.26900000,134798982,134798982,1782865689137189,False,True
93522139,32.53000000,0.45800000,134798983,134798984,1782865689138922,False,True
93522140,32.53000000,0.63100000,134798985,134798985,1782865689140322,False,True
93522141,32.53000000,0.99800000,134798986,134798986,1782865689140556,False,True
93522142,32.53000000,1.26900000,134798987,134798987,1782865689140752,False,True
93522143,32.53000000,0.35900000,134798988,134798988,1782865689142650,False,True
93522144,32.53000000,0.99800000,134798989,134798989,1782865689144340,False,True
93522145,32.53000000,0.63100000,134798990,134798990,1782865689145817,False,True
93522146,32.53000000,0.32300000,134798991,134798991,1782865689146008,False,True
93522147,32.53000000,0.94600000,134798992,134798993,1782865689146039,False,True
93522148,32.53000000,0.35900000,134798994,134798994,1782865689147688,False,True
93522149,32.53000000,0.99800000,134798995,134798995,1782865689149417,False,True
93522150,32.53000000,0.32300000,134798996,134798996,1782865689150850,False,True
93522151,32.53000000,0.63100000,134798997,134798997,1782865689151095,False,True
93522152,32.53000000,0.16100000,134798998,134798998,1782865689151510,False,True
93522153,32.53000000,0.78500000,134798999,134798999,1782865689151741,False,True
93522154,32.53000000,0.35900000,134799000,134799000,1782865689152552,False,True
93522155,32.53000000,0.99800000,134799001,134799002,1782865689153529,False,True
93522156,32.53000000,0.32300000,134799003,134799003,1782865689155892,False,True
93522157,32.53000000,0.63100000,134799004,134799004,1782865689157129,False,True
93522158,32.53000000,0.16100000,134799005,134799005,1782865689158409,False,True
93522159,32.53000000,0.78500000,134799006,134799006,1782865689158707,False,True
93522160,32.53000000,0.35900000,134799007,134799007,1782865689158824,False,True
93522161,32.53000000,0.80600000,134799008,134799008,1782865689160199,False,True
93522162,32.53000000,0.19200000,134799009,134799010,1782865689160435,False,True
93522163,32.53000000,0.32300000,134799011,134799011,1782865689160678,False,True
93522164,32.53000000,0.63100000,134799012,134799012,1782865689161673,False,True
93522165,32.53000000,0.16100000,134799013,134799013,1782865689162681,False,True
93522166,32.53000000,0.56500000,134799014,134799014,1782865689163042,False,True
93522167,32.53000000,0.22000000,134799015,134799015,1782865689163267,False,True
93522168,32.53000000,0.35900000,134799016,134799016,1782865689164454,False,True
93522169,32.53000000,0.80600000,134799017,134799017,1782865689165760,False,True
93522170,32.53000000,0.41700000,134799018,134799018,1782865689165898,False,True
93522171,32.53000000,0.63100000,134799019,134799020,1782865689166074,False,True
93522172,32.53000000,0.16100000,134799021,134799021,1782865689167163,False,True
93522173,32.53000000,0.56400000,134799022,134799022,1782865689167256,False,True
93522174,32.53000000,0.22000000,134799023,134799023,1782865689167423,False,True
93522175,32.53000000,0.35900000,134799024,134799025,1782865689169420,False,True
93522176,32.53000000,0.80600000,134799026,134799026,1782865689172480,False,True
93522177,32.53000000,0.41700000,134799027,134799028,1782865689172763,False,True
93522178,32.53000000,0.23800000,134799029,134799029,1782865689172929,False,True
93522179,32.53000000,0.39300000,134799030,134799030,1782865689173251,False,True
93522180,32.53000000,0.16100000,134799031,134799031,1782865689173485,False,True
93522181,32.53000000,0.56400000,134799032,134799033,1782865689173972,False,True
93522182,32.53000000,0.22000000,134799034,134799034,1782865689174059,False,True
93522183,32.53000000,0.26000000,134799035,134799035,1782865689174251,False,True
93522184,32.53000000,0.80600000,134799036,134799036,1782865689178113,False,True
93522185,32.53000000,0.21600000,134799037,134799037,1782865689178395,False,True
93522186,32.53000000,0.39300000,134799038,134799038,1782865689178559,False,True
93522187,32.53000000,0.23800000,134799039,134799039,1782865689178952,False,True
93522188,32.53000000,0.16100000,134799040,134799040,1782865689179280,False,True
93522189,32.53000000,0.20100000,134799041,134799041,1782865689179417,False,True
93522190,32.53000000,0.28900000,134799042,134799042,1782865689179798,False,True
93522191,32.53000000,0.27500000,134799043,134799043,1782865689180063,False,True
93522192,32.53000000,0.22000000,134799044,134799044,1782865689180206,False,True
93522193,32.53000000,0.26000000,134799045,134799045,1782865689180385,False,True
93522194,32.53000000,0.80600000,134799046,134799047,1782865689183143,False,True
93522195,32.53000000,0.21600000,134799048,134799048,1782865689188739,False,True
93522196,32.53000000,0.39300000,134799049,134799049,1782865689188908,False,True
93522197,32.53000000,0.23800000,134799050,134799051,1782865689189187,False,True
93522198,32.53000000,0.16100000,134799052,134799052,1782865689189495,False,True
93522199,32.53000000,0.20100000,134799053,134799053,1782865689189598,False,True
93522200,32.53000000,0.28900000,134799054,134799054,1782865689189828,False,True
93522201,32.53000000,0.27500000,134799055,134799055,1782865689190023,False,True
93522202,32.53000000,0.22000000,134799056,134799056,1782865689190316,False,True
93522203,32.53000000,0.26000000,134799057,134799057,1782865689190470,False,True
93522204,32.53000000,0.52300000,134799058,134799058,1782865689195937,False,True
93522205,32.53000000,0.37100000,134799059,134799059,1782865689196298,False,True
93522206,32.53000000,0.39300000,134799060,134799060,1782865689196502,False,True
93522207,32.53000000,0.21600000,134799061,134799061,1782865689196854,False,True
93522208,32.53000000,0.16100000,134799062,134799062,1782865689197145,False,True
93522209,32.53000000,0.20100000,134799063,134799063,1782865689197356,False,True
93522210,32.53000000,0.28900000,134799064,134799064,1782865689197520,False,True
93522211,32.53000000,0.27500000,134799065,134799066,1782865689197715,False,True
93522212,32.53000000,0.22000000,134799067,134799067,1782865689197874,False,True
93522213,32.53000000,0.26000000,134799068,134799068,1782865689198163,False,True
93522214,32.53000000,0.52300000,134799069,134799069,1782865689206890,False,True
93522215,32.53000000,0.37100000,134799070,134799070,1782865689207293,False,True
93522216,32.53000000,0.39300000,134799071,134799071,1782865689207528,False,True
93522217,32.53000000,0.21600000,134799072,134799072,1782865689207755,False,True
93522218,32.53000000,0.16100000,134799073,134799073,1782865689207942,False,True
93522219,32.53000000,0.20100000,134799074,134799074,1782865689208055,False,True
93522220,32.53000000,0.28900000,134799075,134799075,1782865689208515,False,True
93522221,32.53000000,0.19300000,134799076,134799076,1782865689209419,False,True
93522222,32.53000000,0.30200000,134799077,134799077,1782865689209702,False,True
93522223,32.53000000,0.26000000,134799078,134799078,1782865689210006,False,True
93522224,32.53000000,0.52300000,134799079,134799079,1782865689213855,False,True
93522225,32.53000000,0.37100000,134799080,134799081,1782865689214622,False,True
93522226,32.53000000,0.39300000,134799082,134799082,1782865689214898,False,True
93522227,32.53000000,0.21600000,134799083,134799083,1782865689215068,False,True
93522228,32.53000000,0.16100000,134799084,134799084,1782865689215450,False,True
93522229,32.53000000,0.20100000,134799085,134799085,1782865689215510,False,True
93522230,32.53000000,0.28900000,134799086,134799086,1782865689215621,False,True
93522231,32.53000000,0.30200000,134799087,134799087,1782865689215796,False,True
93522232,32.53000000,0.19300000,134799088,134799088,1782865689215987,False,True
93522233,32.53000000,0.26000000,134799089,134799089,1782865689216192,False,True
93522234,32.53000000,0.52300000,134799090,134799090,1782865689220161,False,True
93522235,32.53000000,0.29500000,134799091,134799091,1782865689221370,False,True
93522236,32.53000000,0.39300000,134799092,134799092,1782865689221573,False,True
93522237,32.53000000,0.21600000,134799093,134799093,1782865689221915,False,True
93522238,32.53000000,0.16100000,134799094,134799094,1782865689222038,False,True
93522239,32.53000000,1.46100000,134799095,134799097,1782865696099135,False,True
93522240,32.54000000,5.66600000,134799098,134799100,1782865696099135,False,True
93522241,32.54000000,3.60400000,134799101,134799103,1782865696099331,False,True
93522242,32.55000000,3.70000000,134799104,134799105,1782865696099331,False,True
93522243,32.54000000,11.37800000,134799106,134799107,1782865696100746,False,True
93522244,32.54000000,0.17000000,134799108,134799108,1782865696100804,False,True
93522245,32.54000000,14.04900000,134799109,134799111,1782865696100899,False,True
93522246,32.54000000,1.29600000,134799112,134799112,1782865696101265,False,True
93522247,32.54000000,3.60000000,134799113,134799113,1782865696102616,False,True
93522248,32.55000000,4.73300000,134799114,134799115,1782865696102616,False,True
93522249,32.53000000,0.95300000,134799116,134799116,1782865702453536,True,True
93522250,32.53000000,1.06000000,134799117,134799117,1782865704772928,True,True
93522251,32.53000000,1.85600000,134799118,134799119,1782865706789720,True,True
93522252,32.55000000,10.71000000,134799120,134799120,1782865721765364,False,True
93522253,32.55000000,5.48700000,134799121,134799121,1782865721765409,False,True
93522254,32.55000000,14.66800000,134799122,134799122,1782865721765624,False,True
93522255,32.55000000,11.03000000,134799123,134799123,1782865721766191,False,True
93522256,32.55000000,9.30800000,134799124,134799124,1782865721769782,False,True
93522257,32.55000000,0.72200000,134799125,134799126,1782865721770179,False,True
93522258,32.55000000,0.23100000,134799127,134799127,1782865721807850,False,True
93522259,32.56000000,0.31800000,134799128,134799129,1782865721807850,False,True
93522260,32.54000000,1.87200000,134799130,134799130,1782865726788495,True,True
93522261,32.55000000,0.39500000,134799131,134799131,1782865728103257,False,True
93522262,32.56000000,4.03600000,134799132,134799134,1782865740108606,False,True
93522263,32.57000000,8.18000000,134799135,134799138,1782865740108606,False,True
93522264,32.57000000,0.17000000,134799139,134799139,1782865740113484,False,True
93522265,32.57000000,10.38400000,134799140,134799146,1782865740119685,False,True
93522266,32.57000000,3.34700000,134799147,134799151,1782865740121637,False,True
93522267,32.57000000,3.95200000,134799152,134799155,1782865740123141,False,True
93522268,32.57000000,6.21000000,134799156,134799159,1782865740133263,False,True
93522269,32.57000000,0.36100000,134799160,134799160,1782865740156126,False,True
93522270,32.57000000,0.98200000,134799161,134799162,1782865740157501,False,True
93522271,32.57000000,0.98200000,134799163,134799164,1782865740157778,False,True
93522272,32.57000000,0.69900000,134799165,134799165,1782865740157963,False,True
93522273,32.57000000,1.57200000,134799166,134799168,1782865740158295,False,True
93522274,32.57000000,1.57200000,134799169,134799171,1782865740158496,False,True
93522275,32.57000000,0.22300000,134799172,134799172,1782865740169810,False,True
93522276,32.57000000,0.27500000,134799173,134799173,1782865740173592,False,True
93522277,32.57000000,0.52400000,134799174,134799175,1782865740173931,False,True
93522278,32.57000000,0.71300000,134799176,134799176,1782865740174152,False,True
93522279,32.57000000,0.77300000,134799177,134799177,1782865740174384,False,True
93522280,32.57000000,0.22300000,134799178,134799178,1782865740182714,False,True
93522281,32.57000000,0.46400000,134799179,134799179,1782865740184600,False,True
93522282,32.57000000,0.27500000,134799180,134799181,1782865740184730,False,True
93522283,32.57000000,0.77300000,134799182,134799183,1782865740184901,False,True
93522284,32.57000000,0.77300000,134799184,134799185,1782865740185310,False,True
93522285,32.57000000,0.22300000,134799186,134799186,1782865740187796,False,True
93522286,32.57000000,0.61300000,134799187,134799188,1782865740189161,False,True
93522287,32.57000000,0.46400000,134799189,134799190,1782865740189876,False,True
93522288,32.57000000,0.18900000,134799191,134799191,1782865740190797,False,True
93522289,32.57000000,0.18900000,134799192,134799192,1782865740191334,False,True
93522290,32.57000000,0.58400000,134799193,134799193,1782865740191513,False,True
93522291,32.57000000,0.16000000,134799194,134799194,1782865740191818,False,True
93522292,32.57000000,0.22300000,134799195,134799195,1782865740192460,False,True
93522293,32.57000000,0.36100000,134799196,134799197,1782865740193893,False,True
93522294,32.57000000,0.25200000,134799198,134799198,1782865740194192,False,True
93522295,32.57000000,0.29100000,134799199,134799199,1782865740195303,False,True
93522296,32.57000000,0.36200000,134799200,134799200,1782865740195721,False,True
93522297,32.57000000,0.18900000,134799201,134799201,1782865740195868,False,True
93522298,32.57000000,0.58400000,134799202,134799202,1782865740196773,False,True
93522299,32.57000000,0.16000000,134799203,134799204,1782865740197058,False,True
93522300,32.57000000,0.22300000,134799205,134799205,1782865740197525,False,True
93522301,32.57000000,0.30300000,134799206,134799207,1782865740198263,False,True
93522302,32.57000000,0.25200000,134799208,134799208,1782865740199047,False,True
