2176899,1.00100000,35.00000000,2526053,2526053,1782864013583251,True,True
2176900,1.00110000,269.00000000,2526054,2526054,1782864015856341,False,True
2176901,1.00100000,211.00000000,2526055,2526055,1782864027319372,True,True
2176902,1.00100000,190.00000000,2526056,2526056,1782864033220368,True,True
2176903,1.00100000,419.00000000,2526057,2526057,1782864033223124,True,True
2176904,1.00100000,270.00000000,2526058,2526058,1782864035479044,True,True
2176905,1.00100000,684.00000000,2526059,2526059,1782864037316119,True,True
2176906,1.00100000,181.00000000,2526060,2526060,1782864042287413,True,True
2176907,1.00100000,249.00000000,2526061,2526061,1782864047325428,True,True
2176908,1.00100000,41.00000000,2526062,2526062,1782864047425441,True,True
2176909,1.00100000,38.00000000,2526063,2526063,1782864047837665,True,True
2176910,1.00110000,53.00000000,2526064,2526064,1782864050373990,False,True
2176911,1.00100000,42.00000000,2526065,2526065,1782864051288542,True,True
2176912,1.00100000,755.00000000,2526066,2526066,1782864057320106,True,True
2176913,1.00100000,176.00000000,2526067,2526067,1782864067324338,True,True
2176914,1.00100000,5818.00000000,2526068,2526070,1782864068617348,True,True
2176915,1.00100000,80.00000000,2526071,2526071,1782864100716590,True,True
2176916,1.00110000,22.00000000,2526072,2526072,1782864103825404,False,True
2176917,1.00100000,295.00000000,2526073,2526073,1782864107302849,True,True
2176918,1.00110000,54.00000000,2526074,2526074,1782864119883398,False,True
2176919,1.00110000,8.00000000,2526075,2526075,1782864165113180,False,True
2176920,1.00110000,8.00000000,2526076,2526076,1782864165296061,False,True
2176921,1.00110000,250.00000000,2526077,2526077,1782864168193909,False,True
2176922,1.00100000,90.00000000,2526078,2526078,1782864171935440,True,True
2176923,1.00100000,89.00000000,2526079,2526079,1782864211407228,True,True
2176924,1.00110000,20.00000000,2526080,2526080,1782864221442375,False,True
2176925,1.00110000,40.00000000,2526081,2526081,1782864223416733,False,True
2176926,1.00110000,20.00000000,2526082,2526082,1782864223421283,False,True
2176927,1.00110000,40.00000000,2526083,2526083,1782864223440232,False,True
2176928,1.00100000,71.00000000,2526084,2526084,1782864262283719,True,True
2176929,1.00100000,29209.00000000,2526085,2526093,1782864266576729,True,True
2176930,1.00100000,56.00000000,2526094,2526094,1782864279406687,True,True
2176931,1.00100000,58.00000000,2526095,2526095,1782864279410203,True,True
2176932,1.00100000,465.00000000,2526096,2526096,1782864287307214,True,True
2176933,1.00100000,192.00000000,2526097,2526098,1782864288358032,True,True
2176934,1.00100000,292.00000000,2526099,2526099,1782864297318993,True,True
2176935,1.00100000,24.00000000,2526100,2526100,1782864298271747,True,True
2176936,1.00100000,64.00000000,2526101,2526101,1782864299598092,True,True
2176937,1.00100000,106.00000000,2526102,2526102,1782864301864189,True,True
2176938,1.00100000,23.00000000,2526103,2526103,1782864302316449,True,True
2176939,1.00100000,1271.00000000,2526104,2526104,1782864302796076,True,True
2176940,1.00100000,295.00000000,2526105,2526105,1782864307321376,True,True
2176941,1.00100000,29.00000000,2526106,2526106,1782864314114563,True,True
2176942,1.00100000,585.00000000,2526107,2526107,1782864317330228,True,True
2176943,1.00100000,26.00000000,2526108,2526108,1782864340006338,True,True
2176944,1.00100000,24.00000000,2526109,2526109,1782864347299634,True,True
2176945,1.00100000,20.00000000,2526110,2526110,1782864431527630,True,True
2176946,1.00110000,100.00000000,2526111,2526111,1782864444493053,False,True
2176947,1.00100000,28.00000000,2526112,2526112,1782864451714960,True,True
2176948,1.00100000,29436.00000000,2526113,2526118,1782864455943702,True,True
2176949,1.00100000,19597.00000000,2526119,2526119,1782864455943769,True,True
2176950,1.00100000,10281.00000000,2526120,2526120,1782864455943986,True,True
2176951,1.00100000,1795.00000000,2526121,2526121,1782864455945490,True,True
2176952,1.00100000,25.00000000,2526122,2526122,1782864455945853,True,True
2176953,1.00100000,687.00000000,2526123,2526123,1782864455946348,True,True
2176954,1.00100000,453.00000000,2526124,2526124,1782864455946994,True,True
2176955,1.00100000,1795.00000000,2526125,2526125,1782864455949228,True,True
2176956,1.00100000,453.00000000,2526126,2526126,1782864455950353,True,True
2176957,1.00100000,2000.00000000,2526127,2526127,1782864455967181,True,True
2176958,1.00110000,475552.00000000,2526128,2526293,1782864478980989,False,True
2176959,1.00100000,202.00000000,2526294,2526294,1782864479131997,True,True
2176960,1.00110000,104053.00000000,2526295,2526335,1782864484836673,False,True
2176961,1.00110000,997.00000000,2526336,2526336,1782864484838603,True,True
2176962,1.00110000,21569.00000000,2526337,2526337,1782864484838914,True,True
2176963,1.00110000,15715.00000000,2526338,2526338,1782864484839012,True,True
2176964,1.00110000,98.00000000,2526339,2526339,1782864484839776,True,True
2176965,1.00110000,689.00000000,2526340,2526340,1782864484841689,True,True
2176966,1.00110000,25.00000000,2526341,2526341,1782864484842087,True,True
2176967,1.00110000,109.00000000,2526342,2526342,1782864484842760,True,True
2176968,1.00110000,689.00000000,2526343,2526343,1782864484846785,True,True
2176969,1.00110000,25.00000000,2526344,2526344,1782864484851154,True,True
2176970,1.00110000,689.00000000,2526345,2526345,1782864484851257,True,True
2176971,1.00110000,688.00000000,2526346,2526346,1782864484855328,True,True
2176972,1.00110000,688.00000000,2526347,2526347,1782864484861183,True,True
2176973,1.00110000,25.00000000,2526348,2526348,1782864484862903,True,True
2176974,1.00110000,687.00000000,2526349,2526349,1782864484865552,True,True
2176975,1.00110000,687.00000000,2526350,2526350,1782864484869993,True,True
2176976,1.00110000,25.00000000,2526351,2526351,1782864484873744,True,True
2176977,1.00110000,686.00000000,2526352,2526352,1782864484874940,True,True
2176978,1.00110000,686.00000000,2526353,2526353,1782864484879041,True,True
2176979,1.00110000,685.00000000,2526354,2526354,1782864484884991,True,True
2176980,1.00110000,25.00000000,2526355,2526355,1782864484888758,True,True
2176981,1.00110000,685.00000000,2526356,2526356,1782864484888999,True,True
2176982,1.00110000,684.00000000,2526357,2526357,1782864484894568,True,True
2176983,1.00110000,684.00000000,2526358,2526358,1782864484899917,True,True
2176984,1.00110000,25.00000000,2526359,2526359,1782864484900670,True,True
2176985,1.00110000,683.00000000,2526360,2526360,1782864484906028,True,True
2176986,1.00110000,683.00000000,2526361,2526361,1782864484911247,True,True
2176987,1.00110000,682.00000000,2526362,2526362,1782864484914567,True,True
2176988,1.00110000,682.00000000,2526363,2526363,1782864484919152,True,True
2176989,1.00110000,25.00000000,2526364,2526364,1782864484920979,True,True
2176990,1.00110000,680.00000000,2526365,2526365,1782864484922298,True,True
2176991,1.00110000,680.00000000,2526366,2526366,1782864484925446,True,True
2176992,1.00110000,679.00000000,2526367,2526367,1782864484928789,True,True
2176993,1.00110000,679.00000000,2526368,2526368,1782864484932090,True,True
2176994,1.00110000,25.00000000,2526369,2526369,1782864484933527,True,True
2176995,1.00110000,679.00000000,2526370,2526370,1782864484936191,True,True
2176996,1.00110000,679.00000000,2526371,2526371,1782864484939188,True,True
2176997,1.00110000,678.00000000,2526372,2526372,1782864484942476,True,True
2176998,1.00110000,25.00000000,2526373,2526373,1782864484945494,True,True
2176999,1.00110000,677.00000000,2526374,2526374,1782864484946107,True,True
2177000,1.00110000,677.00000000,2526375,2526375,1782864484949943,True,True
2177001,1.00110000,676.00000000,2526376,2526376,1782864484953740,True,True
2177002,1.00110000,25.00000000,2526377,2526377,1782864484954297,True,True
2177003,1.00110000,676.00000000,2526378,2526378,1782864484957449,True,True
2177004,1.00110000,675.00000000,2526379,2526379,1782864484960905,True,True
2177005,1.00110000,675.00000000,2526380,2526380,1782864484964670,True,True
2177006,1.00110000,25.00000000,2526381,2526381,1782864484968291,True,True
2177007,1.00110000,674.00000000,2526382,2526382,1782864484968626,True,True
2177008,1.00110000,673.00000000,2526383,2526383,1782864484972298,True,True
2177009,1.00110000,673.00000000,2526384,2526384,1782864484975906,True,True
2177010,1.00110000,672.00000000,2526385,2526385,1782864484979402,True,True
2177011,1.00110000,672.00000000,2526386,2526386,1782864484982882,True,True
2177012,1.00110000,25.00000000,2526387,2526387,1782864484982929,True,True
2177013,1.00110000,672.00000000,2526388,2526388,1782864484986444,True,True
2177014,1.00110000,670.00000000,2526389,2526389,1782864484989824,True,True
2177015,1.00110000,25.00000000,2526390,2526390,1782864484991846,True,True
2177016,1.00110000,671.00000000,2526391,2526391,1782864484993125,True,True
2177017,1.00110000,670.00000000,2526392,2526392,1782864484997790,True,True
2177018,1.00110000,25.00000000,2526393,2526393,1782864485001307,True,True
2177019,1.00110000,670.00000000,2526394,2526394,1782864485001587,True,True
2177020,1.00110000,669.00000000,2526395,2526395,1782864485006088,True,True
2177021,1.00110000,669.00000000,2526396,2526396,1782864485010294,True,True
2177022,1.00110000,667.00000000,2526397,2526397,1782864485014541,True,True
2177023,1.00110000,667.00000000,2526398,2526398,1782864485018293,True,True
2177024,1.00110000,25.00000000,2526399,2526399,1782864485019116,True,True
2177025,1.00110000,667.00000000,2526400,2526400,1782864485022402,True,True
2177026,1.00110000,666.00000000,2526401,2526401,1782864485026824,True,True
2177027,1.00110000,25.00000000,2526402,2526402,1782864485029532,True,True
2177028,1.00110000,665.00000000,2526403,2526403,1782864485030621,True,True
2177029,1.00110000,339.00000000,2526404,2526404,1782864485033379,True,True
2177030,1.00110000,186.00000000,2526405,2526405,1782864485566641,True,True
2177031,1.00110000,5647.00000000,2526406,2526406,1782864485569039,True,True
2177032,1.00110000,369.00000000,2526407,2526407,1782864489022824,True,True
2177033,1.00110000,115.00000000,2526408,2526408,1782864489026439,True,True
2177034,1.00110000,429.00000000,2526409,2526409,1782864489027511,True,True
2177035,1.00110000,1257.00000000,2526410,2526410,1782864518561820,True,True
2177036,1.00120000,2998.00000000,2526411,2526414,1782864523737265,False,True
2177037,1.00120000,70.00000000,2526415,2526415,1782864543146796,False,True
2177038,1.00110000,171.00000000,2526416,2526416,1782864561907622,True,True
2177039,1.00120000,9.00000000,2526417,2526417,1782864564384491,False,True
2177040,1.00120000,125.00000000,2526418,2526418,1782864568898086,False,True
2177041,1.00120000,25.00000000,2526419,2526419,1782864590308649,False,True
2177042,1.00120000,1747.00000000,2526420,2526420,1782864603850026,False,True
2177043,1.00120000,6.00000000,2526421,2526421,1782864619564427,False,True
2177044,1.00110000,181.00000000,2526422,2526422,1782864634481921,True,True
2177045,1.00110000,296.00000000,2526423,2526423,1782864637326097,True,True
2177046,1.00120000,9.00000000,2526424,2526424,1782864639573879,False,True
2177047,1.00120000,20.00000000,2526425,2526425,1782864645763525,False,True
2177048,1.00120000,20.00000000,2526426,2526426,1782864651901336,False,True
2177049,1.00120000,20.00000000,2526427,2526427,1782864652300942,False,True
2177050,1.00110000,240.00000000,2526428,2526428,1782864657154471,True,True
2177051,1.00110000,197.00000000,2526429,2526429,1782864657154499,True,True
2177052,1.00110000,796.00000000,2526430,2526431,1782864657330451,True,True
2177053,1.00110000,102.00000000,2526432,2526432,1782864657477550,True,True
2177054,1.00120000,20.00000000,2526433,2526433,1782864658001611,False,True
2177055,1.00110000,154.00000000,2526434,2526434,1782864658382881,True,True
2177056,1.00110000,48.00000000,2526435,2526435,1782864658796050,True,True
2177057,1.00110000,185.00000000,2526436,2526436,1782864659577424,True,True
2177058,1.00120000,40.00000000,2526437,2526437,1782864662238966,False,True
2177059,1.00110000,187.00000000,2526438,2526438,1782864665051037,True,True
2177060,1.00110000,462.00000000,2526439,2526439,1782864667528547,True,True
2177061,1.00110000,110.00000000,2526440,2526440,1782864673276159,True,True
2177062,1.00120000,30.00000000,2526441,2526441,1782864675722735,False,True
2177063,1.00120000,9.00000000,2526442,2526442,1782864675723128,False,True
2177064,1.00110000,600.00000000,2526443,2526443,1782864681445547,True,True
2177065,1.00120000,50.00000000,2526444,2526444,1782864688218315,False,True
2177066,1.00110000,4690.00000000,2526445,2526445,1782864706282805,True,True
2177067,1.00120000,394.00000000,2526446,2526446,1782864710862331,False,True
2177068,1.00120000,56.00000000,2526447,2526447,1782864716577469,False,True
2177069,1.00120000,42.00000000,2526448,2526448,1782864718636027,False,True
2177070,1.00120000,17.00000000,2526449,2526449,1782864720694126,False,True
2177071,1.00110000,4685.00000000,2526450,2526450,1782864758563746,True,True
2177072,1.00110000,1257.00000000,2526451,2526451,1782864758563794,True,True
2177073,1.00110000,29436.00000000,2526452,2526453,1782864774237771,True,True
2177074,1.00110000,14568.00000000,2526454,2526457,1782864774237848,True,True
2177075,1.00110000,21569.00000000,2526458,2526459,1782864774238051,True,True
2177076,1.00110000,19597.00000000,2526460,2526460,1782864774238052,True,True
2177077,1.00110000,21834.00000000,2526461,2526462,1782864774238134,True,True
2177078,1.00110000,997.00000000,2526463,2526463,1782864774238170,True,True
2177079,1.00110000,14561.00000000,2526464,2526465,1782864774238178,True,True
2177080,1.00110000,28.00000000,2526466,2526466,1782864774238349,True,True
2177081,1.00110000,98.00000000,2526467,2526467,1782864774238489,True,True
2177082,1.00110000,98.00000000,2526468,2526468,1782864774238598,True,True
2177083,1.00110000,21.00000000,2526469,2526469,1782864774238615,True,True
2177084,1.00110000,19.00000000,2526470,2526470,1782864774239058,True,True
2177085,1.00110000,23.00000000,2526471,2526471,1782864774239539,True,True
2177086,1.00110000,1795.00000000,2526472,2526472,1782864774239582,True,True
2177087,1.00110000,25.00000000,2526473,2526473,1782864774246665,True,True
2177088,1.00110000,9.00000000,2526474,2526474,1782864774248437,True,True
2177089,1.00110000,9.00000000,2526475,2526475,1782864774249687,True,True
2177090,1.00110000,1130.00000000,2526476,2526476,1782864774438283,True,True
2177091,1.00110000,1256.00000000,2526477,2526477,1782864778559474,True,True
2177092,1.00110000,74.00000000,2526478,2526478,1782864779359675,True,True
2177093,1.00110000,70.00000000,2526479,2526479,1782864782647854,True,True
2177094,1.00110000,108.00000000,2526480,2526480,1782864799178277,True,True
2177095,1.00110000,56.00000000,2526481,2526481,1782864804100837,True,True
2177096,1.00120000,14.00000000,2526482,2526482,1782864809702396,False,True
2177097,1.00110000,121.00000000,2526483,2526483,1782864811218244,True,True
2177098,1.00110000,70.00000000,2526484,2526484,1782864811667869,True,True
2177099,1.00110000,234.00000000,2526485,2526485,1782864812598663,True,True
2177100,1.00110000,108.00000000,2526486,2526486,1782864812603156,True,True
2177101,1.00110000,176.00000000,2526487,2526487,1782864812667487,True,True
2177102,1.00110000,169.00000000,2526488,2526488,1782864814503289,True,True
2177103,1.00110000,197.00000000,2526489,2526489,1782864818510548,True,True
2177104,1.00110000,216.00000000,2526490,2526490,1782864828841507,True,True
2177105,1.00110000,203.00000000,2526491,2526491,1782864828842214,True,True
2177106,1.00110000,190.00000000,2526492,2526492,1782864836067017,True,True
2177107,1.00110000,167.00000000,2526493,2526493,1782864836504800,True,True
2177108,1.00110000,95.00000000,2526494,2526494,1782864836510110,True,True
2177109,1.00110000,128.00000000,2526495,2526495,1782864836953112,True,True
2177110,1.00110000,193.00000000,2526496,2526496,1782864840097784,True,True
2177111,1.00120000,87.00000000,2526497,2526497,1782864842902629,False,True
2177112,1.00110000,182.00000000,2526498,2526498,1782864850014307,True,True
2177113,1.00110000,203.00000000,2526499,2526499,1782864850018186,True,True
2177114,1.00110000,6.00000000,2526500,2526500,1782864892289824,True,True
2177115,1.00110000,495.00000000,2526501,2526501,1782864892290599,True,True
2177116,1.00110000,25.00000000,2526502,2526502,1782864892292806,True,True
2177117,1.00110000,495.00000000,2526503,2526503,1782864892293139,True,True
2177118,1.00110000,1262.00000000,2526504,2526504,1782864900388720,True,True
2177119,1.00110000,1262.00000000,2526505,2526505,1782864900393562,True,True
2177120,1.00110000,1262.00000000,2526506,2526506,1782864900402536,True,True
2177121,1.00110000,86.00000000,2526507,2526507,1782864900404949,True,True
2177122,1.00110000,22351.00000000,2526508,2526509,1782864900405179,True,True
2177123,1.00110000,86.00000000,2526510,2526510,1782864900405180,True,True
2177124,1.00110000,86.00000000,2526511,2526511,1782864900405398,True,True
2177125,1.00110000,21662.00000000,2526512,2526513,1782864900405401,True,True
2177126,1.00110000,86.00000000,2526514,2526514,1782864900405416,True,True
2177127,1.00110000,86.00000000,2526515,2526515,1782864900405479,True,True
2177128,1.00110000,25.00000000,2526516,2526516,1782864900406044,True,True
2177129,1.00110000,28.00000000,2526517,2526517,1782864900408049,True,True
2177130,1.00110000,20.00000000,2526518,2526518,1782864900408265,True,True
2177131,1.00110000,19.00000000,2526519,2526519,1782864900408756,True,True
2177132,1.00110000,22.00000000,2526520,2526520,1782864900408761,True,True
2177133,1.00120000,546.00000000,2526521,2526521,1782864908446781,False,True
2177134,1.00120000,546.00000000,2526522,2526522,1782864908450745,False,True
2177135,1.00110000,396.00000000,2526523,2526523,1782864909024842,True,True
2177136,1.00110000,13.00000000,2526524,2526524,1782864910387911,True,True
2177137,1.00110000,16.00000000,2526525,2526525,1782864910389399,True,True
2177138,1.00110000,463.00000000,2526526,2526526,1782864911653012,True,True
2177139,1.00110000,26.00000000,2526527,2526527,1782864913035488,True,True
2177140,1.00110000,46.00000000,2526528,2526528,1782864913035632,True,True
2177141,1.00110000,997.00000000,2526529,2526529,1782864913146582,True,True
2177142,1.00110000,22.00000000,2526530,2526530,1782864913146673,True,True
2177143,1.00110000,98.00000000,2526531,2526531,1782864913146808,True,True
2177144,1.00110000,19.00000000,2526532,2526532,1782864913146956,True,True
2177145,1.00110000,1044.00000000,2526533,2526533,1782864913147027,True,True
2177146,1.00110000,28.00000000,2526534,2526534,1782864913147129,True,True
2177147,1.00110000,21.00000000,2526535,2526535,1782864913147522,True,True
2177148,1.00110000,20.00000000,2526536,2526536,1782864913147716,True,True
2177149,1.00110000,98.00000000,2526537,2526537,1782864913147777,True,True
2177150,1.00110000,25.00000000,2526538,2526538,1782864913148639,True,True
2177151,1.00110000,1795.00000000,2526539,2526539,1782864913148659,True,True
2177152,1.00110000,998.00000000,2526540,2526540,1782864913149947,True,True
2177153,1.00110000,28.00000000,2526541,2526541,1782864917066825,True,True
2177154,1.00110000,1126.00000000,2526542,2526542,1782864917329222,True,True
2177155,1.00110000,22.00000000,2526543,2526543,1782864917541339,True,True
2177156,1.00110000,231.00000000,2526544,2526544,1782864918813416,True,True
2177157,1.00110000,41.00000000,2526545,2526545,1782864920386468,True,True
2177158,1.00110000,12.00000000,2526546,2526546,1782864942658880,True,True
2177159,1.00120000,9.00000000,2526547,2526547,1782864943862983,False,True
2177160,1.00110000,39.00000000,2526548,2526548,1782864947837373,True,True
2177161,1.00110000,110.00000000,2526549,2526549,1782864971958644,True,True
2177162,1.00110000,30.00000000,2526550,2526550,1782864972853403,True,True
2177163,1.00110000,69.00000000,2526551,2526551,1782864972856792,True,True
2177164,1.00110000,249.00000000,2526552,2526552,1782864972868637,True,True
2177165,1.00110000,113.00000000,2526553,2526553,1782864979131743,True,True
2177166,1.00110000,57.00000000,2526554,2526554,1782864979162405,True,True
2177167,1.00110000,17.00000000,2526555,2526555,1782864980355203,True,True
2177168,1.00110000,277.00000000,2526556,2526556,1782864980539659,True,True
2177169,1.00110000,68.00000000,2526557,2526557,1782864984119972,True,True
2177170,1.00110000,106.00000000,2526558,2526558,1782864987675519,True,True
2177171,1.00120000,1499.00000000,2526559,2526560,1782864997547884,False,True
2177172,1.00110000,26.00000000,2526561,2526561,1782865052082170,True,True
2177173,1.00110000,589.00000000,2526562,2526562,1782865063185972,True,True
2177174,1.00120000,44.00000000,2526563,2526563,1782865068882762,False,True
2177175,1.00110000,112.00000000,2526564,2526564,1782865069869976,True,True
2177176,1.00120000,4683.00000000,2526565,2526566,1782865087940120,False,True
2177177,1.00110000,3020.00000000,2526567,2526568,1782865126097176,True,True
2177178,1.00110000,75.00000000,2526569,2526569,1782865138005863,True,True
2177179,1.00110000,120.00000000,2526570,2526570,1782865145351542,True,True
2177180,1.00110000,7.00000000,2526571,2526571,1782865183204649,True,True
2177181,1.00120000,499.00000000,2526572,2526572,1782865231695694,False,True
2177182,1.00110000,31.00000000,2526573,2526573,1782865235678445,True,True
2177183,1.00120000,13.00000000,2526574,2526574,1782865235819161,False,True
2177184,1.00110000,196.00000000,2526575,2526575,1782865236999569,True,True
2177185,1.00110000,429.00000000,2526576,2526576,1782865251710118,True,True
2177186,1.00110000,40.00000000,2526577,2526577,1782865284729684,True,True
2177187,1.00110000,34.00000000,2526578,2526578,1782865284730426,True,True
2177188,1.00110000,1254.00000000,2526579,2526579,1782865312625302,True,True
2177189,1.00110000,9342.00000000,2526580,2526580,1782865312637164,True,True
2177190,1.00120000,253.00000000,2526581,2526581,1782865315573471,False,True
2177191,1.00120000,3990.00000000,2526582,2526582,1782865316807969,False,True
2177192,1.00120000,1067.00000000,2526583,2526583,1782865317074605,False,True
2177193,1.00120000,49940.00000000,2526584,2526584,1782865360776614,False,True
2177194,1.00120000,8.00000000,2526585,2526585,1782865367786234,False,True
2177195,1.00110000,40.00000000,2526586,2526586,1782865368788658,True,True
2177196,1.00110000,23.00000000,2526587,2526587,1782865414843487,True,True
2177197,1.00110000,30.00000000,2526588,2526588,1782865436780327,True,True
2177198,1.00110000,17.00000000,2526589,2526589,1782865439489025,True,True
2177199,1.00110000,56.00000000,2526590,2526590,1782865466023161,True,True
2177200,1.00110000,33.00000000,2526591,2526591,1782865466030084,True,True
2177201,1.00110000,17.00000000,2526592,2526592,1782865466044320,True,True
2177202,1.00110000,65.00000000,2526593,2526593,1782865489561429,True,True
2177203,1.00110000,102.00000000,2526594,2526594,1782865539398363,True,True
2177204,1.00110000,76.00000000,2526595,2526595,1782865539402159,True,True
2177205,1.00110000,4666.00000000,2526596,2526596,1782865539916089,True,True
2177206,1.00110000,545.00000000,2526597,2526597,1782865539923312,True,True
2177207,1.00110000,1252.00000000,2526598,2526598,1782865539946497,True,True
2177208,1.00110000,1457.00000000,2526599,2526599,1782865542312417,True,True
2177209,1.00110000,27.00000000,2526600,2526600,1782865542580389,True,True
2177210,1.00110000,29.00000000,2526601,2526601,1782865549768633,True,True
2177211,1.00110000,4662.00000000,2526602,2526609,1782865562174159,True,True
2177212,1.00120000,243.00000000,2526610,2526610,1782865564354455,False,True
2177213,1.00110000,1252.00000000,2526611,2526613,1782865582033332,True,True
2177214,1.00110000,1251.00000000,2526614,2526615,1782865582037220,True,True
2177215,1.00110000,19.00000000,2526616,2526616,1782865612014591,True,True
2177216,1.00110000,41.00000000,2526617,2526617,1782865612032280,True,True
2177217,1.00110000,90.00000000,2526618,2526618,1782865612331690,True,True
2177218,1.00110000,108.00000000,2526619,2526619,1782865616004245,True,True
2177219,1.00110000,4660.00000000,2526620,2526623,1782865618316037,True,True
2177220,1.00110000,142.00000000,2526624,2526624,1782865618446262,True,True
2177221,1.00110000,25.00000000,2526625,2526625,1782865623054936,True,True
2177222,1.00110000,13260.00000000,2526626,2526628,1782865657132869,True,True
2177223,1.00120000,17075.00000000,2526629,2526629,1782865663609283,False,True
2177224,1.00120000,87.00000000,2526630,2526630,1782865693414980,False,True
2177225,1.00110000,759.00000000,2526631,2526631,1782865694313955,True,True
2177226,1.00120000,1809.00000000,2526632,2526632,1782865695796530,False,True
2177227,1.00120000,45077.00000000,2526633,2526659,1782865708948899,False,True
2177228,1.00110000,598.00000000,2526660,2526660,1782865716020180,True,True
2177229,1.00110000,176.00000000,2526661,2526661,1782865724815648,True,True
2177230,1.00110000,17.00000000,2526662,2526662,1782865725711252,True,True
2177231,1.00110000,199.00000000,2526663,2526663,1782865729297733,True,True
2177232,1.00110000,31.00000000,2526664,2526664,1782865733363199,True,True
2177233,1.00110000,69.00000000,2526665,2526665,1782865734809253,True,True
2177234,1.00110000,34.00000000,2526666,2526666,1782865735212475,True,True
2177235,1.00110000,52.00000000,2526667,2526667,1782865752214646,True,True
2177236,1.00120000,545.00000000,2526668,2526668,1782865783157193,False,True
2177237,1.00110000,330.00000000,2526669,2526669,1782865783771781,True,True
2177238,1.00110000,253.00000000,2526670,2526670,1782865792563996,True,True
2177239,1.00120000,299.00000000,2526671,2526671,1782865795404048,False,True
2177240,1.00110000,8.00000000,2526672,2526672,1782865825337494,True,True
2177241,1.00120000,11.00000000,2526673,2526673,1782865833705545,False,True
2177242,1.00110000,136.00000000,2526674,2526674,1782865838648449,True,True
2177243,1.00110000,80.00000000,2526675,2526675,1782865838649612,True,True
2177244,1.00110000,40.00000000,2526676,2526676,1782865840002656,True,True
2177245,1.00110000,101.00000000,2526677,2526677,1782865842309892,True,True
2177246,1.00110000,87.00000000,2526678,2526678,1782865843597749,True,True
2177247,1.00110000,150.00000000,2526679,2526679,1782865844957791,True,True
2177248,1.00110000,77.00000000,2526680,2526680,1782865844958643,True,True
2177249,1.00110000,450.00000000,2526681,2526681,1782865845394024,True,True
2177250,1.00110000,108.00000000,2526682,2526682,1782865850353468,True,True
2177251,1.00110000,349.00000000,2526683,2526683,1782865854432169,True,True
2177252,1.00110000,38.00000000,2526684,2526684,1782865857564026,True,True
2177253,1.00110000,372.00000000,2526685,2526685,1782865860764565,True,True
2177254,1.00110000,108.00000000,2526686,2526686,1782865861576963,True,True
2177255,1.00110000,1435.00000000,2526687,2526687,1782865861577057,True,True
2177256,1.00110000,417.00000000,2526688,2526688,1782865861580313,True,True
2177257,1.00110000,192.00000000,2526689,2526689,1782865862468985,True,True
2177258,1.00110000,113.00000000,2526690,2526690,1782865863347035,True,True
2177259,1.00110000,5278.00000000,2526691,2526691,1782865865657906,True,True
2177260,1.00110000,1776.00000000,2526692,2526692,1782865866126124,True,True
2177261,1.00110000,71.00000000,2526693,2526693,1782865867023452,True,True
2177262,1.00120000,637.00000000,2526694,2526694,1782865867039713,False,True
2177263,1.00110000,1625.00000000,2526695,2526695,1782865867512322,True,True
2177264,1.00110000,146.00000000,2526696,2526696,1782865867512333,True,True
2177265,1.00110000,5.00000000,2526697,2526697,1782865868171671,True,True
2177266,1.00110000,24.00000000,2526698,2526698,1782865872092564,True,True
2177267,1.00110000,159.00000000,2526699,2526699,1782865872107658,True,True
2177268,1.00110000,462.00000000,2526700,2526700,1782865872355937,True,True
2177269,1.00110000,71.00000000,2526701,2526701,1782865872359522,True,True
2177270,1.00110000,5507.00000000,2526702,2526704,1782865872368679,True,True
2177271,1.00110000,156.00000000,2526705,2526705,1782865872439819,True,True
2177272,1.00110000,136.00000000,2526706,2526706,1782865872440210,True,True
2177273,1.00120000,1122.00000000,2526707,2526707,1782865873362289,False,True
2177274,1.00110000,116.00000000,2526708,2526708,1782865874374932,True,True
2177275,1.00110000,158.00000000,2526709,2526709,1782865881337204,True,True
2177276,1.00110000,25.00000000,2526710,2526710,1782865891298899,True,True
2177277,1.00120000,965.00000000,2526711,2526711,1782865892168232,False,True
2177278,1.00110000,8.00000000,2526712,2526712,1782865928085883,True,True
2177279,1.00110000,100.00000000,2526713,2526713,1782865928944152,True,True
2177280,1.00120000,10.00000000,2526714,2526714,1782865936687540,False,True
2177281,1.00110000,400.00000000,2526715,2526715,1782865957512425,True,True
2177282,1.00110000,21.00000000,2526716,2526716,1782865961497600,True,True
2177283,1.00110000,76.00000000,2526717,2526717,1782865961498510,True,True
2177284,1.00110000,278.00000000,2526718,2526718,1782865961977802,True,True
2177285,1.00110000,19.00000000,2526719,2526719,1782865988114664,True,True
2177286,1.00110000,206.00000000,2526720,2526720,1782866013618531,True,True
2177287,1.00110000,294.00000000,2526721,2526721,1782866033330251,True,True
2177288,1.00110000,1001.00000000,2526722,2526722,1782866044145337,True,True
2177289,1.00110000,10.00000000,2526723,2526723,1782866063634679,True,True
2177290,1.00110000,759.00000000,2526724,2526724,1782866126076779,True,True
2177291,1.00120000,546.00000000,2526725,2526725,1782866148365805,False,True
2177292,1.00120000,546.00000000,2526726,2526726,1782866148369566,False,True
2177293,1.00110000,69.00000000,2526727,2526727,1782866150518557,True,True
2177294,1.00120000,18651.00000000,2526728,2526732,1782866193668124,False,True
2177295,1.00110000,3006.00000000,2526733,2526733,1782866194172238,True,True
2177296,1.00110000,10.00000000,2526734,2526734,1782866208560497,True,True
2177297,1.00110000,492.00000000,2526735,2526735,1782866237776723,True,True
2177298,1.00110000,534.00000000,2526736,2526736,1782866243330737,True,True
2177299,1.00120000,87.00000000,2526737,2526737,1782866244958085,False,True
2177300,1.00120000,87.00000000,2526738,2526738,1782866244958713,False,True
2177301,1.00110000,422.00000000,2526739,2526739,1782866245516336,True,True
2177302,1.00110000,77.00000000,2526740,2526740,1782866245524314,True,True
2177303,1.00110000,205.00000000,2526741,2526741,1782866293382093,True,True
2177304,1.00110000,208.00000000,2526742,2526742,1782866303328415,True,True
2177305,1.00110000,100.00000000,2526743,2526743,1782866312221571,True,True
2177306,1.00110000,290.00000000,2526744,2526744,1782866313307963,True,True
2177307,1.00110000,400.00000000,2526745,2526745,1782866322907257,True,True
2177308,1.00110000,143.00000000,2526746,2526746,1782866338586687,True,True
2177309,1.00120000,7.00000000,2526747,2526747,1782866346864188,False,True
2177310,1.00110000,104.00000000,2526748,2526748,1782866364238084,True,True
2177311,1.00110000,5054.00000000,2526749,2526749,1782866378816274,True,True
2177312,1.00110000,178.00000000,2526750,2526750,1782866435821558,True,True
2177313,1.00110000,27.00000000,2526751,2526751,1782866435824127,True,True
2177314,1.00110000,29.00000000,2526752,2526752,1782866447521394,True,True
2177315,1.00110000,30.00000000,2526753,2526753,1782866452447430,True,True
2177316,1.00110000,62.00000000,2526754,2526754,1782866457322330,True,True
2177317,1.00120000,200.00000000,2526755,2526755,1782866460869650,False,True
2177318,1.00110000,200.00000000,2526756,2526756,1782866469214767,True,True
2177319,1.00110000,30.00000000,2526757,2526757,1782866471354230,True,True
2177320,1.00110000,27.00000000,2526758,2526758,1782866472278723,True,True
2177321,1.00110000,22.00000000,2526759,2526759,1782866476821675,True,True
2177322,1.00120000,200.00000000,2526760,2526760,1782866477418611,False,True
2177323,1.00110000,200.00000000,2526761,2526761,1782866480263170,True,True
2177324,1.00110000,23.00000000,2526762,2526762,1782866481262123,True,True
2177325,1.00110000,28.00000000,2526763,2526763,1782866481264826,True,True
2177326,1.00120000,200.00000000,2526764,2526764,1782866484689217,False,True
2177327,1.00110000,200.00000000,2526765,2526765,1782866487355678,True,True
2177328,1.00110000,46.00000000,2526766,2526766,1782866488493682,True,True
2177329,1.00120000,200.00000000,2526767,2526767,1782866491036613,False,True
2177330,1.00120000,8.00000000,2526768,2526768,1782866493301679,False,True
2177331,1.00110000,200.00000000,2526769,2526769,1782866497166257,True,True
2177332,1.00120000,857.00000000,2526770,2526770,1782866500699991,False,True
2177333,1.00120000,200.00000000,2526771,2526771,1782866500904439,False,True
2177334,1.00110000,200.00000000,2526772,2526772,1782866510271847,True,True
2177335,1.00120000,26.00000000,2526773,2526773,1782866512328528,False,True
2177336,1.00110000,11.00000000,2526774,2526774,1782866517714722,True,True
2177337,1.00110000,24.00000000,2526775,2526775,1782866521322098,True,True
2177338,1.00120000,10.00000000,2526776,2526776,1782866630510397,False,True
2177339,1.00110000,546.00000000,2526777,2526777,1782866636801510,True,True
2177340,1.00110000,13.00000000,2526778,2526778,1782866649568627,True,True
2177341,1.00120000,52.00000000,2526779,2526779,1782866682670050,False,True
2177342,1.00120000,11.00000000,2526780,2526780,1782866687277841,False,True
2177343,1.00110000,396.00000000,2526781,2526781,1782866689161819,True,True
2177344,1.00110000,44.00000000,2526782,2526782,1782866712097673,True,True
2177345,1.00110000,178.00000000,2526783,2526783,1782866729177173,True,True
2177346,1.00110000,646.00000000,2526784,2526784,1782866729177525,True,True
2177347,1.00110000,24.00000000,2526785,2526785,1782866729177774,True,True
2177348,1.00110000,26.00000000,2526786,2526786,1782866729178048,True,True
2177349,1.00110000,261.00000000,2526787,2526787,1782866729178862,True,True
2177350,1.00110000,272.00000000,2526788,2526788,1782866742711516,True,True
2177351,1.00110000,17.00000000,2526789,2526789,1782866759269526,True,True
2177352,1.00110000,28.00000000,2526790,2526790,1782866760171236,True,True
2177353,1.00110000,259.00000000,2526791,2526791,1782866762076668,True,True
2177354,1.00110000,258.00000000,2526792,2526792,1782866763310740,True,True
2177355,1.00110000,359.00000000,2526793,2526793,1782866768806163,True,True
2177356,1.00110000,508.00000000,2526794,2526794,1782866770258966,True,True
2177357,1.00120000,29.00000000,2526795,2526795,1782866772839956,False,True
2177358,1.00110000,211.00000000,2526796,2526796,1782866773318005,True,True
2177359,1.00120000,9.00000000,2526797,2526797,1782866785963063,False,True
2177360,1.00110000,10.00000000,2526798,2526798,1782866808866917,True,True
2177361,1.00110000,80.00000000,2526799,2526799,1782866828886991,True,True
2177362,1.00120000,48.00000000,2526800,2526800,1782866830174316,False,True
2177363,1.00110000,257.00000000,2526801,2526801,1782866833322060,True,True
2177364,1.00120000,137820.00000000,2526802,2526807,1782866875643562,False,True
2177365,1.00120000,299.00000000,2526808,2526808,1782866878169134,False,True
2177366,1.00110000,313.00000000,2526809,2526809,1782866881540034,True,True
2177367,1.00120000,69.00000000,2526810,2526810,1782866882709601,False,True
2177368,1.00110000,73.00000000,2526811,2526811,1782866888938768,True,True
2177369,1.00120000,49940.00000000,2526812,2526813,1782866889356579,False,True
2177370,1.00120000,9.00000000,2526814,2526814,1782866889363086,False,True
2177371,1.00120000,9.00000000,2526815,2526815,1782866889363480,False,True
2177372,1.00120000,33616.00000000,2526816,2526818,1782866890599912,False,True
2177373,1.00110000,125.00000000,2526819,2526819,1782866932609504,True,True
2177374,1.00110000,209.00000000,2526820,2526820,1782866933308069,True,True
2177375,1.00110000,69.00000000,2526821,2526821,1782866943631808,True,True
2177376,1.00110000,243.00000000,2526822,2526822,1782866946552391,True,True
2177377,1.00110000,10.00000000,2526823,2526823,1782866951490759,True,True
2177378,1.00110000,63.00000000,2526824,2526824,1782866951493809,True,True
2177379,1.00110000,210.00000000,2526825,2526825,1782866953317078,True,True
2177380,1.00110000,111.00000000,2526826,2526826,1782866955533631,True,True
2177381,1.00110000,334.00000000,2526827,2526827,1782866983892599,True,True
2177382,1.00110000,232.00000000,2526828,2526828,1782866999307852,True,True
2177383,1.00110000,103.00000000,2526829,2526829,1782867001549767,True,True
2177384,1.00110000,254.00000000,2526830,2526830,1782867001550922,True,True
2177385,1.00120000,6.00000000,2526831,2526831,1782867021261340,False,True
2177386,1.00110000,22.00000000,2526832,2526832,1782867039268633,True,True
2177387,1.00110000,18.00000000,2526833,2526833,1782867048133800,True,True
2177388,1.00110000,13.00000000,2526834,2526834,1782867066726259,True,True
2177389,1.00110000,512.00000000,2526835,2526835,1782867073941774,True,True
2177390,1.00110000,417.00000000,2526836,2526836,1782867074407031,True,True
2177391,1.00110000,106.00000000,2526837,2526837,1782867074408436,True,True
2177392,1.00110000,228.00000000,2526838,2526838,1782867074413013,True,True
2177393,1.00110000,47.00000000,2526839,2526839,1782867074414267,True,True
2177394,1.00120000,9.00000000,2526840,2526840,1782867074911641,False,True
2177395,1.00110000,125.00000000,2526841,2526841,1782867075371551,True,True
2177396,1.00110000,523.00000000,2526842,2526842,1782867075377667,True,True
2177397,1.00110000,392.00000000,2526843,2526843,1782867076672554,True,True
2177398,1.00110000,302.00000000,2526844,2526844,1782867076680938,True,True
2177399,1.00110000,412.00000000,2526845,2526845,1782867084260428,True,True
2177400,1.00110000,376.00000000,2526846,2526846,1782867087324010,True,True
2177401,1.00120000,300.00000000,2526847,2526847,1782867093875397,False,True
2177402,1.00110000,107.00000000,2526848,2526848,1782867115816493,True,True
2177403,1.00110000,108.00000000,2526849,2526849,1782867117073282,True,True
2177404,1.00110000,721.00000000,2526850,2526850,1782867117332497,True,True
2177405,1.00110000,31.00000000,2526851,2526851,1782867121214394,True,True
2177406,1.00110000,852.00000000,2526852,2526852,1782867121215072,True,True
2177407,1.00110000,7.00000000,2526853,2526853,1782867121532637,True,True
2177408,1.00110000,2702.00000000,2526854,2526854,1782867121613776,True,True
2177409,1.00110000,253.00000000,2526855,2526855,1782867125637940,True,True
2177410,1.00110000,101.00000000,2526856,2526856,1782867127320837,True,True
2177411,1.00110000,387.00000000,2526857,2526857,1782867140085605,True,True
2177412,1.00110000,300.00000000,2526858,2526858,1782867150200969,True,True
2177413,1.00110000,116.00000000,2526859,2526859,1782867164282930,True,True
2177414,1.00120000,1259.00000000,2526860,2526860,1782867164321085,False,True
2177415,1.00110000,493.00000000,2526861,2526861,1782867164406281,True,True
2177416,1.00110000,17.00000000,2526862,2526862,1782867164805755,True,True
2177417,1.00110000,364.00000000,2526863,2526863,1782867165282652,True,True
2177418,1.00110000,421.00000000,2526864,2526864,1782867165793420,True,True
2177419,1.00110000,1042.00000000,2526865,2526865,1782867167309996,True,True
2177420,1.00110000,133.00000000,2526866,2526866,1782867190508557,True,True
2177421,1.00110000,312.00000000,2526867,2526867,1782867190508925,True,True
2177422,1.00110000,117.00000000,2526868,2526868,1782867190512578,True,True
2177423,1.00110000,18.00000000,2526869,2526869,1782867196250979,True,True
2177424,1.00110000,593.00000000,2526870,2526870,1782867197312474,True,True
2177425,1.00120000,7.00000000,2526871,2526871,1782867207975635,False,True
2177426,1.00110000,20.00000000,2526872,2526872,1782867223968569,True,True
2177427,1.00110000,288.00000000,2526873,2526873,1782867235012934,True,True
2177428,1.00110000,80.00000000,2526874,2526874,1782867235016837,True,True
2177429,1.00110000,500.00000000,2526875,2526875,1782867236554008,True,True
2177430,1.00110000,447.00000000,2526876,2526876,1782867307361886,True,True
2177431,1.00110000,275.00000000,2526877,2526877,1782867313304100,True,True
2177432,1.00110000,118.00000000,2526878,2526878,1782867315115439,True,True
2177433,1.00120000,58.00000000,2526879,2526879,1782867318641881,False,True
2177434,1.00110000,398.00000000,2526880,2526880,1782867326868952,True,True
2177435,1.00120000,72718.00000000,2526881,2526907,1782867376842516,False,True
2177436,1.00120000,87.00000000,2526908,2526908,1782867376844846,True,True
2177437,1.00120000,1795.00000000,2526909,2526909,1782867376845906,True,True
2177438,1.00120000,9.00000000,2526910,2526910,1782867376847279,True,True
2177439,1.00120000,454.00000000,2526911,2526911,1782867376847807,True,True
2177440,1.00120000,5997.00000000,2526912,2526913,1782867376848067,True,True
2177441,1.00110000,2447.00000000,2526914,2526914,1782867376848067,True,True
2177442,1.00110000,998.00000000,2526915,2526915,1782867376848144,True,True
2177443,1.00110000,25.00000000,2526916,2526916,1782867376849065,True,True
2177444,1.00120000,1795.00000000,2526917,2526918,1782867376850560,True,True
2177445,1.00120000,454.00000000,2526919,2526919,1782867376852324,True,True
2177446,1.00120000,998.00000000,2526920,2526920,1782867376855445,True,True
2177447,1.00120000,1795.00000000,2526921,2526921,1782867376855532,True,True
2177448,1.00120000,454.00000000,2526922,2526922,1782867376856449,True,True
2177449,1.00120000,1795.00000000,2526923,2526923,1782867376859826,True,True
2177450,1.00120000,998.00000000,2526924,2526924,1782867376861107,True,True
2177451,1.00120000,25.00000000,2526925,2526925,1782867376861148,True,True
2177452,1.00120000,998.00000000,2526926,2526926,1782867376862730,True,True
2177453,1.00120000,98.00000000,2526927,2526927,1782867376864856,True,True
2177454,1.00120000,995.00000000,2526928,2526928,1782867376865152,True,True
2177455,1.00120000,97.00000000,2526929,2526929,1782867376865295,True,True
2177456,1.00120000,97.00000000,2526930,2526930,1782867376865379,True,True
2177457,1.00120000,998.00000000,2526931,2526931,1782867376866606,True,True
2177458,1.00120000,10595.00000000,2526932,2526932,1782867376867266,True,True
2177459,1.00120000,10120.00000000,2526933,2526935,1782867376868701,True,True
2177460,1.00120000,7524.00000000,2526936,2526936,1782867376869131,True,True
2177461,1.00120000,998.00000000,2526937,2526937,1782867376869565,True,True
2177462,1.00120000,25.00000000,2526938,2526938,1782867376870675,True,True
2177463,1.00120000,453.00000000,2526939,2526939,1782867376871471,True,True
2177464,1.00120000,454.00000000,2526940,2526940,1782867376874908,True,True
2177465,1.00120000,9.00000000,2526941,2526941,1782867376876417,True,True
2177466,1.00120000,998.00000000,2526942,2526942,1782867376876535,True,True
2177467,1.00120000,454.00000000,2526943,2526943,1782867376878783,True,True
2177468,1.00120000,25.00000000,2526944,2526944,1782867376880003,True,True
2177469,1.00120000,454.00000000,2526945,2526945,1782867376882647,True,True
2177470,1.00120000,998.00000000,2526946,2526946,1782867376883057,True,True
2177471,1.00120000,454.00000000,2526947,2526947,1782867376886483,True,True
2177472,1.00120000,998.00000000,2526948,2526948,1782867376888390,True,True
2177473,1.00120000,25.00000000,2526949,2526949,1782867376888462,True,True
2177474,1.00120000,454.00000000,2526950,2526950,1782867376889681,True,True
2177475,1.00120000,454.00000000,2526951,2526951,1782867376894490,True,True
2177476,1.00120000,998.00000000,2526952,2526952,1782867376895077,True,True
2177477,1.00120000,454.00000000,2526953,2526953,1782867376899258,True,True
2177478,1.00120000,25.00000000,2526954,2526954,1782867376900093,True,True
2177479,1.00120000,998.00000000,2526955,2526955,1782867376902347,True,True
2177480,1.00120000,454.00000000,2526956,2526956,1782867376902799,True,True
2177481,1.00120000,454.00000000,2526957,2526957,1782867376906580,True,True
2177482,1.00120000,998.00000000,2526958,2526958,1782867376909269,True,True
2177483,1.00120000,454.00000000,2526959,2526959,1782867376910993,True,True
2177484,1.00120000,1795.00000000,2526960,2526962,1782867376913537,True,True
2177485,1.00120000,25.00000000,2526963,2526963,1782867376914080,True,True
2177486,1.00120000,454.00000000,2526964,2526964,1782867376914391,True,True
2177487,1.00120000,998.00000000,2526965,2526965,1782867376914641,True,True
2177488,1.00120000,1795.00000000,2526966,2526966,1782867376917687,True,True
2177489,1.00120000,454.00000000,2526967,2526967,1782867376918700,True,True
2177490,1.00120000,998.00000000,2526968,2526968,1782867376921326,True,True
2177491,1.00120000,1795.00000000,2526969,2526969,1782867376922268,True,True
2177492,1.00120000,454.00000000,2526970,2526970,1782867376923626,True,True
2177493,1.00120000,25.00000000,2526971,2526971,1782867376924014,True,True
2177494,1.00120000,1795.00000000,2526972,2526972,1782867376926409,True,True
2177495,1.00120000,454.00000000,2526973,2526973,1782867376926756,True,True
2177496,1.00120000,998.00000000,2526974,2526974,1782867376927890,True,True
2177497,1.00120000,454.00000000,2526975,2526975,1782867376930179,True,True
2177498,1.00120000,1795.00000000,2526976,2526976,1782867376930440,True,True
2177499,1.00120000,454.00000000,2526977,2526977,1782867376933474,True,True
2177500,1.00120000,1795.00000000,2526978,2526978,1782867376934328,True,True
2177501,1.00120000,998.00000000,2526979,2526979,1782867376935392,True,True
2177502,1.00120000,25.00000000,2526980,2526980,1782867376936207,True,True
2177503,1.00120000,455.00000000,2526981,2526981,1782867376936816,True,True
2177504,1.00120000,1795.00000000,2526982,2526982,1782867376938283,True,True
2177505,1.00120000,455.00000000,2526983,2526983,1782867376940104,True,True
2177506,1.00120000,998.00000000,2526984,2526984,1782867376942213,True,True
2177507,1.00120000,1795.00000000,2526985,2526985,1782867376942502,True,True
2177508,1.00120000,455.00000000,2526986,2526986,1782867376943396,True,True
2177509,1.00120000,1795.00000000,2526987,2526987,1782867376946181,True,True
2177510,1.00120000,455.00000000,2526988,2526989,1782867376948130,True,True
2177511,1.00120000,998.00000000,2526990,2526990,1782867376948144,True,True
2177512,1.00120000,25.00000000,2526991,2526991,1782867376948608,True,True
2177513,1.00120000,1795.00000000,2526992,2526992,1782867376950617,True,True
2177514,1.00120000,454.00000000,2526993,2526993,1782867376951404,True,True
2177515,1.00120000,998.00000000,2526994,2526994,1782867376954161,True,True
2177516,1.00120000,1795.00000000,2526995,2526995,1782867376954471,True,True
2177517,1.00120000,454.00000000,2526996,2526996,1782867376955233,True,True
2177518,1.00120000,1795.00000000,2526997,2526997,1782867376958584,True,True
2177519,1.00120000,455.00000000,2526998,2526998,1782867376959237,True,True
2177520,1.00120000,25.00000000,2526999,2526999,1782867376959298,True,True
2177521,1.00120000,998.00000000,2527000,2527000,1782867376960065,True,True
2177522,1.00120000,455.00000000,2527001,2527001,1782867376963228,True,True
2177523,1.00120000,1795.00000000,2527002,2527002,1782867376963367,True,True
2177524,1.00120000,998.00000000,2527003,2527003,1782867376966190,True,True
2177525,1.00120000,1795.00000000,2527004,2527004,1782867376967081,True,True
2177526,1.00120000,455.00000000,2527005,2527005,1782867376967783,True,True
2177527,1.00120000,25.00000000,2527006,2527006,1782867376969079,True,True
2177528,1.00120000,455.00000000,2527007,2527007,1782867376970880,True,True
2177529,1.00120000,1795.00000000,2527008,2527008,1782867376970999,True,True
2177530,1.00120000,998.00000000,2527009,2527009,1782867376972105,True,True
2177531,1.00120000,454.00000000,2527010,2527010,1782867376974357,True,True
2177532,1.00120000,1795.00000000,2527011,2527011,1782867376974925,True,True
2177533,1.00120000,455.00000000,2527012,2527012,1782867376978452,True,True
2177534,1.00120000,1795.00000000,2527013,2527013,1782867376979308,True,True
2177535,1.00120000,998.00000000,2527014,2527014,1782867376979350,True,True
2177536,1.00120000,25.00000000,2527015,2527015,1782867376981112,True,True
2177537,1.00120000,455.00000000,2527016,2527016,1782867376982365,True,True
2177538,1.00120000,1795.00000000,2527017,2527018,1782867376983209,True,True
2177539,1.00120000,998.00000000,2527019,2527019,1782867376986242,True,True
2177540,1.00120000,455.00000000,2527020,2527020,1782867376986248,True,True
2177541,1.00120000,1795.00000000,2527021,2527021,1782867376987046,True,True
2177542,1.00120000,455.00000000,2527022,2527022,1782867376989535,True,True
2177543,1.00120000,1795.00000000,2527023,2527023,1782867376991318,True,True
2177544,1.00120000,998.00000000,2527024,2527024,1782867376992396,True,True
2177545,1.00120000,455.00000000,2527025,2527025,1782867376992526,True,True
2177546,1.00120000,25.00000000,2527026,2527026,1782867376995105,True,True
2177547,1.00120000,455.00000000,2527027,2527027,1782867376995536,True,True
2177548,1.00120000,1795.00000000,2527028,2527028,1782867376996314,True,True
2177549,1.00120000,998.00000000,2527029,2527029,1782867376997482,True,True
2177550,1.00120000,455.00000000,2527030,2527030,1782867376999599,True,True
2177551,1.00120000,1795.00000000,2527031,2527031,1782867377000090,True,True
2177552,1.00120000,455.00000000,2527032,2527032,1782867377004160,True,True
2177553,1.00120000,1795.00000000,2527033,2527033,1782867377004384,True,True
2177554,1.00120000,25.00000000,2527034,2527034,1782867377004762,True,True
2177555,1.00120000,998.00000000,2527035,2527035,1782867377004818,True,True
2177556,1.00120000,455.00000000,2527036,2527036,1782867377007217,True,True
2177557,1.00120000,1795.00000000,2527037,2527037,1782867377008216,True,True
2177558,1.00120000,455.00000000,2527038,2527038,1782867377010690,True,True
2177559,1.00120000,998.00000000,2527039,2527039,1782867377011571,True,True
2177560,1.00120000,1795.00000000,2527040,2527040,1782867377012372,True,True
2177561,1.00120000,455.00000000,2527041,2527041,1782867377014028,True,True
2177562,1.00120000,25.00000000,2527042,2527042,1782867377016003,True,True
2177563,1.00120000,1795.00000000,2527043,2527043,1782867377016450,True,True
2177564,1.00120000,998.00000000,2527044,2527045,1782867377016481,True,True
2177565,1.00120000,455.00000000,2527046,2527046,1782867377017439,True,True
2177566,1.00120000,1795.00000000,2527047,2527048,1782867377020115,True,True
2177567,1.00120000,455.00000000,2527049,2527049,1782867377022229,True,True
2177568,1.00120000,998.00000000,2527050,2527050,1782867377022990,True,True
2177569,1.00120000,1795.00000000,2527051,2527051,1782867377024065,True,True
2177570,1.00120000,455.00000000,2527052,2527052,1782867377025690,True,True
2177571,1.00120000,1795.00000000,2527053,2527053,1782867377028098,True,True
2177572,1.00120000,455.00000000,2527054,2527054,1782867377028830,True,True
2177573,1.00120000,998.00000000,2527055,2527055,1782867377029089,True,True
2177574,1.00120000,25.00000000,2527056,2527056,1782867377029215,True,True
2177575,1.00120000,455.00000000,2527057,2527057,1782867377032192,True,True
2177576,1.00120000,1795.00000000,2527058,2527058,1782867377032255,True,True
2177577,1.00120000,998.00000000,2527059,2527059,1782867377035716,True,True
2177578,1.00120000,1795.00000000,2527060,2527060,1782867377036020,True,True
2177579,1.00120000,455.00000000,2527061,2527061,1782867377036590,True,True
2177580,1.00120000,25.00000000,2527062,2527062,1782867377039652,True,True
2177581,1.00120000,455.00000000,2527063,2527063,1782867377040259,True,True
2177582,1.00120000,1795.00000000,2527064,2527064,1782867377040355,True,True
2177583,1.00120000,998.00000000,2527065,2527065,1782867377041963,True,True
2177584,1.00120000,455.00000000,2527066,2527066,1782867377043373,True,True
2177585,1.00120000,1795.00000000,2527067,2527067,1782867377043893,True,True
2177586,1.00120000,455.00000000,2527068,2527068,1782867377046948,True,True
2177587,1.00120000,1795.00000000,2527069,2527069,1782867377048023,True,True
2177588,1.00120000,998.00000000,2527070,2527070,1782867377048145,True,True
2177589,1.00120000,455.00000000,2527071,2527071,1782867377050716,True,True
2177590,1.00120000,25.00000000,2527072,2527072,1782867377051244,True,True
2177591,1.00120000,1795.00000000,2527073,2527074,1782867377052375,True,True
2177592,1.00120000,998.00000000,2527075,2527075,1782867377054404,True,True
2177593,1.00120000,455.00000000,2527076,2527076,1782867377054892,True,True
2177594,1.00120000,1795.00000000,2527077,2527077,1782867377055954,True,True
2177595,1.00120000,455.00000000,2527078,2527078,1782867377058267,True,True
2177596,1.00120000,1795.00000000,2527079,2527079,1782867377060076,True,True
2177597,1.00120000,998.00000000,2527080,2527080,1782867377061191,True,True
2177598,1.00120000,455.00000000,2527081,2527081,1782867377062334,True,True
2177599,1.00120000,25.00000000,2527082,2527082,1782867377063181,True,True
2177600,1.00120000,1795.00000000,2527083,2527083,1782867377064113,True,True
2177601,1.00120000,5.00000000,2527084,2527084,1782867377065459,True,True
2177602,1.00120000,455.00000000,2527085,2527085,1782867377065973,True,True
2177603,1.00120000,1795.00000000,2527086,2527086,1782867377068156,True,True
2177604,1.00120000,998.00000000,2527087,2527087,1782867377068346,True,True
2177605,1.00120000,456.00000000,2527088,2527088,1782867377069768,True,True
2177606,1.00120000,1795.00000000,2527089,2527089,1782867377072341,True,True
2177607,1.00120000,456.00000000,2527090,2527090,1782867377074314,True,True
2177608,1.00120000,25.00000000,2527091,2527091,1782867377074988,True,True
2177609,1.00120000,998.00000000,2527092,2527092,1782867377075269,True,True
2177610,1.00120000,1795.00000000,2527093,2527093,1782867377076435,True,True
2177611,1.00120000,456.00000000,2527094,2527094,1782867377079279,True,True
2177612,1.00120000,1795.00000000,2527095,2527095,1782867377080214,True,True
2177613,1.00120000,5376.00000000,2527096,2527096,1782867377080524,True,True
2177614,1.00110000,2251.00000000,2527097,2527097,1782867377080524,True,True
2177615,1.00110000,998.00000000,2527098,2527098,1782867377082156,True,True
2177616,1.00110000,97.00000000,2527099,2527099,1782867377082897,True,True
2177617,1.00110000,97.00000000,2527100,2527100,1782867377083009,True,True
2177618,1.00110000,995.00000000,2527101,2527101,1782867377083310,True,True
2177619,1.00110000,1384.00000000,2527102,2527102,1782867377235450,True,True
2177620,1.00110000,4329.00000000,2527103,2527103,1782867377236723,True,True
2177621,1.00110000,4029.00000000,2527104,2527105,1782867377238030,True,True
2177622,1.00110000,76.00000000,2527106,2527106,1782867384853164,True,True
2177623,1.00110000,33.00000000,2527107,2527107,1782867384854063,True,True
2177624,1.00110000,600.00000000,2527108,2527109,1782867386033963,True,True
2177625,1.00120000,8.00000000,2527110,2527110,1782867390255294,False,True
2177626,1.00120000,14.00000000,2527111,2527111,1782867390256759,False,True
2177627,1.00110000,12.00000000,2527112,2527112,1782867390324776,True,True
2177628,1.00110000,25.00000000,2527113,2527113,1782867400499977,True,True
2177629,1.00110000,58.00000000,2527114,2527114,1782867401629477,True,True
2177630,1.00120000,19.00000000,2527115,2527115,1782867403892365,False,True
2177631,1.00110000,22.00000000,2527116,2527116,1782867410032402,True,True
2177632,1.00110000,23.00000000,2527117,2527117,1782867410036275,True,True
2177633,1.00120000,9.00000000,2527118,2527118,1782867423175497,False,True
2177634,1.00110000,6.00000000,2527119,2527119,1782867423179231,True,True
2177635,1.00110000,300.00000000,2527120,2527120,1782867423579060,True,True
2177636,1.00110000,7.00000000,2527121,2527121,1782867457852983,True,True
2177637,1.00110000,6.00000000,2527122,2527122,1782867457856282,True,True
2177638,1.00110000,6.00000000,2527123,2527123,1782867458095977,True,True
2177639,1.00120000,50.00000000,2527124,2527124,1782867482078604,False,True
2177640,1.00110000,41.00000000,2527125,2527125,1782867534779351,True,True
2177641,1.00120000,3600.00000000,2527126,2527128,1782867556152050,False,True
2177642,1.00110000,18.00000000,2527129,2527129,1782867584620318,True,True
2177643,1.00110000,43.00000000,2527130,2527130,1782867585496486,True,True
2177644,1.00110000,25.00000000,2527131,2527131,1782867590920000,True,True
2177645,1.00110000,291.00000000,2527132,2527132,1782867590923519,True,True
2177646,1.00110000,34.00000000,2527133,2527133,1782867602713450,True,True
2177647,1.00110000,98.00000000,2527134,2527134,1782867603089190,True,True
2177648,1.00110000,98.00000000,2527135,2527135,1782867603089198,True,True
2177649,1.00110000,19.00000000,2527136,2527136,1782867603090613,True,True
2177650,1.00110000,167.00000000,2527137,2527137,1782867603093742,True,True
2177651,1.00110000,168.00000000,2527138,2527138,1782867603095691,True,True
2177652,1.00110000,28.00000000,2527139,2527139,1782867603097268,True,True
2177653,1.00110000,1954.00000000,2527140,2527140,1782867603097271,True,True
2177654,1.00110000,168.00000000,2527141,2527141,1782867603097756,True,True
2177655,1.00120000,9.00000000,2527142,2527142,1782867603098355,False,True
2177656,1.00110000,522.00000000,2527143,2527143,1782867603104358,True,True
2177657,1.00110000,168.00000000,2527144,2527144,1782867603105710,True,True
2177658,1.00110000,168.00000000,2527145,2527145,1782867603107448,True,True
2177659,1.00110000,115.00000000,2527146,2527146,1782867603110601,True,True
2177660,1.00110000,790.00000000,2527147,2527147,1782867603111480,True,True
2177661,1.00110000,71.00000000,2527148,2527148,1782867603116994,True,True
2177662,1.00120000,930.00000000,2527149,2527150,1782867603122605,False,True
2177663,1.00110000,938.00000000,2527151,2527151,1782867603166258,True,True
2177664,1.00120000,1869.00000000,2527152,2527152,1782867603195317,False,True
2177665,1.00120000,770.00000000,2527153,2527153,1782867603205970,False,True
2177666,1.00120000,1859.00000000,2527154,2527154,1782867603234509,False,True
2177667,1.00120000,1868.00000000,2527155,2527155,1782867603243858,False,True
2177668,1.00120000,1870.00000000,2527156,2527156,1782867603277902,False,True
2177669,1.00120000,170.00000000,2527157,2527157,1782867603363031,False,True
2177670,1.00110000,552.00000000,2527158,2527158,1782867608322398,True,True
2177671,1.00110000,58.00000000,2527159,2527159,1782867612668059,True,True
2177672,1.00110000,20.00000000,2527160,2527160,1782867625134677,True,True
2177673,1.00110000,65.00000000,2527161,2527161,1782867685392044,True,True
2177674,1.00110000,26.00000000,2527162,2527162,1782867685395989,True,True
2177675,1.00120000,39956.00000000,2527163,2527164,1782867703188721,False,True
2177676,1.00120000,9.00000000,2527165,2527165,1782867703196352,False,True
2177677,1.00110000,21.00000000,2527166,2527166,1782867728816664,True,True
2177678,1.00110000,80.00000000,2527167,2527167,1782867735513995,True,True
2177679,1.00110000,46.00000000,2527168,2527168,1782867740664401,True,True
2177680,1.00120000,8.00000000,2527169,2527169,1782867807659022,False,True
2177681,1.00120000,87.00000000,2527170,2527170,1782867867565140,False,True
2177682,1.00110000,545.00000000,2527171,2527171,1782867883422507,True,True
2177683,1.00120000,233.00000000,2527172,2527172,1782867904089368,False,True
2177684,1.00110000,39.00000000,2527173,2527173,1782867915844949,True,True
2177685,1.00110000,4660.00000000,2527174,2527174,1782867917117859,True,True
2177686,1.00120000,83.00000000,2527175,2527175,1782867924825154,False,True
2177687,1.00120000,275.00000000,2527176,2527176,1782867925697481,False,True
2177688,1.00110000,213.00000000,2527177,2527177,1782867931777446,True,True
2177689,1.00110000,31.00000000,2527178,2527178,1782867962153062,True,True
2177690,1.00110000,110.00000000,2527179,2527179,1782867962154878,True,True
2177691,1.00110000,71.00000000,2527180,2527180,1782867962155906,True,True
2177692,1.00110000,4662.00000000,2527181,2527181,1782867990008984,True,True
2177693,1.00110000,9.00000000,2527182,2527182,1782867995057781,True,True
2177694,1.00110000,23.00000000,2527183,2527183,1782868074179187,True,True
2177695,1.00120000,44264.00000000,2527184,2527195,1782868087415236,False,True
2177696,1.00120000,393.00000000,2527196,2527196,1782868087416822,True,True
2177697,1.00120000,25.00000000,2527197,2527197,1782868087418510,True,True
2177698,1.00120000,1795.00000000,2527198,2527198,1782868087419089,True,True
2177699,1.00120000,9.00000000,2527199,2527199,1782868087419545,True,True
2177700,1.00120000,9.00000000,2527200,2527200,1782868087419619,True,True
2177701,1.00120000,998.00000000,2527201,2527201,1782868087419908,True,True
2177702,1.00120000,1323.00000000,2527202,2527202,1782868087420938,True,True
2177703,1.00120000,1795.00000000,2527203,2527203,1782868087423534,True,True
2177704,1.00120000,393.00000000,2527204,2527204,1782868087424150,True,True
2177705,1.00120000,998.00000000,2527205,2527205,1782868087426180,True,True
2177706,1.00120000,1795.00000000,2527206,2527206,1782868087427607,True,True
2177707,1.00120000,1323.00000000,2527207,2527207,1782868087428675,True,True
2177708,1.00120000,25.00000000,2527208,2527208,1782868087429436,True,True
2177709,1.00120000,1795.00000000,2527209,2527209,1782868087431012,True,True
2177710,1.00120000,394.00000000,2527210,2527210,1782868087431259,True,True
2177711,1.00120000,998.00000000,2527211,2527211,1782868087431600,True,True
2177712,1.00120000,1795.00000000,2527212,2527212,1782868087435751,True,True
2177713,1.00120000,1323.00000000,2527213,2527213,1782868087437236,True,True
2177714,1.00120000,998.00000000,2527214,2527214,1782868087438376,True,True
2177715,1.00120000,1795.00000000,2527215,2527215,1782868087439321,True,True
2177716,1.00120000,395.00000000,2527216,2527216,1782868087439834,True,True
2177717,1.00120000,25.00000000,2527217,2527217,1782868087440002,True,True
2177718,1.00120000,1795.00000000,2527218,2527218,1782868087442963,True,True
2177719,1.00120000,1323.00000000,2527219,2527219,1782868087444227,True,True
2177720,1.00120000,998.00000000,2527220,2527220,1782868087444266,True,True
2177721,1.00120000,1795.00000000,2527221,2527221,1782868087447136,True,True
2177722,1.00120000,396.00000000,2527222,2527222,1782868087447501,True,True
2177723,1.00120000,87.00000000,2527223,2527223,1782868087448922,True,True
2177724,1.00120000,25.00000000,2527224,2527224,1782868087450215,True,True
2177725,1.00120000,9213.00000000,2527225,2527226,1782868087451280,True,True
2177726,1.00110000,25.00000000,2527227,2527227,1782868087451280,True,True
2177727,1.00110000,998.00000000,2527228,2527228,1782868087451451,True,True
2177728,1.00120000,9.00000000,2527229,2527229,1782868087461238,False,True
2177729,1.00120000,9.00000000,2527230,2527230,1782868087843420,False,True
2177730,1.00110000,14999.00000000,2527231,2527239,1782868112717982,True,True
2177731,1.00120000,91.00000000,2527240,2527240,1782868134472297,False,True
2177732,1.00110000,18.00000000,2527241,2527241,1782868135466691,True,True
2177733,1.00110000,31.00000000,2527242,2527242,1782868136359417,True,True
2177734,1.00120000,328.00000000,2527243,2527243,1782868138324477,False,True
2177735,1.00120000,69.00000000,2527244,2527244,1782868142675457,False,True
2177736,1.00110000,3000.00000000,2527245,2527245,1782868144696574,True,True
2177737,1.00110000,27.00000000,2527246,2527246,1782868147138571,True,True
2177738,1.00110000,28.00000000,2527247,2527247,1782868150683315,True,True
2177739,1.00110000,34.00000000,2527248,2527248,1782868165987989,True,True
2177740,1.00110000,30.00000000,2527249,2527249,1782868165988921,True,True
2177741,1.00110000,19.00000000,2527250,2527250,1782868165989011,True,True
2177742,1.00110000,20.00000000,2527251,2527251,1782868170972833,True,True
2177743,1.00110000,45.00000000,2527252,2527252,1782868177727838,True,True
2177744,1.00110000,265.00000000,2527253,2527253,1782868195181155,True,True
2177745,1.00110000,69.00000000,2527254,2527254,1782868202465499,True,True
2177746,1.00110000,500.00000000,2527255,2527255,1782868214977926,True,True
2177747,1.00110000,20.00000000,2527256,2527256,1782868215807622,True,True
2177748,1.00110000,98.00000000,2527257,2527257,1782868215808253,True,True
2177749,1.00110000,996.00000000,2527258,2527258,1782868215808725,True,True
2177750,1.00110000,19.00000000,2527259,2527259,1782868215809026,True,True
2177751,1.00110000,28.00000000,2527260,2527260,1782868215809213,True,True
2177752,1.00110000,18.00000000,2527261,2527261,1782868215810673,True,True
2177753,1.00110000,98.00000000,2527262,2527262,1782868215812354,True,True
2177754,1.00110000,87.00000000,2527263,2527263,1782868215817524,True,True
2177755,1.00110000,116.00000000,2527264,2527264,1782868215821385,True,True
2177756,1.00110000,19.00000000,2527265,2527265,1782868215846239,True,True
2177757,1.00110000,25.00000000,2527266,2527266,1782868215875206,True,True
2177758,1.00110000,94.00000000,2527267,2527267,1782868215878949,True,True
2177759,1.00110000,30.00000000,2527268,2527268,1782868215935506,True,True
2177760,1.00110000,84.00000000,2527269,2527269,1782868217204514,True,True
2177761,1.00110000,31.00000000,2527270,2527270,1782868217309715,True,True
2177762,1.00110000,25.00000000,2527271,2527271,1782868217792544,True,True
2177763,1.00110000,35.00000000,2527272,2527272,1782868221814485,True,True
2177764,1.00110000,45.00000000,2527273,2527273,1782868223197113,True,True
2177765,1.00110000,85.00000000,2527274,2527274,1782868228604371,True,True
2177766,1.00110000,10.00000000,2527275,2527275,1782868232160172,True,True
2177767,1.00110000,4651.00000000,2527276,2527276,1782868235248816,True,True
2177768,1.00120000,213.00000000,2527277,2527277,1782868235935178,False,True
2177769,1.00120000,335.00000000,2527278,2527278,1782868238316367,False,True
2177770,1.00110000,1250.00000000,2527279,2527279,1782868238356207,True,True
2177771,1.00120000,87.00000000,2527280,2527280,1782868245568367,False,True
2177772,1.00120000,77.00000000,2527281,2527281,1782868245575931,False,True
2177773,1.00110000,18.00000000,2527282,2527282,1782868246577285,True,True
2177774,1.00120000,233.00000000,2527283,2527283,1782868247430429,False,True
2177775,1.00120000,1060.00000000,2527284,2527285,1782868248340962,False,True
2177776,1.00110000,28.00000000,2527286,2527286,1782868248813119,True,True
2177777,1.00110000,543.00000000,2527287,2527287,1782868250694983,True,True
2177778,1.00110000,1709.00000000,2527288,2527288,1782868251542133,True,True
2177779,1.00110000,543.00000000,2527289,2527289,1782868251895341,True,True
2177780,1.00110000,263.00000000,2527290,2527290,1782868253520365,True,True
2177781,1.00110000,304.00000000,2527291,2527291,1782868253520487,True,True
2177782,1.00110000,51.00000000,2527292,2527292,1782868257405937,True,True
2177783,1.00120000,87.00000000,2527293,2527293,1782868257943776,False,True
2177784,1.00120000,495.00000000,2527294,2527295,1782868258325908,False,True
2177785,1.00110000,92.00000000,2527296,2527296,1782868260523370,True,True
2177786,1.00110000,7.00000000,2527297,2527297,1782868262308073,True,True
2177787,1.00110000,11.00000000,2527298,2527298,1782868262898715,True,True
2177788,1.00120000,254.00000000,2527299,2527299,1782868263940674,False,True
2177789,1.00120000,814.00000000,2527300,2527300,1782868268322547,False,True
2177790,1.00110000,7.00000000,2527301,2527301,1782868272812038,True,True
2177791,1.00110000,9.00000000,2527302,2527302,1782868275347386,True,True
2177792,1.00110000,103.00000000,2527303,2527303,1782868278325558,True,True
2177793,1.00110000,79.00000000,2527304,2527304,1782868279841645,True,True
2177794,1.00110000,164.00000000,2527305,2527305,1782868281663614,True,True
2177795,1.00110000,124.00000000,2527306,2527306,1782868281675649,True,True
2177796,1.00120000,5.00000000,2527307,2527307,1782868283964927,False,True
2177797,1.00110000,175.00000000,2527308,2527308,1782868288327846,True,True
2177798,1.00110000,37.00000000,2527309,2527309,1782868289734670,True,True
2177799,1.00120000,212.00000000,2527310,2527310,1782868293595936,False,True
2177800,1.00110000,129.00000000,2527311,2527311,1782868299010527,True,True
2177801,1.00110000,424.00000000,2527312,2527312,1782868301002145,True,True
2177802,1.00110000,23.00000000,2527313,2527313,1782868301901733,True,True
2177803,1.00120000,10.00000000,2527314,2527314,1782868305156570,False,True
2177804,1.00120000,1249.00000000,2527315,2527315,1782868314309017,False,True
2177805,1.00120000,119.00000000,2527316,2527316,1782868314344022,False,True
2177806,1.00110000,23.00000000,2527317,2527317,1782868319013768,True,True
2177807,1.00110000,38.00000000,2527318,2527318,1782868324958952,True,True
2177808,1.00110000,33.00000000,2527319,2527319,1782868325727173,True,True
2177809,1.00110000,34.00000000,2527320,2527320,1782868328470389,True,True
2177810,1.00110000,6.00000000,2527321,2527321,1782868342245603,True,True
2177811,1.00110000,477.00000000,2527322,2527322,1782868346030407,True,True
2177812,1.00110000,628.00000000,2527323,2527323,1782868365107437,True,True
2177813,1.00110000,542.00000000,2527324,2527324,1782868365197925,True,True
2177814,1.00120000,1499.00000000,2527325,2527325,1782868365219388,False,True
2177815,1.00120000,1499.00000000,2527326,2527326,1782868365239285,False,True
2177816,1.00120000,1207.00000000,2527327,2527327,1782868365339359,False,True
2177817,1.00120000,365.00000000,2527328,2527328,1782868365505468,False,True
2177818,1.00120000,14900.00000000,2527329,2527338,1782868365505614,False,True
2177819,1.00120000,365.00000000,2527339,2527339,1782868365505685,False,True
2177820,1.00120000,365.00000000,2527340,2527340,1782868365506086,False,True
2177821,1.00120000,365.00000000,2527341,2527341,1782868365506100,False,True
2177822,1.00120000,365.00000000,2527342,2527342,1782868365506105,False,True
2177823,1.00120000,365.00000000,2527343,2527344,1782868365506169,False,True
2177824,1.00120000,365.00000000,2527345,2527345,1782868365506176,False,True
2177825,1.00120000,365.00000000,2527346,2527346,1782868365506427,False,True
2177826,1.00120000,365.00000000,2527347,2527349,1782868365506429,False,True
2177827,1.00120000,365.00000000,2527350,2527350,1782868365512804,False,True
2177828,1.00120000,365.00000000,2527351,2527351,1782868365513102,False,True
2177829,1.00120000,50.00000000,2527352,2527352,1782868365596265,False,True
2177830,1.00120000,14848.00000000,2527353,2527358,1782868365608169,False,True
2177831,1.00120000,365.00000000,2527359,2527359,1782868365608231,False,True
2177832,1.00120000,365.00000000,2527360,2527360,1782868365608340,False,True
2177833,1.00120000,365.00000000,2527361,2527362,1782868365608381,False,True
2177834,1.00120000,365.00000000,2527363,2527363,1782868365608383,False,True
2177835,1.00120000,365.00000000,2527364,2527365,1782868365608574,False,True
2177836,1.00120000,365.00000000,2527366,2527366,1782868365608620,False,True
2177837,1.00120000,365.00000000,2527367,2527368,1782868365608689,False,True
2177838,1.00120000,365.00000000,2527369,2527369,1782868365608697,False,True
2177839,1.00120000,365.00000000,2527370,2527371,1782868365608733,False,True
2177840,1.00120000,365.00000000,2527372,2527372,1782868365608802,False,True
2177841,1.00120000,365.00000000,2527373,2527373,1782868365609942,False,True
2177842,1.00120000,365.00000000,2527374,2527375,1782868365610337,False,True
2177843,1.00120000,365.00000000,2527376,2527376,1782868365611284,False,True
2177844,1.00120000,365.00000000,2527377,2527377,1782868365611418,False,True
2177845,1.00120000,365.00000000,2527378,2527378,1782868365611459,False,True
2177846,1.00120000,365.00000000,2527379,2527380,1782868365611486,False,True
2177847,1.00120000,365.00000000,2527381,2527381,1782868365611615,False,True
2177848,1.00120000,1545.00000000,2527382,2527383,1782868365657541,False,True
2177849,1.00120000,369.00000000,2527384,2527384,1782868365704053,False,True
2177850,1.00120000,1497.00000000,2527385,2527386,1782868365727570,False,True
2177851,1.00120000,365.00000000,2527387,2527388,1782868365728116,False,True
2177852,1.00120000,365.00000000,2527389,2527389,1782868365728229,False,True
2177853,1.00120000,365.00000000,2527390,2527390,1782868365728280,False,True
2177854,1.00120000,365.00000000,2527391,2527391,1782868365728388,False,True
2177855,1.00120000,365.00000000,2527392,2527392,1782868365728395,False,True
2177856,1.00120000,365.00000000,2527393,2527393,1782868365728403,False,True
2177857,1.00120000,365.00000000,2527394,2527394,1782868365728500,False,True
2177858,1.00120000,365.00000000,2527395,2527395,1782868365728514,False,True
2177859,1.00120000,365.00000000,2527396,2527396,1782868365728590,False,True
2177860,1.00120000,365.00000000,2527397,2527397,1782868365728605,False,True
2177861,1.00120000,365.00000000,2527398,2527398,1782868365728610,False,True
2177862,1.00120000,365.00000000,2527399,2527399,1782868365728677,False,True
2177863,1.00120000,365.00000000,2527400,2527400,1782868365728895,False,True
2177864,1.00120000,365.00000000,2527401,2527401,1782868365728915,False,True
2177865,1.00120000,365.00000000,2527402,2527402,1782868365728944,False,True
2177866,1.00120000,365.00000000,2527403,2527403,1782868365730212,False,True
2177867,1.00120000,365.00000000,2527404,2527404,1782868365730269,False,True
2177868,1.00120000,365.00000000,2527405,2527405,1782868365730344,False,True
2177869,1.00120000,365.00000000,2527406,2527406,1782868365730403,False,True
2177870,1.00120000,365.00000000,2527407,2527407,1782868365730801,False,True
2177871,1.00120000,365.00000000,2527408,2527408,1782868365731183,False,True
2177872,1.00120000,365.00000000,2527409,2527409,1782868365731191,False,True
2177873,1.00120000,365.00000000,2527410,2527410,1782868365731325,False,True
2177874,1.00120000,365.00000000,2527411,2527411,1782868365731427,False,True
2177875,1.00120000,365.00000000,2527412,2527412,1782868365731495,False,True
2177876,1.00120000,365.00000000,2527413,2527413,1782868365731552,False,True
2177877,1.00120000,192.00000000,2527414,2527415,1782868365731554,False,True
2177878,1.00130000,173.00000000,2527416,2527416,1782868365731554,False,True
2177879,1.00130000,365.00000000,2527417,2527417,1782868365731610,False,True
2177880,1.00130000,365.00000000,2527418,2527418,1782868365731748,False,True
2177881,1.00130000,365.00000000,2527419,2527419,1782868365731886,False,True
2177882,1.00130000,365.00000000,2527420,2527420,1782868365732080,False,True
2177883,1.00130000,365.00000000,2527421,2527421,1782868365732546,False,True
2177884,1.00130000,365.00000000,2527422,2527422,1782868365732549,False,True
2177885,1.00130000,365.00000000,2527423,2527423,1782868365732662,False,True
2177886,1.00130000,365.00000000,2527424,2527424,1782868365732948,False,True
2177887,1.00130000,365.00000000,2527425,2527425,1782868365733429,False,True
2177888,1.00130000,365.00000000,2527426,2527426,1782868365733432,False,True
2177889,1.00130000,365.00000000,2527427,2527427,1782868365733503,False,True
2177890,1.00130000,365.00000000,2527428,2527428,1782868365734222,False,True
2177891,1.00130000,365.00000000,2527429,2527429,1782868365734581,False,True
2177892,1.00130000,365.00000000,2527430,2527430,1782868365735797,False,True
2177893,1.00130000,365.00000000,2527431,2527431,1782868365736827,False,True
2177894,1.00130000,1384.00000000,2527432,2527432,1782868365742361,False,True
2177895,1.00120000,365.00000000,2527433,2527433,1782868365754166,False,True
2177896,1.00120000,365.00000000,2527434,2527434,1782868365754358,False,True
2177897,1.00120000,365.00000000,2527435,2527435,1782868365754384,False,True
2177898,1.00120000,365.00000000,2527436,2527436,1782868365754439,False,True
2177899,1.00120000,365.00000000,2527437,2527437,1782868365754443,False,True
2177900,1.00120000,365.00000000,2527438,2527438,1782868365754503,False,True
2177901,1.00120000,365.00000000,2527439,2527439,1782868365754505,False,True
2177902,1.00120000,365.00000000,2527440,2527440,1782868365754558,False,True
2177903,1.00120000,365.00000000,2527441,2527441,1782868365754563,False,True
2177904,1.00120000,365.00000000,2527442,2527442,1782868365754691,False,True
2177905,1.00120000,365.00000000,2527443,2527443,1782868365754711,False,True
2177906,1.00120000,365.00000000,2527444,2527444,1782868365754754,False,True
2177907,1.00120000,365.00000000,2527445,2527445,1782868365755075,False,True
2177908,1.00120000,365.00000000,2527446,2527446,1782868365755180,False,True
2177909,1.00120000,365.00000000,2527447,2527447,1782868365756316,False,True
2177910,1.00120000,138.00000000,2527448,2527448,1782868365756322,False,True
2177911,1.00130000,227.00000000,2527449,2527449,1782868365756322,False,True
2177912,1.00130000,365.00000000,2527450,2527450,1782868365757436,False,True
2177913,1.00130000,365.00000000,2527451,2527451,1782868365757529,False,True
2177914,1.00130000,365.00000000,2527452,2527453,1782868365757566,False,True
2177915,1.00130000,365.00000000,2527454,2527454,1782868365757580,False,True
2177916,1.00130000,365.00000000,2527455,2527455,1782868365758164,False,True
2177917,1.00130000,13.00000000,2527456,2527456,1782868365759265,False,True
2177918,1.00120000,365.00000000,2527457,2527457,1782868365760908,False,True
2177919,1.00120000,112.00000000,2527458,2527458,1782868365762814,False,True
2177920,1.00120000,112.00000000,2527459,2527459,1782868365764146,False,True
2177921,1.00120000,112.00000000,2527460,2527460,1782868365765164,False,True
2177922,1.00120000,371.00000000,2527461,2527461,1782868365821716,False,True
2177923,1.00110000,541.00000000,2527462,2527462,1782868365825255,True,True
2177924,1.00120000,1234.00000000,2527463,2527463,1782868365863279,False,True
2177925,1.00120000,4938.00000000,2527464,2527468,1782868365883171,False,True
2177926,1.00130000,9925.00000000,2527469,2527470,1782868365883171,False,True
2177927,1.00130000,9029.00000000,2527471,2527479,1782868365889919,False,True
2177928,1.00120000,365.00000000,2527480,2527480,1782868365906337,False,True
2177929,1.00120000,365.00000000,2527481,2527481,1782868365906375,False,True
2177930,1.00120000,365.00000000,2527482,2527482,1782868365906382,False,True
2177931,1.00120000,365.00000000,2527483,2527483,1782868365906386,False,True
2177932,1.00120000,194.00000000,2527484,2527484,1782868365906397,False,True
2177933,1.00130000,20811.00000000,2527485,2527502,1782868365906397,False,True
2177934,1.00130000,365.00000000,2527503,2527503,1782868365909526,False,True
2177935,1.00130000,365.00000000,2527504,2527504,1782868365909531,False,True
2177936,1.00120000,189.00000000,2527505,2527506,1782868365925829,True,True
2177937,1.00120000,25.00000000,2527507,2527507,1782868365928887,True,True
2177938,1.00130000,346.00000000,2527508,2527508,1782868365929505,False,True
2177939,1.00120000,189.00000000,2527509,2527509,1782868365947611,True,True
2177940,1.00130000,14694.00000000,2527510,2527513,1782868365951552,False,True
2177941,1.00130000,9198.00000000,2527514,2527514,1782868365968719,False,True
2177942,1.00120000,554.00000000,2527515,2527515,1782868365989881,True,True
2177943,1.00110000,554.00000000,2527516,2527516,1782868365996344,True,True
2177944,1.00110000,25.00000000,2527517,2527517,1782868365998132,True,True
2177945,1.00110000,39.00000000,2527518,2527518,1782868366122762,True,True
2177946,1.00110000,528.00000000,2527519,2527519,1782868366123983,True,True
2177947,1.00120000,233.00000000,2527520,2527520,1782868366132262,False,True
2177948,1.00120000,365.00000000,2527521,2527521,1782868366145435,False,True
2177949,1.00120000,365.00000000,2527522,2527522,1782868366145557,False,True
2177950,1.00120000,629.00000000,2527523,2527523,1782868366190665,False,True
2177951,1.00120000,1130.00000000,2527524,2527527,1782868366401605,False,True
2177952,1.00130000,9794.00000000,2527528,2527528,1782868366401605,False,True
2177953,1.00120000,365.00000000,2527529,2527529,1782868366417240,False,True
2177954,1.00120000,365.00000000,2527530,2527530,1782868366417248,False,True
2177955,1.00120000,365.00000000,2527531,2527532,1782868366417434,False,True
2177956,1.00120000,365.00000000,2527533,2527533,1782868366417461,False,True
2177957,1.00120000,95.00000000,2527534,2527534,1782868366417579,False,True
2177958,1.00130000,270.00000000,2527535,2527535,1782868366417579,False,True
2177959,1.00130000,365.00000000,2527536,2527536,1782868366417980,False,True
2177960,1.00130000,365.00000000,2527537,2527537,1782868366418241,False,True
2177961,1.00130000,365.00000000,2527538,2527538,1782868366418398,False,True
2177962,1.00120000,225.00000000,2527539,2527539,1782868366500281,False,True
2177963,1.00120000,2.00000000,2527540,2527540,1782868366500397,False,True
2177964,1.00130000,223.00000000,2527541,2527541,1782868366500397,False,True
2177965,1.00130000,225.00000000,2527542,2527542,1782868366500463,False,True
2177966,1.00130000,225.00000000,2527543,2527543,1782868366500501,False,True
2177967,1.00130000,225.00000000,2527544,2527544,1782868366500543,False,True
2177968,1.00130000,225.00000000,2527545,2527545,1782868366500788,False,True
2177969,1.00130000,225.00000000,2527546,2527546,1782868366500972,False,True
2177970,1.00130000,225.00000000,2527547,2527547,1782868366501669,False,True
2177971,1.00110000,4628.00000000,2527548,2527548,1782868366535419,True,True
2177972,1.00120000,365.00000000,2527549,2527549,1782868366575467,False,True
2177973,1.00120000,365.00000000,2527550,2527550,1782868366576429,False,True
2177974,1.00120000,365.00000000,2527551,2527552,1782868366576632,False,True
2177975,1.00120000,365.00000000,2527553,2527553,1782868366577385,False,True
2177976,1.00120000,365.00000000,2527554,2527554,1782868366577627,False,True
2177977,1.00120000,365.00000000,2527555,2527555,1782868366580684,False,True
2177978,1.00120000,332.00000000,2527556,2527556,1782868366585268,False,True
2177979,1.00110000,541.00000000,2527557,2527557,1782868366585348,True,True
2177980,1.00110000,541.00000000,2527558,2527558,1782868366585557,True,True
2177981,1.00120000,365.00000000,2527559,2527559,1782868366592352,False,True
2177982,1.00120000,365.00000000,2527560,2527560,1782868366600662,False,True
2177983,1.00120000,365.00000000,2527561,2527561,1782868366605448,False,True
2177984,1.00120000,365.00000000,2527562,2527562,1782868366608163,False,True
2177985,1.00120000,365.00000000,2527563,2527563,1782868366610086,False,True
2177986,1.00120000,365.00000000,2527564,2527564,1782868366612891,False,True
2177987,1.00120000,332.00000000,2527565,2527566,1782868366615358,False,True
2177988,1.00120000,346.00000000,2527567,2527567,1782868366618699,False,True
2177989,1.00120000,365.00000000,2527568,2527569,1782868366625141,False,True
2177990,1.00120000,365.00000000,2527570,2527570,1782868366627302,False,True
2177991,1.00120000,365.00000000,2527571,2527571,1782868366629531,False,True
2177992,1.00120000,365.00000000,2527572,2527572,1782868366634338,False,True
2177993,1.00120000,365.00000000,2527573,2527573,1782868366636462,False,True
2177994,1.00110000,1002.00000000,2527574,2527574,1782868366638998,True,True
2177995,1.00120000,365.00000000,2527575,2527576,1782868366639419,False,True
2177996,1.00120000,332.00000000,2527577,2527577,1782868366643732,False,True
2177997,1.00120000,346.00000000,2527578,2527578,1782868366648382,False,True
2177998,1.00120000,85.00000000,2527579,2527581,1782868366712100,False,True
2177999,1.00110000,354.00000000,2527582,2527582,1782868366758565,True,True
2178000,1.00110000,91.00000000,2527583,2527583,1782868366763044,True,True
2178001,1.00110000,508.00000000,2527584,2527584,1782868367068210,True,True
2178002,1.00110000,445.00000000,2527585,2527585,1782868367068458,True,True
2178003,1.00110000,541.00000000,2527586,2527586,1782868367075727,True,True
2178004,1.00110000,1083.00000000,2527587,2527587,1782868367091773,True,True
2178005,1.00110000,541.00000000,2527588,2527588,1782868367110068,True,True
2178006,1.00110000,4630.00000000,2527589,2527589,1782868367377559,True,True
2178007,1.00110000,1244.00000000,2527590,2527590,1782868367423898,True,True
2178008,1.00110000,1393.00000000,2527591,2527591,1782868367502429,True,True
2178009,1.00110000,471.00000000,2527592,2527592,1782868367636497,True,True
2178010,1.00110000,4632.00000000,2527593,2527593,1782868368064918,True,True
2178011,1.00120000,841.00000000,2527594,2527595,1782868368403372,False,True
2178012,1.00110000,4629.00000000,2527596,2527596,1782868368497528,True,True
2178013,1.00110000,541.00000000,2527597,2527597,1782868368532332,True,True
2178014,1.00110000,541.00000000,2527598,2527598,1782868368559993,True,True
2178015,1.00110000,541.00000000,2527599,2527599,1782868368589977,True,True
2178016,1.00110000,705.00000000,2527600,2527600,1782868368706874,True,True
2178017,1.00110000,544.00000000,2527601,2527601,1782868368707152,True,True
2178018,1.00110000,446.00000000,2527602,2527602,1782868368707198,True,True
2178019,1.00110000,894.00000000,2527603,2527603,1782868368728274,True,True
2178020,1.00110000,4630.00000000,2527604,2527604,1782868368742712,True,True
2178021,1.00110000,4629.00000000,2527605,2527605,1782868368791471,True,True
2178022,1.00110000,4630.00000000,2527606,2527606,1782868368916346,True,True
2178023,1.00110000,541.00000000,2527607,2527607,1782868369059817,True,True
2178024,1.00110000,3567.00000000,2527608,2527608,1782868369067035,True,True
2178025,1.00110000,1215.00000000,2527609,2527609,1782868369073877,True,True
2178026,1.00110000,8044.00000000,2527610,2527610,1782868369074459,True,True
2178027,1.00110000,463.00000000,2527611,2527611,1782868369141544,True,True
2178028,1.00110000,173.00000000,2527612,2527612,1782868369142748,True,True
2178029,1.00110000,4630.00000000,2527613,2527613,1782868369144666,True,True
2178030,1.00110000,4630.00000000,2527614,2527614,1782868369382967,True,True
2178031,1.00110000,4629.00000000,2527615,2527615,1782868369458220,True,True
2178032,1.00110000,9258.00000000,2527616,2527616,1782868369528462,True,True
2178033,1.00110000,4628.00000000,2527617,2527617,1782868369621556,True,True
2178034,1.00110000,4626.00000000,2527618,2527618,1782868369675488,True,True
2178035,1.00110000,541.00000000,2527619,2527619,1782868369676337,True,True
2178036,1.00110000,914.00000000,2527620,2527620,1782868370029844,True,True
2178037,1.00110000,4626.00000000,2527621,2527621,1782868370058549,True,True
2178038,1.00120000,1244.00000000,2527622,2527624,1782868370492631,False,True
2178039,1.00110000,14.00000000,2527625,2527625,1782868371709906,True,True
2178040,1.00110000,15.00000000,2527626,2527626,1782868371718679,True,True
2178041,1.00110000,36.00000000,2527627,2527627,1782868371791935,True,True
2178042,1.00110000,96.00000000,2527628,2527628,1782868371792314,True,True
2178043,1.00110000,47.00000000,2527629,2527629,1782868371793651,True,True
2178044,1.00110000,4628.00000000,2527630,2527630,1782868371981238,True,True
2178045,1.00110000,25.00000000,2527631,2527631,1782868372189271,True,True
2178046,1.00110000,18.00000000,2527632,2527632,1782868372191514,True,True
2178047,1.00110000,11.00000000,2527633,2527633,1782868372194651,True,True
2178048,1.00110000,4626.00000000,2527634,2527634,1782868372611424,True,True
2178049,1.00120000,204.00000000,2527635,2527635,1782868372665221,False,True
2178050,1.00110000,404.00000000,2527636,2527636,1782868372887184,True,True
2178051,1.00110000,4219.00000000,2527637,2527638,1782868372897244,True,True
2178052,1.00110000,4626.00000000,2527639,2527639,1782868373176900,True,True
2178053,1.00110000,4627.00000000,2527640,2527640,1782868373368977,True,True
2178054,1.00110000,66.00000000,2527641,2527641,1782868373539482,True,True
2178055,1.00110000,120.00000000,2527642,2527642,1782868373540522,True,True
2178056,1.00110000,54.00000000,2527643,2527643,1782868373553184,True,True
2178057,1.00110000,1434.00000000,2527644,2527644,1782868373577471,True,True
2178058,1.00110000,28.00000000,2527645,2527645,1782868373962681,True,True
2178059,1.00110000,94.00000000,2527646,2527646,1782868374588523,True,True
2178060,1.00110000,44.00000000,2527647,2527647,1782868374588548,True,True
2178061,1.00110000,4632.00000000,2527648,2527648,1782868375062071,True,True
2178062,1.00110000,4625.00000000,2527649,2527649,1782868375410541,True,True
2178063,1.00110000,4624.00000000,2527650,2527650,1782868375471013,True,True
2178064,1.00110000,4624.00000000,2527651,2527651,1782868375638365,True,True
2178065,1.00110000,4623.00000000,2527652,2527652,1782868375645340,True,True
2178066,1.00110000,4624.00000000,2527653,2527653,1782868375706922,True,True
2178067,1.00110000,25.00000000,2527654,2527654,1782868375733497,True,True
2178068,1.00110000,29.00000000,2527655,2527655,1782868375735598,True,True
2178069,1.00110000,4622.00000000,2527656,2527656,1782868375769453,True,True
2178070,1.00110000,17.00000000,2527657,2527657,1782868376578436,True,True
2178071,1.00110000,4624.00000000,2527658,2527658,1782868376614985,True,True
2178072,1.00120000,744.00000000,2527659,2527660,1782868376806145,False,True
2178073,1.00110000,22.00000000,2527661,2527661,1782868377117417,True,True
2178074,1.00110000,5.00000000,2527662,2527662,1782868377976045,True,True
2178075,1.00120000,1052.00000000,2527663,2527664,1782868378353981,False,True
2178076,1.00110000,1251.00000000,2527665,2527665,1782868378502836,True,True
2178077,1.00110000,10.00000000,2527666,2527666,1782868378936133,True,True
2178078,1.00110000,22.00000000,2527667,2527667,1782868379400164,True,True
2178079,1.00120000,41.00000000,2527668,2527668,1782868379823979,False,True
2178080,1.00110000,17.00000000,2527669,2527669,1782868379825253,True,True
2178081,1.00110000,1009.00000000,2527670,2527670,1782868379836734,True,True
2178082,1.00110000,36.00000000,2527671,2527671,1782868380286680,True,True
2178083,1.00110000,10.00000000,2527672,2527672,1782868380302991,True,True
2178084,1.00110000,5815.00000000,2527673,2527673,1782868384274958,True,True
2178085,1.00120000,213.00000000,2527674,2527674,1782868385241815,False,True
2178086,1.00120000,113.00000000,2527675,2527675,1782868385316611,False,True
2178087,1.00120000,13.00000000,2527676,2527676,1782868386869580,False,True
2178088,1.00110000,10.00000000,2527677,2527677,1782868386952179,True,True
2178089,1.00110000,1080.00000000,2527678,2527678,1782868386977535,True,True
2178090,1.00120000,99.00000000,2527679,2527679,1782868386998134,False,True
2178091,1.00110000,540.00000000,2527680,2527680,1782868387360387,True,True
2178092,1.00110000,4621.00000000,2527681,2527681,1782868387364573,True,True
2178093,1.00110000,1080.00000000,2527682,2527682,1782868387454862,True,True
2178094,1.00110000,1080.00000000,2527683,2527683,1782868387475771,True,True
2178095,1.00110000,540.00000000,2527684,2527684,1782868387533711,True,True
2178096,1.00110000,540.00000000,2527685,2527685,1782868387643199,True,True
2178097,1.00110000,4621.00000000,2527686,2527686,1782868387684974,True,True
2178098,1.00110000,57.00000000,2527687,2527687,1782868387759009,True,True
2178099,1.00110000,478.00000000,2527688,2527688,1782868387974440,True,True
2178100,1.00120000,457.00000000,2527689,2527689,1782868388341066,False,True
2178101,1.00110000,539.00000000,2527690,2527690,1782868388454902,True,True
2178102,1.00120000,18.00000000,2527691,2527691,1782868388460546,False,True
2178103,1.00110000,154.00000000,2527692,2527692,1782868388803561,True,True
2178104,1.00110000,539.00000000,2527693,2527693,1782868389126384,True,True
2178105,1.00110000,35.00000000,2527694,2527694,1782868389248409,True,True
2178106,1.00120000,11.00000000,2527695,2527695,1782868389719067,False,True
2178107,1.00110000,4622.00000000,2527696,2527696,1782868390272931,True,True
2178108,1.00110000,231.00000000,2527697,2527697,1782868390339512,True,True
2178109,1.00110000,4391.00000000,2527698,2527698,1782868390342634,True,True
2178110,1.00110000,4621.00000000,2527699,2527699,1782868390414708,True,True
2178111,1.00110000,467.00000000,2527700,2527700,1782868390608319,True,True
2178112,1.00110000,4621.00000000,2527701,2527701,1782868390981557,True,True
2178113,1.00110000,4621.00000000,2527702,2527702,1782868391015833,True,True
2178114,1.00110000,30.00000000,2527703,2527703,1782868393704468,True,True
2178115,1.00110000,28.00000000,2527704,2527704,1782868394373371,True,True
2178116,1.00110000,57.00000000,2527705,2527705,1782868394382714,True,True
2178117,1.00110000,45.00000000,2527706,2527706,1782868394392506,True,True
2178118,1.00110000,22.00000000,2527707,2527707,1782868394403138,True,True
2178119,1.00110000,22.00000000,2527708,2527708,1782868394413501,True,True
2178120,1.00110000,53.00000000,2527709,2527709,1782868394423114,True,True
2178121,1.00110000,4622.00000000,2527710,2527712,1782868396870659,True,True
2178122,1.00120000,458.00000000,2527713,2527713,1782868398366427,False,True
2178123,1.00110000,87.00000000,2527714,2527714,1782868398470461,True,True
2178124,1.00110000,4621.00000000,2527715,2527716,1782868398867142,True,True
2178125,1.00120000,15.00000000,2527717,2527717,1782868400002589,False,True
2178126,1.00120000,97.00000000,2527718,2527718,1782868400484102,False,True
2178127,1.00120000,53.00000000,2527719,2527719,1782868400577413,False,True
2178128,1.00110000,4621.00000000,2527720,2527720,1782868400983705,True,True
2178129,1.00110000,22.00000000,2527721,2527721,1782868401161513,True,True
2178130,1.00110000,4620.00000000,2527722,2527723,1782868401430577,True,True
2178131,1.00110000,4620.00000000,2527724,2527724,1782868401453735,True,True
2178132,1.00110000,4619.00000000,2527725,2527727,1782868401544072,True,True
2178133,1.00110000,22.00000000,2527728,2527728,1782868403814483,True,True
2178134,1.00110000,32.00000000,2527729,2527729,1782868404997274,True,True
2178135,1.00110000,991.00000000,2527730,2527730,1782868405287074,True,True
2178136,1.00110000,112.00000000,2527731,2527731,1782868405297851,True,True
2178137,1.00110000,170.00000000,2527732,2527732,1782868405306512,True,True
2178138,1.00110000,97.00000000,2527733,2527733,1782868406028547,True,True
2178139,1.00110000,379.00000000,2527734,2527734,1782868406136847,True,True
2178140,1.00110000,26.00000000,2527735,2527735,1782868406378495,True,True
2178141,1.00110000,20.00000000,2527736,2527736,1782868406453594,True,True
2178142,1.00110000,4618.00000000,2527737,2527737,1782868406632490,True,True
2178143,1.00110000,4621.00000000,2527738,2527740,1782868409059989,True,True
2178144,1.00110000,4620.00000000,2527741,2527741,1782868410116431,True,True
2178145,1.00110000,4620.00000000,2527742,2527744,1782868410640965,True,True
2178146,1.00110000,87.00000000,2527745,2527745,1782868410664187,True,True
2178147,1.00110000,8.00000000,2527746,2527746,1782868411238490,True,True
2178148,1.00110000,219.00000000,2527747,2527747,1782868411358816,True,True
2178149,1.00110000,4620.00000000,2527748,2527748,1782868411646182,True,True
2178150,1.00110000,4624.00000000,2527749,2527751,1782868413431612,True,True
2178151,1.00110000,4623.00000000,2527752,2527752,1782868413550915,True,True
2178152,1.00120000,78.00000000,2527753,2527753,1782868413740706,False,True
2178153,1.00120000,12.00000000,2527754,2527754,1782868413817124,False,True
2178154,1.00120000,13.00000000,2527755,2527755,1782868413926776,False,True
2178155,1.00120000,26.00000000,2527756,2527756,1782868414074773,False,True
2178156,1.00120000,113.00000000,2527757,2527757,1782868414112781,False,True
2178157,1.00110000,4623.00000000,2527758,2527758,1782868414728853,True,True
2178158,1.00110000,4621.00000000,2527759,2527761,1782868415094854,True,True
2178159,1.00110000,4620.00000000,2527762,2527762,1782868415266687,True,True
2178160,1.00110000,4620.00000000,2527763,2527764,1782868415674596,True,True
2178161,1.00110000,8.00000000,2527765,2527765,1782868415779081,True,True
2178162,1.00110000,4624.00000000,2527766,2527766,1782868418782604,True,True
2178163,1.00110000,81.00000000,2527767,2527767,1782868420004165,True,True
2178164,1.00110000,16.00000000,2527768,2527768,1782868420006128,True,True
2178165,1.00120000,212.00000000,2527769,2527769,1782868420501009,False,True
2178166,1.00120000,9.00000000,2527770,2527770,1782868421450297,False,True
2178167,1.00120000,13.00000000,2527771,2527771,1782868421462399,False,True
2178168,1.00120000,12.00000000,2527772,2527772,1782868421492891,False,True
2178169,1.00120000,28.00000000,2527773,2527773,1782868421518784,False,True
2178170,1.00120000,15.00000000,2527774,2527774,1782868421527444,False,True
2178171,1.00120000,22.00000000,2527775,2527775,1782868421559397,False,True
2178172,1.00120000,12.00000000,2527776,2527776,1782868421588121,False,True
2178173,1.00120000,56.00000000,2527777,2527777,1782868421671665,False,True
2178174,1.00120000,19.00000000,2527778,2527778,1782868421725057,False,True
2178175,1.00120000,17.00000000,2527779,2527779,1782868421741647,False,True
2178176,1.00120000,10.00000000,2527780,2527780,1782868421798494,False,True
2178177,1.00110000,4625.00000000,2527781,2527784,1782868421819157,True,True
2178178,1.00110000,4624.00000000,2527785,2527785,1782868422073119,True,True
2178179,1.00110000,42.00000000,2527786,2527786,1782868422384944,True,True
2178180,1.00110000,6.00000000,2527787,2527787,1782868423780286,True,True
2178181,1.00110000,71.00000000,2527788,2527788,1782868424680165,True,True
2178182,1.00110000,35.00000000,2527789,2527789,1782868427945495,True,True
2178183,1.00110000,520.00000000,2527790,2527790,1782868428308062,True,True
2178184,1.00110000,4630.00000000,2527791,2527792,1782868428328414,True,True
2178185,1.00110000,32.00000000,2527793,2527793,1782868428346506,True,True
2178186,1.00110000,10.00000000,2527794,2527794,1782868435974009,True,True
2178187,1.00110000,285.00000000,2527795,2527795,1782868438340769,True,True
2178188,1.00120000,2228.00000000,2527796,2527797,1782868441939798,False,True
2178189,1.00120000,6.00000000,2527798,2527798,1782868441999052,False,True
2178190,1.00110000,198.00000000,2527799,2527799,1782868442427581,True,True
2178191,1.00110000,166.00000000,2527800,2527800,1782868442431504,True,True
2178192,1.00110000,22.00000000,2527801,2527801,1782868443791599,True,True
2178193,1.00110000,107.00000000,2527802,2527802,1782868443791634,True,True
2178194,1.00110000,15.00000000,2527803,2527803,1782868443791984,True,True
2178195,1.00110000,229.00000000,2527804,2527804,1782868443792119,True,True
2178196,1.00110000,155.00000000,2527805,2527805,1782868443792299,True,True
2178197,1.00110000,224.00000000,2527806,2527806,1782868443793199,True,True
2178198,1.00120000,2497.00000000,2527807,2527809,1782868443800560,False,True
2178199,1.00110000,120.00000000,2527810,2527810,1782868444706420,True,True
2178200,1.00110000,18.00000000,2527811,2527811,1782868444708055,True,True
2178201,1.00110000,32.00000000,2527812,2527812,1782868444708120,True,True
2178202,1.00110000,9.00000000,2527813,2527813,1782868444708250,True,True
2178203,1.00110000,9.00000000,2527814,2527814,1782868444708765,True,True
2178204,1.00110000,65.00000000,2527815,2527815,1782868444710660,True,True
2178205,1.00110000,23.00000000,2527816,2527816,1782868444710704,True,True
2178206,1.00110000,177.00000000,2527817,2527817,1782868445141303,True,True
2178207,1.00110000,144.00000000,2527818,2527818,1782868445991875,True,True
2178208,1.00120000,838.00000000,2527819,2527819,1782868446018275,False,True
2178209,1.00110000,83.00000000,2527820,2527820,1782868446476157,True,True
2178210,1.00110000,89.00000000,2527821,2527821,1782868446484309,True,True
2178211,1.00110000,154.00000000,2527822,2527822,1782868446493944,True,True
2178212,1.00110000,102.00000000,2527823,2527823,1782868446497136,True,True
2178213,1.00110000,453.00000000,2527824,2527824,1782868446525207,True,True
2178214,1.00110000,407.00000000,2527825,2527825,1782868446529850,True,True
2178215,1.00110000,10.00000000,2527826,2527826,1782868446951641,True,True
2178216,1.00110000,2599.00000000,2527827,2527827,1782868448352550,True,True
2178217,1.00110000,600.00000000,2527828,2527828,1782868450763423,True,True
2178218,1.00120000,13.00000000,2527829,2527829,1782868451546326,False,True
2178219,1.00110000,65.00000000,2527830,2527830,1782868452331366,True,True
2178220,1.00110000,25.00000000,2527831,2527831,1782868452462888,True,True
2178221,1.00110000,225.00000000,2527832,2527832,1782868453372671,True,True
2178222,1.00110000,4640.00000000,2527833,2527833,1782868456044825,True,True
2178223,1.00110000,4642.00000000,2527834,2527834,1782868458568372,True,True
2178224,1.00110000,69.00000000,2527835,2527835,1782868458900379,True,True
2178225,1.00110000,4645.00000000,2527836,2527836,1782868461046990,True,True
2178226,1.00110000,4642.00000000,2527837,2527838,1782868476166723,True,True
2178227,1.00110000,4644.00000000,2527839,2527839,1782868479860226,True,True
2178228,1.00110000,4639.00000000,2527840,2527840,1782868486440301,True,True
2178229,1.00110000,8.00000000,2527841,2527841,1782868487190017,True,True
