312410073,0.00000420,458493.00,1692303599,1692303599,1782864019312041,True,True
312410074,0.00000421,11550188.00,1692303600,1692303600,1782864063819071,False,True
312410075,0.00000421,57007125.00,1692303601,1692303603,1782864100777634,False,True
312410076,0.00000420,797083.00,1692303604,1692303604,1782864120062550,True,True
312410077,0.00000421,3930653.00,1692303605,1692303605,1782864159746083,False,True
312410078,0.00000420,192531800.00,1692303606,1692303606,1782864198756723,True,True
312410079,0.00000420,1589082094.00,1692303607,1692303629,1782864198758299,True,True
312410080,0.00000420,120116961.00,1692303630,1692303635,1782864198759530,True,True
312410081,0.00000419,293135.00,1692303636,1692303636,1782864201436815,True,True
312410082,0.00000420,613365.00,1692303637,1692303637,1782864243106614,False,True
312410083,0.00000420,7352808.00,1692303638,1692303638,1782864252813346,False,True
312410084,0.00000420,1070969.00,1692303639,1692303639,1782864268270796,False,True
312410085,0.00000420,351610.00,1692303640,1692303640,1782864297418307,False,True
312410086,0.00000420,2067701113.00,1692303641,1692303666,1782864324250010,False,True
312410087,0.00000421,19070000.00,1692303667,1692303667,1782864371759900,False,True
312410088,0.00000421,712594278.00,1692303668,1692303675,1782864378029686,False,True
312410089,0.00000420,7257200.00,1692303676,1692303676,1782864403534799,True,True
312410090,0.00000420,1868685.00,1692303677,1692303677,1782864440500408,True,True
312410091,0.00000421,1358691.00,1692303678,1692303678,1782864441027537,False,True
312410092,0.00000420,612752.00,1692303679,1692303679,1782864482944757,True,True
312410093,0.00000420,1177224.00,1692303680,1692303680,1782864543018291,True,True
312410094,0.00000421,459523.00,1692303681,1692303681,1782864543815533,False,True
312410095,0.00000420,7908401.00,1692303682,1692303682,1782864600867610,True,True
312410096,0.00000421,787402.00,1692303683,1692303683,1782864652735584,False,True
312410097,0.00000421,555447.00,1692303684,1692303684,1782864662810930,False,True
312410098,0.00000421,666666.00,1692303685,1692303685,1782864739034523,False,True
312410099,0.00000421,21153529.00,1692303686,1692303686,1782864757676786,False,True
312410100,0.00000420,11058844.00,1692303687,1692303687,1782864776319628,True,True
312410101,0.00000420,459063.00,1692303688,1692303688,1782864787919364,True,True
312410102,0.00000421,2380952.00,1692303689,1692303689,1782864835147977,False,True
312410103,0.00000421,49518142.00,1692303690,1692303690,1782864884298333,False,True
312410104,0.00000420,206978440.00,1692303691,1692303692,1782864904763579,True,True
312410105,0.00000421,916666.00,1692303693,1692303693,1782864963588626,False,True
312410106,0.00000421,411987.00,1692303694,1692303694,1782865013654669,False,True
312410107,0.00000421,345106.00,1692303695,1692303695,1782865044358001,False,True
312410108,0.00000421,109701306.00,1692303696,1692303701,1782865058067665,False,True
312410109,0.00000420,37095077.00,1692303702,1692303702,1782865061213825,True,True
312410110,0.00000420,4761904.00,1692303703,1692303703,1782865080531443,True,True
312410111,0.00000421,3569843.00,1692303704,1692303704,1782865138211702,False,True
312410112,0.00000420,4580853.00,1692303705,1692303705,1782865153429970,True,True
312410113,0.00000420,402929.00,1692303706,1692303706,1782865159752138,True,True
312410114,0.00000420,787384.00,1692303707,1692303707,1782865162994544,True,True
312410115,0.00000420,476190.00,1692303708,1692303708,1782865173928591,True,True
312410116,0.00000421,4750593.00,1692303709,1692303709,1782865179331271,False,True
312410117,0.00000420,11617015.00,1692303710,1692303710,1782865184753072,True,True
312410118,0.00000421,1654761.00,1692303711,1692303711,1782865192228801,False,True
312410119,0.00000420,1613976.00,1692303712,1692303712,1782865215510632,True,True
312410120,0.00000420,2429425.00,1692303713,1692303713,1782865217334983,True,True
312410121,0.00000420,2378571.00,1692303714,1692303714,1782865218815435,True,True
312410122,0.00000421,1000000.00,1692303715,1692303715,1782865219741093,False,True
312410123,0.00000421,787402.00,1692303716,1692303716,1782865255910138,False,True
312410124,0.00000420,995956.00,1692303717,1692303717,1782865264691841,True,True
312410125,0.00000420,70166724.00,1692303718,1692303718,1782865312688577,True,True
312410126,0.00000420,96265900.00,1692303719,1692303719,1782865316534513,True,True
312410127,0.00000420,48132900.00,1692303720,1692303720,1782865316539981,True,True
312410128,0.00000420,284450000.00,1692303721,1692303722,1782865317056048,True,True
312410129,0.00000420,760000000.00,1692303723,1692303736,1782865317056423,True,True
312410130,0.00000420,760000000.00,1692303737,1692303737,1782865317057234,True,True
312410131,0.00000420,760000000.00,1692303738,1692303739,1782865317058086,True,True
312410132,0.00000420,760000100.00,1692303740,1692303740,1782865317059084,True,True
312410133,0.00000420,160009955.00,1692303741,1692303741,1782865317059241,True,True
312410134,0.00000420,2511128120.00,1692303742,1692303757,1782865317060941,True,True
312410135,0.00000420,23866348.00,1692303758,1692303758,1782865317069079,False,True
312410136,0.00000420,5142685.00,1692303759,1692303759,1782865317069085,False,True
312410137,0.00000420,1001500.00,1692303760,1692303760,1782865325044724,False,True
312410138,0.00000419,1666666.00,1692303761,1692303761,1782865333132448,True,True
312410139,0.00000419,7068396.00,1692303762,1692303762,1782865337275245,True,True
312410140,0.00000419,251282.00,1692303763,1692303763,1782865341154855,True,True
312410141,0.00000419,2854285.00,1692303764,1692303764,1782865374563825,True,True
312410142,0.00000420,3103219.00,1692303765,1692303765,1782865385134332,False,True
312410143,0.00000420,643532.00,1692303766,1692303766,1782865412855562,False,True
312410144,0.00000419,261538.00,1692303767,1692303767,1782865445190351,True,True
312410145,0.00000419,997450.00,1692303768,1692303768,1782865462964034,True,True
312410146,0.00000420,406240.00,1692303769,1692303769,1782865499417793,False,True
312410147,0.00000420,1301018.00,1692303770,1692303770,1782865502166960,False,True
312410148,0.00000420,600000.00,1692303771,1692303771,1782865505794165,False,True
312410149,0.00000420,531243594.00,1692303772,1692303780,1782865524990763,False,True
312410150,0.00000420,65939056.00,1692303781,1692303781,1782865537126013,False,True
312410151,0.00000420,999610.00,1692303782,1692303782,1782865548945914,False,True
312410152,0.00000420,19642857.00,1692303783,1692303783,1782865561679771,False,True
312410153,0.00000419,20011820.00,1692303784,1692303784,1782865572324296,True,True
312410154,0.00000419,7991999.00,1692303785,1692303785,1782865632400558,True,True
312410155,0.00000420,119047619.00,1692303786,1692303788,1782865654228101,False,True
312410156,0.00000420,2380029.00,1692303789,1692303789,1782865664514949,False,True
312410157,0.00000420,23829568.00,1692303790,1692303792,1782865675819771,False,True
312410158,0.00000420,1622000.00,1692303793,1692303793,1782865693081784,False,True
312410159,0.00000420,24000547.00,1692303794,1692303794,1782865693787175,False,True
312410160,0.00000420,1260132101.00,1692303795,1692303815,1782865693789205,False,True
312410161,0.00000420,8607086.00,1692303816,1692303816,1782865792535944,True,True
312410162,0.00000421,4496807.00,1692303817,1692303817,1782865798848774,False,True
312410163,0.00000420,599400.00,1692303818,1692303818,1782865809279370,True,True
312410164,0.00000421,4602380.00,1692303819,1692303819,1782865863487470,False,True
312410165,0.00000420,356034.00,1692303820,1692303820,1782865864019331,True,True
312410166,0.00000421,282500000.00,1692303821,1692303840,1782865865586871,False,True
312410167,0.00000421,27741028.00,1692303841,1692303851,1782865865587168,False,True
312410168,0.00000421,20635840.00,1692303852,1692303852,1782865867565891,True,True
312410169,0.00000421,7561664.00,1692303853,1692303853,1782865876934133,True,True
312410170,0.00000421,9415031.00,1692303854,1692303854,1782865896169526,True,True
312410171,0.00000421,24066500.00,1692303855,1692303855,1782865941679733,True,True
312410172,0.00000421,12033200.00,1692303856,1692303856,1782865941681688,True,True
312410173,0.00000421,6016600.00,1692303857,1692303857,1782865941683175,True,True
312410174,0.00000421,3008300.00,1692303858,1692303858,1782865941685582,True,True
312410175,0.00000421,1504200.00,1692303859,1692303859,1782865941687269,True,True
312410176,0.00000421,752100.00,1692303860,1692303860,1782865941688750,True,True
312410177,0.00000421,376000.00,1692303861,1692303861,1782865941690329,True,True
312410178,0.00000421,760000700.00,1692303862,1692303871,1782865941742874,True,True
312410179,0.00000421,250786533.00,1692303872,1692303886,1782865941743095,True,True
312410180,0.00000421,708628400.00,1692303887,1692303895,1782865950792747,False,True
312410181,0.00000421,1476302.00,1692303896,1692303902,1782865950794086,False,True
312410182,0.00000422,8000000.00,1692303903,1692303903,1782865959119856,False,True
312410183,0.00000421,4597778.00,1692303904,1692303904,1782865981244921,True,True
312410184,0.00000422,534441.00,1692303905,1692303905,1782865984603433,False,True
312410185,0.00000421,5387263.00,1692303906,1692303906,1782866006197519,True,True
312410186,0.00000421,2305628.00,1692303907,1692303907,1782866040135213,True,True
312410187,0.00000421,1815308.00,1692303908,1692303908,1782866071181898,True,True
312410188,0.00000421,280000000.00,1692303909,1692303909,1782866072036260,True,True
312410189,0.00000421,1858137.00,1692303910,1692303910,1782866072937940,True,True
312410190,0.00000421,1263794.00,1692303911,1692303911,1782866092076325,True,True
312410191,0.00000421,13064132.00,1692303912,1692303912,1782866127842123,True,True
312410192,0.00000421,13064132.00,1692303913,1692303913,1782866127842233,True,True
312410193,0.00000421,860711900.00,1692303914,1692303924,1782866133096630,True,True
312410194,0.00000421,490973.00,1692303925,1692303927,1782866133098658,True,True
312410195,0.00000421,490973.00,1692303928,1692303930,1782866133098887,True,True
312410196,0.00000421,479924.00,1692303931,1692303932,1782866133099460,True,True
312410197,0.00000420,585024.00,1692303933,1692303933,1782866157451345,True,True
312410198,0.00000421,2345287.00,1692303934,1692303934,1782866179968363,False,True
312410199,0.00000420,533907.00,1692303935,1692303935,1782866222403505,True,True
312410200,0.00000421,392522.00,1692303936,1692303936,1782866235672839,False,True
312410201,0.00000421,1061757.00,1692303937,1692303937,1782866283288410,False,True
312410202,0.00000421,4165342.00,1692303938,1692303938,1782866321834288,False,True
312410203,0.00000421,1472300.00,1692303939,1692303939,1782866323928161,False,True
312410204,0.00000420,476190.00,1692303940,1692303940,1782866329180392,True,True
312410205,0.00000421,332734.00,1692303941,1692303941,1782866343817474,False,True
312410206,0.00000421,2155736.00,1692303942,1692303942,1782866366361811,False,True
312410207,0.00000420,2907161.00,1692303943,1692303943,1782866398326414,True,True
312410208,0.00000420,1408940.00,1692303944,1692303944,1782866430349944,True,True
312410209,0.00000421,10059573.00,1692303945,1692303945,1782866447186046,False,True
312410210,0.00000420,3211337.00,1692303946,1692303946,1782866475676520,True,True
312410211,0.00000420,1060695.00,1692303947,1692303947,1782866480205396,True,True
312410212,0.00000421,30179523.00,1692303948,1692303948,1782866492282218,False,True
312410213,0.00000420,14295082.00,1692303949,1692303949,1782866517034367,True,True
312410214,0.00000421,30180184.00,1692303950,1692303950,1782866523092748,False,True
312410215,0.00000420,1707703.00,1692303951,1692303951,1782866573611196,True,True
312410216,0.00000420,307650.00,1692303952,1692303952,1782866577617955,True,True
312410217,0.00000420,5232856.00,1692303953,1692303953,1782866581506958,True,True
312410218,0.00000421,895238.00,1692303954,1692303954,1782866582265293,False,True
312410219,0.00000420,42755344.00,1692303955,1692303955,1782866637117565,True,True
312410220,0.00000421,1998294.00,1692303956,1692303956,1782866662890154,False,True
312410221,0.00000420,5000000.00,1692303957,1692303957,1782866692687072,True,True
312410222,0.00000420,8793085.00,1692303958,1692303958,1782866795716149,True,True
312410223,0.00000420,894343.00,1692303959,1692303959,1782866832876442,True,True
312410224,0.00000421,8076009.00,1692303960,1692303960,1782866834265180,False,True
312410225,0.00000420,168771946.00,1692303961,1692303962,1782866902310813,True,True
312410226,0.00000421,471428.00,1692303963,1692303963,1782866942992298,False,True
312410227,0.00000421,2115914.00,1692303964,1692303964,1782866951175782,False,True
312410228,0.00000420,820468.00,1692303965,1692303965,1782866994292502,True,True
312410229,0.00000420,2711058.00,1692303966,1692303966,1782867118109358,True,True
312410230,0.00000420,1000000.00,1692303967,1692303967,1782867119494625,True,True
312410231,0.00000420,470956.00,1692303968,1692303968,1782867127073367,True,True
312410232,0.00000421,6547619.00,1692303969,1692303969,1782867143243732,False,True
312410233,0.00000421,186427000.00,1692303970,1692303974,1782867164074525,False,True
312410234,0.00000421,127301000.00,1692303975,1692303975,1782867164074966,False,True
312410235,0.00000421,642845926.00,1692303976,1692303994,1782867164076307,False,True
312410236,0.00000421,47505938.00,1692303995,1692303995,1782867164079889,True,True
312410237,0.00000421,582727666.00,1692303996,1692303998,1782867164110457,True,True
312410238,0.00000421,116415778.00,1692303999,1692303999,1782867164215207,True,True
312410239,0.00000421,111770125.00,1692304000,1692304005,1782867164268205,True,True
312410240,0.00000422,7371821.00,1692304006,1692304006,1782867164555319,False,True
312410241,0.00000421,1892269.00,1692304007,1692304007,1782867167787659,True,True
312410242,0.00000421,436664260.00,1692304008,1692304017,1782867167798829,True,True
312410243,0.00000421,506090.00,1692304018,1692304019,1782867167802061,True,True
312410244,0.00000421,1763475.00,1692304020,1692304026,1782867167803070,True,True
312410245,0.00000421,748276200.00,1692304027,1692304040,1782867178184317,False,True
312410246,0.00000421,1247200.00,1692304041,1692304046,1782867178185871,False,True
312410247,0.00000421,1247268.00,1692304047,1692304053,1782867178186859,False,True
312410248,0.00000421,975877.00,1692304054,1692304057,1782867178186971,False,True
312410249,0.00000422,475059.00,1692304058,1692304058,1782867181126699,False,True
312410250,0.00000421,1063116100.00,1692304059,1692304071,1782867181162893,True,True
312410251,0.00000421,741794.00,1692304072,1692304074,1782867181167365,True,True
312410252,0.00000421,741794.00,1692304075,1692304077,1782867181167418,True,True
312410253,0.00000421,1025279.00,1692304078,1692304082,1782867181167801,True,True
312410254,0.00000421,2272119.00,1692304083,1692304083,1782867208486071,False,True
312410255,0.00000420,262930.00,1692304084,1692304084,1782867241955513,True,True
312410256,0.00000421,802008.00,1692304085,1692304085,1782867302716971,False,True
312410257,0.00000420,474584.00,1692304086,1692304086,1782867424921318,True,True
312410258,0.00000421,1681710.00,1692304087,1692304087,1782867425872862,False,True
312410259,0.00000421,6551089.00,1692304088,1692304088,1782867470579897,False,True
312410260,0.00000420,4643807.00,1692304089,1692304089,1782867476811275,True,True
312410261,0.00000420,1421300.00,1692304090,1692304090,1782867502725489,True,True
312410262,0.00000421,6557800.00,1692304091,1692304091,1782867540448090,False,True
312410263,0.00000420,52687468.00,1692304092,1692304092,1782867569202510,True,True
312410264,0.00000420,14300962.00,1692304093,1692304093,1782867580891063,True,True
312410265,0.00000420,2031812.00,1692304094,1692304094,1782867627915245,True,True
312410266,0.00000420,466155.00,1692304095,1692304095,1782867664417546,True,True
312410267,0.00000421,655108.00,1692304096,1692304096,1782867665820913,False,True
312410268,0.00000420,25540911.00,1692304097,1692304097,1782867670678148,True,True
312410269,0.00000420,1251578.00,1692304098,1692304098,1782867700053600,True,True
312410270,0.00000421,29404387.00,1692304099,1692304099,1782867724494737,False,True
312410271,0.00000421,1612335.00,1692304100,1692304100,1782867743689068,False,True
312410272,0.00000420,26156200.00,1692304101,1692304101,1782867746515637,True,True
312410273,0.00000421,655108.00,1692304102,1692304102,1782867792618728,False,True
312410274,0.00000420,615484.00,1692304103,1692304103,1782867794473141,True,True
312410275,0.00000420,26156200.00,1692304104,1692304104,1782867806554888,True,True
312410276,0.00000420,4367589.00,1692304105,1692304105,1782867836219593,True,True
312410277,0.00000420,708148400.00,1692304106,1692304117,1782867841228511,True,True
312410278,0.00000420,952696741.00,1692304118,1692304139,1782867841231062,True,True
312410279,0.00000419,10450000.00,1692304140,1692304140,1782867854492809,True,True
312410280,0.00000420,18355185.00,1692304141,1692304141,1782867865945206,False,True
312410281,0.00000419,119189511.00,1692304142,1692304142,1782867921327012,True,True
312410282,0.00000419,760000700.00,1692304143,1692304143,1782867923384132,True,True
312410283,0.00000419,453996800.00,1692304144,1692304144,1782867923386185,True,True
312410284,0.00000419,761237706.00,1692304145,1692304176,1782867923388125,True,True
312410285,0.00000418,34688995.00,1692304177,1692304177,1782867943493878,True,True
312410286,0.00000419,5804687.00,1692304178,1692304178,1782867944046695,False,True
312410287,0.00000418,4734596.00,1692304179,1692304179,1782867944875838,True,True
312410288,0.00000419,2169199.00,1692304180,1692304180,1782867976961032,False,True
312410289,0.00000418,1680028.00,1692304181,1692304181,1782868023174034,True,True
312410290,0.00000419,595228.00,1692304182,1692304182,1782868055517654,False,True
312410291,0.00000419,424821.00,1692304183,1692304183,1782868083306370,False,True
312410292,0.00000418,1196172.00,1692304184,1692304184,1782868101457861,True,True
312410293,0.00000419,1193318.00,1692304185,1692304185,1782868120582899,False,True
312410294,0.00000418,2000000.00,1692304186,1692304186,1782868126276667,True,True
312410295,0.00000418,2893575.00,1692304187,1692304187,1782868138549378,True,True
312410296,0.00000419,81754395.00,1692304188,1692304188,1782868172951967,False,True
312410297,0.00000418,460961.00,1692304189,1692304189,1782868200311085,True,True
312410298,0.00000418,157271167.00,1692304190,1692304201,1782868217953267,True,True
312410299,0.00000418,253730206.00,1692304202,1692304219,1782868217953333,True,True
312410300,0.00000418,3598417.00,1692304220,1692304220,1782868256759144,False,True
312410301,0.00000417,754648.00,1692304221,1692304222,1782868261217225,True,True
312410302,0.00000417,1898336.00,1692304223,1692304227,1782868261217225,True,True
312410303,0.00000417,1620038.00,1692304228,1692304232,1782868261298314,True,True
312410304,0.00000417,19505978.00,1692304233,1692304253,1782868261392228,True,True
312410305,0.00000417,100000000.00,1692304254,1692304254,1782868261563725,False,True
312410306,0.00000417,1895773.00,1692304255,1692304255,1782868261566527,False,True
312410307,0.00000417,853469169.00,1692304256,1692304265,1782868263248772,False,True
312410308,0.00000417,1210897.00,1692304266,1692304270,1782868263250559,False,True
312410309,0.00000418,3711000.00,1692304271,1692304271,1782868268665377,False,True
312410310,0.00000418,5413935.00,1692304272,1692304272,1782868280887909,False,True
312410311,0.00000417,1414818.00,1692304273,1692304273,1782868283512099,True,True
312410312,0.00000418,12931159.00,1692304274,1692304274,1782868295679116,False,True
312410313,0.00000417,747786.00,1692304275,1692304275,1782868327616660,True,True
312410314,0.00000418,39652178.00,1692304276,1692304276,1782868339708380,False,True
312410315,0.00000418,19401913.00,1692304277,1692304277,1782868349342380,False,True
312410316,0.00000417,119760479.00,1692304278,1692304278,1782868357528272,True,True
312410317,0.00000417,20874109.00,1692304279,1692304284,1782868359161211,True,True
312410318,0.00000417,1730001.00,1692304285,1692304291,1782868360322787,True,True
312410319,0.00000416,306003200.00,1692304292,1692304308,1782868365627357,True,True
312410320,0.00000416,135575100.00,1692304309,1692304318,1782868365627794,True,True
312410321,0.00000416,769123.00,1692304319,1692304322,1782868365631348,True,True
312410322,0.00000416,1038043.00,1692304323,1692304326,1782868365632587,True,True
312410323,0.00000416,593358.00,1692304327,1692304330,1782868365634832,True,True
312410324,0.00000416,1735707.00,1692304331,1692304337,1782868365637919,True,True
312410325,0.00000415,12040800.00,1692304338,1692304338,1782868366094487,True,True
312410326,0.00000415,1298241.00,1692304339,1692304339,1782868366094487,True,True
312410327,0.00000416,21354791.00,1692304340,1692304340,1782868368090941,False,True
312410328,0.00000416,5757438.00,1692304341,1692304341,1782868368090941,False,True
312410329,0.00000415,52510497.00,1692304342,1692304342,1782868372978695,True,True
312410330,0.00000416,2403846.00,1692304343,1692304343,1782868374967675,False,True
312410331,0.00000416,424300.00,1692304344,1692304344,1782868375400686,False,True
312410332,0.00000416,20885303.00,1692304345,1692304345,1782868377420864,False,True
312410333,0.00000415,30868094.00,1692304346,1692304346,1782868378003446,True,True
312410334,0.00000415,1000000000.00,1692304347,1692304375,1782868378005960,True,True
312410335,0.00000415,100000000.00,1692304376,1692304376,1782868378007553,True,True
312410336,0.00000415,749344894.00,1692304377,1692304399,1782868378007789,True,True
312410337,0.00000414,130614215.00,1692304400,1692304409,1782868378031212,True,True
312410338,0.00000414,138888889.00,1692304410,1692304410,1782868378447009,True,True
312410339,0.00000414,138888889.00,1692304411,1692304411,1782868378714881,True,True
312410340,0.00000415,135573800.00,1692304412,1692304413,1782868378818403,False,True
312410341,0.00000414,138888889.00,1692304414,1692304414,1782868379210024,True,True
312410342,0.00000415,5305164.00,1692304415,1692304415,1782868381821394,False,True
312410343,0.00000414,2167029.00,1692304416,1692304416,1782868385086589,True,True
312410344,0.00000415,749400.00,1692304417,1692304417,1782868388645219,False,True
312410345,0.00000414,947438489.00,1692304418,1692304418,1782868394143795,True,True
312410346,0.00000414,629753190.00,1692304419,1692304441,1782868394144718,True,True
312410347,0.00000414,1520533.00,1692304442,1692304447,1782868394145229,True,True
312410348,0.00000414,2529129.00,1692304448,1692304448,1782868394519197,False,True
312410349,0.00000414,6426100.00,1692304449,1692304449,1782868395078069,False,True
312410350,0.00000414,15000000.00,1692304450,1692304450,1782868395437332,False,True
312410351,0.00000414,1135450200.00,1692304451,1692304466,1782868396098900,False,True
312410352,0.00000414,1501804.00,1692304467,1692304473,1782868396100464,False,True
312410353,0.00000414,203825837.00,1692304474,1692304474,1782868396134329,True,True
312410354,0.00000414,226420200.00,1692304475,1692304477,1782868396864918,True,True
312410355,0.00000414,250076.00,1692304478,1692304479,1782868396869171,True,True
312410356,0.00000414,250076.00,1692304480,1692304481,1782868396869427,True,True
312410357,0.00000414,1310995.00,1692304482,1692304486,1782868396884954,True,True
312410358,0.00000413,26118531.00,1692304487,1692304498,1782868397473253,True,True
312410359,0.00000414,15000000.00,1692304499,1692304499,1782868397913885,False,True
312410360,0.00000414,6206730.00,1692304500,1692304500,1782868400060939,False,True
312410361,0.00000414,15291700.00,1692304501,1692304501,1782868401604817,False,True
312410362,0.00000414,1207729.00,1692304502,1692304502,1782868404981165,False,True
312410363,0.00000414,68446255.00,1692304503,1692304503,1782868407020902,False,True
312410364,0.00000414,1280193.00,1692304504,1692304504,1782868413402688,False,True
312410365,0.00000414,7246376.00,1692304505,1692304505,1782868414566678,False,True
312410366,0.00000414,17310882.00,1692304506,1692304506,1782868416386556,False,True
312410367,0.00000414,2418379.00,1692304507,1692304512,1782868417481175,False,True
312410368,0.00000414,51366303.00,1692304513,1692304513,1782868417550407,False,True
312410369,0.00000414,2418379.00,1692304514,1692304514,1782868417552437,False,True
312410370,0.00000414,38132485.00,1692304515,1692304519,1782868417557151,False,True
312410371,0.00000414,26496374.00,1692304520,1692304520,1782868417558973,False,True
312410372,0.00000414,48696998.00,1692304521,1692304527,1782868417562300,False,True
312410373,0.00000414,1502691.00,1692304528,1692304533,1782868417564889,False,True
312410374,0.00000414,15566377.00,1692304534,1692304534,1782868418046938,True,True
312410375,0.00000414,2412545.00,1692304535,1692304535,1782868419219765,True,True
312410376,0.00000414,1250000.00,1692304536,1692304540,1782868419221357,True,True
312410377,0.00000414,47363568.00,1692304541,1692304554,1782868420968884,False,True
312410378,0.00000414,25725000.00,1692304555,1692304555,1782868420972381,True,True
312410379,0.00000414,22584178.00,1692304556,1692304556,1782868420972484,True,True
312410380,0.00000414,375449300.00,1692304557,1692304558,1782868421824242,True,True
312410381,0.00000414,760000000.00,1692304559,1692304561,1782868422114033,True,True
312410382,0.00000414,78600000.00,1692304562,1692304562,1782868422115518,True,True
312410383,0.00000414,211800000.00,1692304563,1692304563,1782868422116004,True,True
312410384,0.00000414,1167822.00,1692304564,1692304564,1782868422117251,True,True
312410385,0.00000414,211800000.00,1692304565,1692304565,1782868422117644,True,True
312410386,0.00000414,56440873.00,1692304566,1692304574,1782868422117918,True,True
312410387,0.00000414,2418379.00,1692304575,1692304575,1782868423275126,False,True
312410388,0.00000414,211800000.00,1692304576,1692304576,1782868423278130,False,True
312410389,0.00000414,49100579.00,1692304577,1692304593,1782868423282694,False,True
312410390,0.00000414,86262173.00,1692304594,1692304594,1782868423479953,True,True
312410391,0.00000414,230768494.00,1692304595,1692304596,1782868423480002,True,True
312410392,0.00000414,26156200.00,1692304597,1692304597,1782868423480278,True,True
312410393,0.00000414,82088805.00,1692304598,1692304608,1782868423482171,True,True
312410394,0.00000414,429715900.00,1692304609,1692304620,1782868425898067,False,True
312410395,0.00000414,1250899.00,1692304621,1692304626,1782868425899879,False,True
312410396,0.00000414,1691827.00,1692304627,1692304627,1782868428170681,True,True
312410397,0.00000415,157200000.00,1692304628,1692304636,1782868429928234,False,True
312410398,0.00000415,2407267.00,1692304637,1692304637,1782868429930113,False,True
312410399,0.00000415,6899718.00,1692304638,1692304649,1782868429930346,False,True
312410400,0.00000415,64036327.00,1692304650,1692304650,1782868432409706,True,True
312410401,0.00000415,7402462.00,1692304651,1692304651,1782868437966641,True,True
312410402,0.00000416,211800000.00,1692304652,1692304652,1782868440716293,False,True
312410403,0.00000416,92422591.00,1692304653,1692304674,1782868440717751,False,True
312410404,0.00000416,165147809.00,1692304675,1692304676,1782868440806693,True,True
312410405,0.00000416,424397.00,1692304677,1692304677,1782868443355111,True,True
312410406,0.00000416,4004825.00,1692304678,1692304678,1782868446525005,True,True
312410407,0.00000416,211800000.00,1692304679,1692304679,1782868451488085,True,True
312410408,0.00000416,2400960.00,1692304680,1692304689,1782868451490756,True,True
312410409,0.00000416,103525.00,1692304690,1692304690,1782868451491108,True,True
312410410,0.00000415,300000.00,1692304691,1692304691,1782868454174717,True,True
312410411,0.00000415,295047.00,1692304692,1692304692,1782868454179153,True,True
312410412,0.00000416,211800000.00,1692304693,1692304693,1782868457941978,False,True
312410413,0.00000416,125959257.00,1692304694,1692304708,1782868457947224,False,True
312410414,0.00000416,700977.00,1692304709,1692304709,1782868458175542,True,True
312410415,0.00000416,21153846.00,1692304710,1692304710,1782868460587655,True,True
312410416,0.00000416,238424820.00,1692304711,1692304712,1782868469135604,True,True
312410417,0.00000416,2308466.00,1692304713,1692304713,1782868469138782,True,True
312410418,0.00000416,396021900.00,1692304714,1692304720,1782868473234171,True,True
312410419,0.00000416,1501851.00,1692304721,1692304727,1782868473235905,True,True
312410420,0.00000416,2406738.00,1692304728,1692304728,1782868480985226,False,True
312410421,0.00000416,476388700.00,1692304729,1692304737,1782868480986450,False,True
312410422,0.00000416,1501757.00,1692304738,1692304743,1782868480988123,False,True
312410423,0.00000416,32491103.00,1692304744,1692304744,1782868481162440,True,True
312410424,0.00000416,2504485.00,1692304745,1692304754,1782868484603379,True,True
312410425,0.00000416,293864300.00,1692304755,1692304763,1782868492417777,False,True
312410426,0.00000416,769800.00,1692304764,1692304767,1782868492419869,False,True
312410427,0.00000416,769889.00,1692304768,1692304772,1782868492421635,False,True
312410428,0.00000416,732891.00,1692304773,1692304775,1782868492423549,False,True
312410429,0.00000417,239808.00,1692304776,1692304776,1782868494541954,False,True
312410430,0.00000417,1762918.00,1692304777,1692304777,1782868496417187,False,True
312410431,0.00000417,133353071.00,1692304778,1692304800,1782868507593477,False,True
312410432,0.00000418,1678003.00,1692304801,1692304801,1782868507972975,False,True
312410433,0.00000418,78600000.00,1692304802,1692304802,1782868511000219,False,True
312410434,0.00000418,875912.00,1692304803,1692304805,1782868511043603,False,True
312410435,0.00000418,51180602.00,1692304806,1692304826,1782868511103490,False,True
312410436,0.00000418,17428754.00,1692304827,1692304827,1782868511114460,True,True
312410437,0.00000418,16985644.00,1692304828,1692304829,1782868511114739,True,True
312410438,0.00000418,22442031.00,1692304830,1692304830,1782868511116366,True,True
312410439,0.00000418,107152796.00,1692304831,1692304832,1782868511434315,True,True
312410440,0.00000418,192467000.00,1692304833,1692304833,1782868511446355,True,True
312410441,0.00000418,91357312.00,1692304834,1692304846,1782868511450258,True,True
312410442,0.00000417,1667906.00,1692304847,1692304847,1782868530573816,True,True
312410443,0.00000417,211800000.00,1692304848,1692304849,1782868557967497,True,True
312410444,0.00000417,2395008.00,1692304850,1692304855,1782868557969709,True,True
312410445,0.00000417,2395209.00,1692304856,1692304856,1782868557970009,True,True
312410446,0.00000417,56724043.00,1692304857,1692304868,1782868557992223,True,True
312410447,0.00000417,41000000.00,1692304869,1692304869,1782868559188062,False,True
312410448,0.00000417,952038.00,1692304870,1692304870,1782868563690594,False,True
312410449,0.00000416,157200000.00,1692304871,1692304875,1782868583645868,True,True
312410450,0.00000416,211800000.00,1692304876,1692304876,1782868583646522,True,True
312410451,0.00000416,30563604.00,1692304877,1692304897,1782868583647478,True,True
312410452,0.00000416,211800000.00,1692304898,1692304898,1782868588301629,False,True
312410453,0.00000416,47354772.00,1692304899,1692304912,1782868588303049,False,True
312410454,0.00000416,10125000.00,1692304913,1692304913,1782868591515369,True,True
312410455,0.00000416,10125000.00,1692304914,1692304914,1782868591516401,True,True
312410456,0.00000416,417334019.00,1692304915,1692304927,1782868591517943,True,True
312410457,0.00000415,10125000.00,1692304928,1692304928,1782868591519958,True,True
312410458,0.00000415,3500000.00,1692304929,1692304929,1782868618185604,True,True
312410459,0.00000415,500000.00,1692304930,1692304930,1782868618190851,True,True
312410460,0.00000416,240390.00,1692304931,1692304931,1782868620018460,False,True
312410461,0.00000416,439455198.00,1692304932,1692304942,1782868630096350,False,True
312410462,0.00000416,1208827406.00,1692304943,1692304951,1782868637752306,True,True
312410463,0.00000416,2309270.00,1692304952,1692304960,1782868637755900,True,True
312410464,0.00000416,2056760.00,1692304961,1692304968,1782868639829668,False,True
312410465,0.00000416,21742919.00,1692304969,1692304969,1782868649572998,True,True
312410466,0.00000416,1523224.00,1692304970,1692304975,1782868653459535,True,True
312410467,0.00000416,500897.00,1692304976,1692304977,1782868653461217,True,True
312410468,0.00000416,1771611.00,1692304978,1692304984,1782868654035842,True,True
312410469,0.00000416,7294215.00,1692304985,1692304985,1782868654495873,False,True
312410470,0.00000416,274116000.00,1692304986,1692304986,1782868683734672,False,True
312410471,0.00000416,47354772.00,1692304987,1692305000,1782868683738152,False,True
312410472,0.00000416,10125000.00,1692305001,1692305001,1782868709495184,True,True
312410473,0.00000416,3311961.00,1692305002,1692305014,1782868709498919,True,True
312410474,0.00000415,6813039.00,1692305015,1692305015,1782868709498919,True,True
312410475,0.00000416,752903925.00,1692305016,1692305027,1782868712667340,False,True
312410476,0.00000416,12737545.00,1692305028,1692305028,1782868731068821,True,True
312410477,0.00000416,951086.00,1692305029,1692305029,1782868747406601,True,True
312410478,0.00000416,31654676.00,1692305030,1692305030,1782868749247139,True,True
312410479,0.00000416,48798075.00,1692305031,1692305031,1782868749247863,True,True
312410480,0.00000416,17450570.00,1692305032,1692305032,1782868749248092,True,True
312410481,0.00000417,4004825.00,1692305033,1692305033,1782868753378267,False,True
312410482,0.00000417,1918465.00,1692305034,1692305034,1782868765041105,False,True
312410483,0.00000417,359982.00,1692305035,1692305035,1782868769053671,False,True
312410484,0.00000417,1163355300.00,1692305036,1692305047,1782868770477108,False,True
312410485,0.00000417,1228210.00,1692305048,1692305053,1782868770478938,False,True
312410486,0.00000417,8346982.00,1692305054,1692305054,1782868798483866,True,True
312410487,0.00000418,585131.00,1692305055,1692305055,1782868805025023,False,True
312410488,0.00000417,211800000.00,1692305056,1692305056,1782868823624711,True,True
312410489,0.00000417,150797066.00,1692305057,1692305066,1782868824270533,True,True
312410490,0.00000417,302451485.00,1692305067,1692305067,1782868824270601,True,True
312410491,0.00000417,2517312.00,1692305068,1692305077,1782868824274120,True,True
312410492,0.00000417,332356600.00,1692305078,1692305079,1782868829142593,False,True
312410493,0.00000417,325100200.00,1692305080,1692305086,1782868829142805,False,True
312410494,0.00000417,2357818.00,1692305087,1692305096,1782868829145535,False,True
312410495,0.00000417,160920.00,1692305097,1692305097,1782868829145895,False,True
312410496,0.00000418,21933191.00,1692305098,1692305098,1782868833919840,False,True
312410497,0.00000417,6654361.00,1692305099,1692305101,1782868853115203,True,True
312410498,0.00000418,515358851.00,1692305102,1692305104,1782868857025465,False,True
312410499,0.00000417,3169573.00,1692305105,1692305105,1782868882422657,True,True
312410500,0.00000418,934255.00,1692305106,1692305106,1782868888647169,False,True
312410501,0.00000418,14263075.00,1692305107,1692305107,1782868923382613,False,True
312410502,0.00000418,3237118.00,1692305108,1692305108,1782868927420612,False,True
312410503,0.00000418,14373168.00,1692305109,1692305109,1782868937945839,False,True
312410504,0.00000418,442627000.00,1692305110,1692305130,1782868951254558,False,True
312410505,0.00000418,2267160.00,1692305131,1692305140,1782868951256586,False,True
312410506,0.00000419,47732794.00,1692305141,1692305141,1782868952497908,False,True
312410507,0.00000418,358423.00,1692305142,1692305142,1782868954837091,True,True
312410508,0.00000418,358423.00,1692305143,1692305143,1782868954837100,True,True
312410509,0.00000418,358423.00,1692305144,1692305144,1782868954837104,True,True
312410510,0.00000418,214755000.00,1692305145,1692305145,1782868958692142,True,True
312410511,0.00000418,2389486.00,1692305146,1692305146,1782868958694275,True,True
312410512,0.00000418,80379291.00,1692305147,1692305154,1782868958805064,True,True
312410513,0.00000418,95056000.00,1692305155,1692305155,1782868958834446,True,True
312410514,0.00000418,199594000.00,1692305156,1692305156,1782868958839974,True,True
312410515,0.00000418,131550480.00,1692305157,1692305157,1782868958846419,True,True
312410516,0.00000418,110337357.00,1692305158,1692305164,1782868958846475,True,True
312410517,0.00000418,2275182.00,1692305165,1692305173,1782868958870867,True,True
312410518,0.00000418,446449200.00,1692305174,1692305183,1782868963014785,False,True
312410519,0.00000418,1478492.00,1692305184,1692305190,1782868963015436,False,True
312410520,0.00000418,113479245.00,1692305191,1692305191,1782868980021910,True,True
312410521,0.00000418,122839631.00,1692305192,1692305192,1782868980022465,True,True
312410522,0.00000418,2956279.00,1692305193,1692305204,1782868980024914,True,True
312410523,0.00000417,23729217.00,1692305205,1692305205,1782868982042574,True,True
312410524,0.00000417,584545.00,1692305206,1692305206,1782868989441869,True,True
312410525,0.00000418,2384278.00,1692305207,1692305213,1782868990293385,False,True
312410526,0.00000418,490430.00,1692305214,1692305214,1782869046506192,False,True
312410527,0.00000418,24296421.00,1692305215,1692305215,1782869068214779,False,True
312410528,0.00000417,353419827.00,1692305216,1692305220,1782869075357828,True,True
312410529,0.00000418,241626.00,1692305221,1692305221,1782869098328734,False,True
312410530,0.00000418,362571.00,1692305222,1692305222,1782869100317839,False,True
312410531,0.00000417,241384.00,1692305223,1692305223,1782869100667345,True,True
312410532,0.00000418,240566.00,1692305224,1692305224,1782869103629831,False,True
312410533,0.00000417,240325.00,1692305225,1692305225,1782869105328321,True,True
312410534,0.00000417,947407.00,1692305226,1692305226,1782869137533486,True,True
312410535,0.00000418,59808612.00,1692305227,1692305228,1782869142869105,False,True
312410536,0.00000418,3340909.00,1692305229,1692305229,1782869153398191,False,True
312410537,0.00000418,23923444.00,1692305230,1692305230,1782869169348196,False,True
312410538,0.00000417,19089304.00,1692305231,1692305231,1782869176731472,True,True
312410539,0.00000418,1607178.00,1692305232,1692305232,1782869178123344,False,True
312410540,0.00000418,410917.00,1692305233,1692305233,1782869179226874,False,True
312410541,0.00000417,32637251.00,1692305234,1692305234,1782869234634037,True,True
312410542,0.00000418,5654105.00,1692305235,1692305235,1782869238155687,False,True
312410543,0.00000418,1306975.00,1692305236,1692305236,1782869246660330,False,True
312410544,0.00000418,68088729.00,1692305237,1692305237,1782869249466132,False,True
312410545,0.00000418,327743200.00,1692305238,1692305248,1782869310656455,False,True
312410546,0.00000418,1472727.00,1692305249,1692305255,1782869310658958,False,True
312410547,0.00000418,2389486.00,1692305256,1692305256,1782869314710088,True,True
312410548,0.00000418,326578200.00,1692305257,1692305257,1782869315483075,True,True
312410549,0.00000418,2203588.00,1692305258,1692305266,1782869315485250,True,True
312410550,0.00000417,3841480.00,1692305267,1692305267,1782869387853010,True,True
312410551,0.00000417,489940.00,1692305268,1692305268,1782869394933175,True,True
312410552,0.00000417,2671530.00,1692305269,1692305269,1782869403529019,True,True
312410553,0.00000418,510791.00,1692305270,1692305270,1782869405520704,False,True
312410554,0.00000418,359282.00,1692305271,1692305271,1782869414553930,False,True
312410555,0.00000418,735697900.00,1692305272,1692305283,1782869420621171,False,True
312410556,0.00000418,1210956.00,1692305284,1692305289,1782869420622849,False,True
312410557,0.00000418,3021874.00,1692305290,1692305290,1782869443065002,True,True
312410558,0.00000418,103400000.00,1692305291,1692305291,1782869452059505,True,True
312410559,0.00000419,241050.00,1692305292,1692305292,1782869463371627,False,True
312410560,0.00000418,240808.00,1692305293,1692305293,1782869466516061,True,True
312410561,0.00000419,239993.00,1692305294,1692305294,1782869468465085,False,True
312410562,0.00000418,239753.00,1692305295,1692305295,1782869471015989,True,True
312410563,0.00000419,1000000.00,1692305296,1692305296,1782869584370845,False,True
312410564,0.00000418,1435965.00,1692305297,1692305297,1782869584820529,True,True
312410565,0.00000419,2386634.00,1692305298,1692305298,1782869626899326,False,True
312410566,0.00000418,1080954490.00,1692305299,1692305319,1782869627266364,True,True
312410567,0.00000418,179592657.00,1692305320,1692305320,1782869627593905,False,True
312410568,0.00000418,2234326.00,1692305321,1692305321,1782869627597889,False,True
312410569,0.00000418,2390034.00,1692305322,1692305322,1782869627597973,False,True
312410570,0.00000418,201401527.00,1692305323,1692305338,1782869627967497,False,True
312410571,0.00000419,1662679.00,1692305339,1692305339,1782869633424714,False,True
312410572,0.00000418,510280.00,1692305340,1692305340,1782869645129432,True,True
312410573,0.00000419,3159558.00,1692305341,1692305341,1782869649340922,False,True
312410574,0.00000418,211800000.00,1692305342,1692305343,1782869661088705,True,True
312410575,0.00000418,1243588.00,1692305344,1692305348,1782869661103949,True,True
312410576,0.00000418,1210897.00,1692305349,1692305353,1782869661109868,True,True
312410577,0.00000417,14563106.00,1692305354,1692305354,1782869661572615,True,True
312410578,0.00000418,24302800.00,1692305355,1692305355,1782869672126042,False,True
312410579,0.00000418,243568384.00,1692305356,1692305369,1782869672127350,False,True
312410580,0.00000418,77426482.00,1692305370,1692305370,1782869687095828,True,True
312410581,0.00000418,1183762.00,1692305371,1692305371,1782869687098472,True,True
312410582,0.00000418,1151107.00,1692305372,1692305372,1782869687098660,True,True
312410583,0.00000418,243567800.00,1692305373,1692305373,1782869687771951,True,True
312410584,0.00000418,114247400.00,1692305374,1692305378,1782869687773489,True,True
312410585,0.00000418,1478395.00,1692305379,1692305385,1782869687773617,True,True
312410586,0.00000417,4914842.00,1692305386,1692305386,1782869688606787,True,True
312410587,0.00000418,2056963.00,1692305387,1692305387,1782869700150520,False,True
312410588,0.00000418,760000000.00,1692305388,1692305399,1782869702940032,False,True
312410589,0.00000418,9685690.00,1692305400,1692305407,1782869702943540,False,True
312410590,0.00000419,654676.00,1692305408,1692305408,1782869704602453,False,True
312410591,0.00000418,326160.00,1692305409,1692305409,1782869711519866,True,True
312410592,0.00000419,238663.00,1692305410,1692305410,1782869718143365,False,True
312410593,0.00000419,11933174.00,1692305411,1692305411,1782869752619526,False,True
312410594,0.00000418,81308632.00,1692305412,1692305412,1782869801752692,True,True
312410595,0.00000419,61575178.00,1692305413,1692305413,1782869819648740,False,True
312410596,0.00000418,1670644.00,1692305414,1692305414,1782869829191691,True,True
312410597,0.00000418,303254.00,1692305415,1692305415,1782869829276759,True,True
312410598,0.00000419,1843149.00,1692305416,1692305416,1782869833074061,False,True
312410599,0.00000418,2028178.00,1692305417,1692305417,1782869836234368,True,True
312410600,0.00000418,2453955.00,1692305418,1692305418,1782869840176737,True,True
312410601,0.00000419,441339700.00,1692305419,1692305445,1782869914955597,False,True
312410602,0.00000419,2421810.00,1692305446,1692305456,1782869914958229,False,True
312410603,0.00000420,57889606.00,1692305457,1692305482,1782869935635809,False,True
312410604,0.00000420,346330900.00,1692305483,1692305485,1782869935662719,True,True
312410605,0.00000420,1038946292.00,1692305486,1692305499,1782869935673451,True,True
312410606,0.00000420,144741311.00,1692305500,1692305500,1782869935743809,False,True
312410607,0.00000420,2383790.00,1692305501,1692305501,1782869935759900,False,True
312410608,0.00000420,211800000.00,1692305502,1692305502,1782869935773676,False,True
312410609,0.00000420,272058486.00,1692305503,1692305509,1782869935776006,False,True
312410610,0.00000420,1477689.00,1692305510,1692305515,1782869935776210,False,True
312410611,0.00000420,249338257.00,1692305516,1692305516,1782869935827441,True,True
312410612,0.00000420,191155808.00,1692305517,1692305518,1782869935827683,True,True
312410613,0.00000420,156214519.00,1692305519,1692305530,1782869935910010,True,True
312410614,0.00000419,20751050.00,1692305531,1692305531,1782869937799116,True,True
312410615,0.00000420,240476.00,1692305532,1692305532,1782869942027977,False,True
312410616,0.00000420,212320000.00,1692305533,1692305534,1782869943138659,False,True
312410617,0.00000420,28676917.00,1692305535,1692305541,1782869943142292,False,True
312410618,0.00000420,84833331.00,1692305542,1692305551,1782869943142298,False,True
312410619,0.00000420,1138900.00,1692305552,1692305552,1782869945618039,True,True
312410620,0.00000420,240235.00,1692305553,1692305553,1782869952855323,True,True
312410621,0.00000421,239424.00,1692305554,1692305554,1782869954810777,False,True
312410622,0.00000420,8339885.00,1692305555,1692305555,1782869956653927,True,True
312410623,0.00000420,239185.00,1692305556,1692305556,1782869957366333,True,True
312410624,0.00000421,122281814.00,1692305557,1692305557,1782869968876431,False,True
312410625,0.00000421,132257701.00,1692305558,1692305584,1782869968893442,False,True
312410626,0.00000421,673444537.00,1692305585,1692305600,1782869974860466,True,True
312410627,0.00000420,8361703.00,1692305601,1692305601,1782869976342687,True,True
312410628,0.00000421,1187189.00,1692305602,1692305602,1782869979214780,False,True
312410629,0.00000421,5406300.00,1692305603,1692305603,1782869985336340,False,True
312410630,0.00000421,41581200.00,1692305604,1692305604,1782869985400821,False,True
312410631,0.00000421,296513800.00,1692305605,1692305608,1782869985401926,False,True
312410632,0.00000421,223551100.00,1692305609,1692305609,1782869985402042,False,True
312410633,0.00000421,46807776.00,1692305610,1692305621,1782869985403273,False,True
312410634,0.00000421,418486800.00,1692305622,1692305622,1782869998020918,True,True
312410635,0.00000421,243324902.00,1692305623,1692305636,1782869998022541,True,True
312410636,0.00000420,654022.00,1692305637,1692305637,1782870004292912,True,True
312410637,0.00000420,10476190.00,1692305638,1692305638,1782870027735792,True,True
312410638,0.00000421,1190476.00,1692305639,1692305639,1782870040543924,False,True
312410639,0.00000421,757400016.00,1692305640,1692305656,1782870059561374,False,True
312410640,0.00000422,423148.00,1692305657,1692305657,1782870061118319,False,True
312410641,0.00000422,895130.00,1692305658,1692305660,1782870068519104,False,True
312410642,0.00000422,24543500.00,1692305661,1692305679,1782870068574374,False,True
312410643,0.00000422,1237006.00,1692305680,1692305685,1782870068574682,False,True
312410644,0.00000422,7345970.00,1692305686,1692305686,1782870068577754,True,True
312410645,0.00000422,7345970.00,1692305687,1692305687,1782870068578083,True,True
312410646,0.00000422,132279248.00,1692305688,1692305689,1782870070197715,True,True
312410647,0.00000422,26798255.00,1692305690,1692305690,1782870070367629,True,True
312410648,0.00000422,19631179.00,1692305691,1692305691,1782870072609122,True,True
312410649,0.00000422,211800000.00,1692305692,1692305693,1782870074058170,True,True
312410650,0.00000422,2366863.00,1692305694,1692305697,1782870074061402,True,True
312410651,0.00000422,69484900.00,1692305698,1692305700,1782870074061566,True,True
312410652,0.00000422,1461794.00,1692305701,1692305706,1782870074063384,True,True
312410653,0.00000422,2356100.00,1692305707,1692305707,1782870075423623,False,True
312410654,0.00000422,355872.00,1692305708,1692305708,1782870076733114,False,True
312410655,0.00000422,211800000.00,1692305709,1692305709,1782870076902060,False,True
312410656,0.00000422,47451600.00,1692305710,1692305724,1782870076903964,False,True
312410657,0.00000422,20521363.00,1692305725,1692305725,1782870077884316,True,True
312410658,0.00000422,588669300.00,1692305726,1692305728,1782870078277934,True,True
312410659,0.00000422,137110544.00,1692305729,1692305738,1782870078279940,True,True
312410660,0.00000421,4652534.00,1692305739,1692305739,1782870089738652,True,True
312410661,0.00000421,1207729.00,1692305740,1692305740,1782870094417315,True,True
312410662,0.00000422,342042.00,1692305741,1692305741,1782870123686739,False,True
312410663,0.00000421,1504920.00,1692305742,1692305742,1782870133446053,True,True
312410664,0.00000422,2594093.00,1692305743,1692305743,1782870138386539,False,True
312410665,0.00000422,19229857.00,1692305744,1692305744,1782870234326461,False,True
312410666,0.00000422,584057.00,1692305745,1692305745,1782870237236584,False,True
312410667,0.00000421,30000000.00,1692305746,1692305746,1782870239400979,True,True
312410668,0.00000422,85574496.00,1692305747,1692305747,1782870257183533,False,True
312410669,0.00000421,29296829.00,1692305748,1692305748,1782870270781845,True,True
312410670,0.00000422,403086.00,1692305749,1692305749,1782870299007753,False,True
312410671,0.00000421,35937700.00,1692305750,1692305750,1782870300775589,True,True
312410672,0.00000422,1900237.00,1692305751,1692305751,1782870305756646,False,True
312410673,0.00000421,341699.00,1692305752,1692305752,1782870322789852,True,True
312410674,0.00000421,422411708.00,1692305753,1692305754,1782870326563006,True,True
312410675,0.00000421,17281908.00,1692305755,1692305755,1782870330782007,True,True
312410676,0.00000421,140803903.00,1692305756,1692305759,1782870331133096,True,True
312410677,0.00000422,3039999900.00,1692305760,1692305775,1782870341232034,False,True
312410678,0.00000422,760000000.00,1692305776,1692305776,1782870341232076,False,True
312410679,0.00000422,208056600.00,1692305777,1692305777,1782870341237777,False,True
312410680,0.00000422,760000700.00,1692305778,1692305778,1782870341238747,False,True
312410681,0.00000422,426368174.00,1692305779,1692305779,1782870341240253,False,True
312410682,0.00000422,369154983.00,1692305780,1692305792,1782870341244338,False,True
312410683,0.00000422,710899670.00,1692305793,1692305804,1782870341802349,True,True
312410684,0.00000421,12644216.00,1692305805,1692305814,1782870355776030,True,True
312410685,0.00000422,627078.00,1692305815,1692305815,1782870363675847,False,True
312410686,0.00000421,14326330.00,1692305816,1692305816,1782870375775095,True,True
312410687,0.00000421,48752620.00,1692305817,1692305818,1782870390780326,True,True
312410688,0.00000421,253137930.00,1692305819,1692305833,1782870400126662,True,True
312410689,0.00000420,124550000.00,1692305834,1692305835,1782870400160121,True,True
312410690,0.00000420,2403846.00,1692305836,1692305836,1782870406499703,True,True
312410691,0.00000421,710899200.00,1692305837,1692305840,1782870413077342,False,True
312410692,0.00000421,46796879.00,1692305841,1692305852,1782870413079305,False,True
312410693,0.00000421,865944813.00,1692305853,1692305866,1782870415756918,True,True
312410694,0.00000420,626451.00,1692305867,1692305867,1782870427343316,True,True
312410695,0.00000420,20709322.00,1692305868,1692305868,1782870435775435,True,True
312410696,0.00000420,29887730.00,1692305869,1692305869,1782870450780603,True,True
312410697,0.00000421,3687081.00,1692305870,1692305870,1782870458408478,False,True
312410698,0.00000420,42237280.00,1692305871,1692305871,1782870475776853,True,True
312410699,0.00000421,654761.00,1692305872,1692305872,1782870484752687,False,True
312410700,0.00000421,2374375.00,1692305873,1692305873,1782870498034212,False,True
312410701,0.00000420,1015529140.00,1692305874,1692305882,1782870538607194,True,True
312410702,0.00000421,808655.00,1692305883,1692305883,1782870538717683,False,True
312410703,0.00000420,500000000.00,1692305884,1692305895,1782870553444845,True,True
312410704,0.00000420,485110.00,1692305896,1692305897,1782870594809254,True,True
312410705,0.00000420,211800000.00,1692305898,1692305908,1782870612624739,True,True
312410706,0.00000420,211800000.00,1692305909,1692305911,1782870612628131,True,True
312410707,0.00000420,3638691.00,1692305912,1692305918,1782870612635698,True,True
312410708,0.00000420,143518801.00,1692305919,1692305919,1782870634007835,False,True
312410709,0.00000420,293134700.00,1692305920,1692305928,1782870634009413,False,True
312410710,0.00000420,1477036.00,1692305929,1692305935,1782870634011478,False,True
312410711,0.00000420,3817155.00,1692305936,1692305936,1782870642932063,True,True
312410712,0.00000420,430222.00,1692305937,1692305937,1782870649289273,True,True
312410713,0.00000420,12002808.00,1692305938,1692305938,1782870654615794,True,True
312410714,0.00000420,359758.00,1692305939,1692305939,1782870678543682,True,True
312410715,0.00000420,2500000.00,1692305940,1692305940,1782870686572956,True,True
312410716,0.00000420,838117.00,1692305941,1692305941,1782870717198052,True,True
312410717,0.00000421,950118.00,1692305942,1692305942,1782870777651964,False,True
312410718,0.00000421,239904.00,1692305943,1692305943,1782870817557262,False,True
312410719,0.00000420,239664.00,1692305944,1692305944,1782870819076915,True,True
312410720,0.00000421,238856.00,1692305945,1692305945,1782870820744554,False,True
312410721,0.00000420,238617.00,1692305946,1692305946,1782870822140996,True,True
312410722,0.00000421,760000000.00,1692305947,1692305947,1782870903347039,False,True
312410723,0.00000421,2280000000.00,1692305948,1692305967,1782870903347247,False,True
312410724,0.00000421,365626800.00,1692305968,1692305969,1782870903347956,False,True
312410725,0.00000421,1727244.00,1692305970,1692305977,1782870903349526,False,True
312410726,0.00000421,3218785.00,1692305978,1692305978,1782870905602474,True,True
312410727,0.00000421,211800000.00,1692305979,1692305979,1782870906047020,True,True
312410728,0.00000421,286634900.00,1692305980,1692305986,1782870906048467,True,True
312410729,0.00000421,1741725.00,1692305987,1692305994,1782870906048832,True,True
312410730,0.00000421,5009999.00,1692305995,1692305995,1782870913354054,False,True
312410731,0.00000421,690921682.00,1692305996,1692306005,1782870922104241,False,True
312410732,0.00000421,1461794.00,1692306006,1692306011,1782870922105572,False,True
312410733,0.00000421,10893246.00,1692306012,1692306012,1782871015463160,True,True
312410734,0.00000422,239336.00,1692306013,1692306013,1782871023462755,False,True
312410735,0.00000421,239096.00,1692306014,1692306014,1782871024972508,True,True
312410736,0.00000422,238291.00,1692306015,1692306015,1782871026711163,False,True
312410737,0.00000421,238053.00,1692306016,1692306016,1782871028710534,True,True
312410738,0.00000421,2460344.00,1692306017,1692306017,1782871051691709,True,True
312410739,0.00000421,521407.00,1692306018,1692306018,1782871056434516,True,True
312410740,0.00000422,2843601.00,1692306019,1692306019,1782871059909981,False,True
312410741,0.00000422,239336.00,1692306020,1692306020,1782871077222987,False,True
312410742,0.00000421,239096.00,1692306021,1692306021,1782871078950843,True,True
312410743,0.00000422,238291.00,1692306022,1692306022,1782871080118135,False,True
312410744,0.00000422,926165.00,1692306023,1692306023,1782871080446758,False,True
312410745,0.00000421,238053.00,1692306024,1692306024,1782871081711264,True,True
312410746,0.00000421,50350000.00,1692306025,1692306025,1782871115332019,True,True
312410747,0.00000421,392904958.00,1692306026,1692306036,1782871115333442,True,True
312410748,0.00000420,492828.00,1692306037,1692306037,1782871135670042,True,True
312410749,0.00000420,20345902.00,1692306038,1692306038,1782871184408181,True,True
312410750,0.00000420,9975666.00,1692306039,1692306039,1782871210090000,True,True
312410751,0.00000421,490077.00,1692306040,1692306040,1782871214225460,False,True
312410752,0.00000421,2375297.00,1692306041,1692306041,1782871250816521,False,True
312410753,0.00000421,1740296.00,1692306042,1692306042,1782871260637405,False,True
312410754,0.00000420,294349.00,1692306043,1692306043,1782871262899122,True,True
312410755,0.00000421,50000000.00,1692306044,1692306044,1782871273946571,False,True
312410756,0.00000421,12704581.00,1692306045,1692306045,1782871274211366,False,True
312410757,0.00000421,239904.00,1692306046,1692306046,1782871306098711,False,True
312410758,0.00000420,239664.00,1692306047,1692306047,1782871309754020,True,True
312410759,0.00000421,238856.00,1692306048,1692306048,1782871311353490,False,True
312410760,0.00000420,238617.00,1692306049,1692306049,1782871313729435,True,True
312410761,0.00000420,2136203.00,1692306050,1692306050,1782871314253894,True,True
312410762,0.00000421,697619.00,1692306051,1692306051,1782871322577764,False,True
312410763,0.00000421,7226000.00,1692306052,1692306052,1782871343469056,False,True
312410764,0.00000421,367223600.00,1692306053,1692306054,1782871372173355,False,True
312410765,0.00000421,403880900.00,1692306055,1692306064,1782871372173418,False,True
312410766,0.00000421,1476337.00,1692306065,1692306071,1782871372173480,False,True
312410767,0.00000422,239336.00,1692306072,1692306072,1782871396164582,False,True
312410768,0.00000421,239096.00,1692306073,1692306073,1782871399029029,True,True
312410769,0.00000422,238291.00,1692306074,1692306074,1782871400773505,False,True
312410770,0.00000421,238053.00,1692306075,1692306075,1782871403259397,True,True
312410771,0.00000421,2058342417.00,1692306076,1692306090,1782871473846037,True,True
312410772,0.00000421,1476289.00,1692306091,1692306096,1782871473847391,True,True
312410773,0.00000421,5009999.00,1692306097,1692306097,1782871518857446,False,True
312410774,0.00000420,266143.00,1692306098,1692306098,1782871526041640,True,True
312410775,0.00000420,334522.00,1692306099,1692306099,1782871532131688,True,True
312410776,0.00000420,53811551.00,1692306100,1692306100,1782871569106786,True,True
312410777,0.00000420,829364849.00,1692306101,1692306129,1782871569107042,True,True
312410778,0.00000420,406985.00,1692306130,1692306130,1782871582196544,False,True
312410779,0.00000420,146049366.00,1692306131,1692306132,1782871583206650,False,True
312410780,0.00000420,392904500.00,1692306133,1692306133,1782871583207935,False,True
312410781,0.00000420,57528491.00,1692306134,1692306148,1782871583209575,False,True
312410782,0.00000420,362399.00,1692306149,1692306149,1782871593101060,True,True
312410783,0.00000421,1266666.00,1692306150,1692306150,1782871625737122,False,True
312410784,0.00000420,8526537.00,1692306151,1692306151,1782871630513952,True,True
312410785,0.00000420,2344615.00,1692306152,1692306152,1782871633376774,True,True
312410786,0.00000420,49297578.00,1692306153,1692306154,1782871636171047,True,True
312410787,0.00000420,30030946.00,1692306155,1692306155,1782871640478605,True,True
312410788,0.00000420,525209.00,1692306156,1692306156,1782871680306026,True,True
312410789,0.00000420,710334.00,1692306157,1692306157,1782871746818076,True,True
312410790,0.00000420,2482094.00,1692306158,1692306158,1782871775126775,True,True
312410791,0.00000421,2375296.00,1692306159,1692306159,1782871785503241,False,True
312410792,0.00000420,20000000.00,1692306160,1692306160,1782871793672813,True,True
312410793,0.00000420,81482131.00,1692306161,1692306161,1782871798675515,True,True
312410794,0.00000420,13963860.00,1692306162,1692306162,1782871821871250,True,True
312410795,0.00000420,1294905.00,1692306163,1692306163,1782871825297240,True,True
312410796,0.00000420,3846682.00,1692306164,1692306164,1782871834008297,True,True
312410797,0.00000421,238095238.00,1692306165,1692306166,1782871834385640,False,True
312410798,0.00000421,11876484.00,1692306167,1692306167,1782871846585378,False,True
312410799,0.00000421,2375296.00,1692306168,1692306168,1782871865377849,False,True
312410800,0.00000421,239904.00,1692306169,1692306169,1782871937921127,False,True
312410801,0.00000420,239664.00,1692306170,1692306170,1782871939676074,True,True
312410802,0.00000421,238856.00,1692306171,1692306171,1782871941370911,False,True
312410803,0.00000420,238617.00,1692306172,1692306172,1782871943465694,True,True
312410804,0.00000421,42755344.00,1692306173,1692306173,1782871972353396,False,True
312410805,0.00000420,4657342.00,1692306174,1692306174,1782871979722598,True,True
312410806,0.00000420,321630.00,1692306175,1692306175,1782871983118031,True,True
312410807,0.00000421,760000000.00,1692306176,1692306192,1782871987167227,False,True
312410808,0.00000421,400814200.00,1692306193,1692306197,1782871987167276,False,True
312410809,0.00000421,430678000.00,1692306198,1692306198,1782871987167378,False,True
312410810,0.00000421,211800000.00,1692306199,1692306203,1782871987169483,False,True
312410811,0.00000421,79570897.00,1692306204,1692306208,1782871987170551,False,True
312410812,0.00000421,21327014.00,1692306209,1692306209,1782871987172666,True,True
312410813,0.00000421,31279620.00,1692306210,1692306210,1782871987173440,True,True
312410814,0.00000421,31279620.00,1692306211,1692306211,1782871987173867,True,True
312410815,0.00000421,25483740.00,1692306212,1692306212,1782871987174678,True,True
312410816,0.00000421,15457018.00,1692306213,1692306213,1782871987177102,True,True
312410817,0.00000422,10000000.00,1692306214,1692306216,1782872018103666,False,True
312410818,0.00000421,1265399.00,1692306217,1692306217,1782872043123769,True,True
312410819,0.00000422,1387173.00,1692306218,1692306218,1782872106893706,False,True
312410820,0.00000421,1385786.00,1692306219,1692306219,1782872107549398,True,True
312410821,0.00000421,500000.00,1692306220,1692306220,1782872120597891,True,True
312410822,0.00000422,577297.00,1692306221,1692306221,1782872142776233,False,True
312410823,0.00000422,239336.00,1692306222,1692306222,1782872144286961,False,True
312410824,0.00000421,239096.00,1692306223,1692306223,1782872146404021,True,True
312410825,0.00000422,238291.00,1692306224,1692306224,1782872148207784,False,True
312410826,0.00000421,238053.00,1692306225,1692306225,1782872151126199,True,True
312410827,0.00000422,1111638.00,1692306226,1692306226,1782872163029055,False,True
312410828,0.00000422,21087455.00,1692306227,1692306227,1782872165540184,False,True
312410829,0.00000421,543885.00,1692306228,1692306228,1782872165913179,True,True
312410830,0.00000422,111556536.00,1692306229,1692306229,1782872226115205,False,True
312410831,0.00000421,2622391.00,1692306230,1692306230,1782872230797233,True,True
312410832,0.00000422,2369668.00,1692306231,1692306231,1782872265597139,False,True
312410833,0.00000422,1184376.00,1692306232,1692306232,1782872273084841,False,True
312410834,0.00000422,1208530.00,1692306233,1692306233,1782872298314408,False,True
312410835,0.00000422,317658.00,1692306234,1692306234,1782872339117824,False,True
312410836,0.00000422,357850.00,1692306235,1692306235,1782872343342477,False,True
312410837,0.00000421,21155293.00,1692306236,1692306239,1782872355443289,True,True
312410838,0.00000422,239336.00,1692306240,1692306240,1782872401927524,False,True
312410839,0.00000421,201088349.00,1692306241,1692306243,1782872402373982,True,True
312410840,0.00000421,15322662.00,1692306244,1692306244,1782872413342838,True,True
312410841,0.00000422,1423271.00,1692306245,1692306245,1782872445713724,False,True
312410842,0.00000421,662071536.00,1692306246,1692306255,1782872463893251,True,True
312410843,0.00000421,1110527.00,1692306256,1692306256,1782872464772484,True,True
312410844,0.00000422,28213167.00,1692306257,1692306258,1782872489703546,False,True
312410845,0.00000422,672284.00,1692306259,1692306259,1782872495690365,False,True
312410846,0.00000422,2749124.00,1692306260,1692306260,1782872495711396,False,True
312410847,0.00000422,560532400.00,1692306261,1692306276,1782872497775010,False,True
312410848,0.00000422,1221875.00,1692306277,1692306282,1782872497782517,False,True
312410849,0.00000422,2377225.00,1692306283,1692306283,1782872510665513,True,True
312410850,0.00000423,2450236.00,1692306284,1692306284,1782872527925512,False,True
312410851,0.00000423,1134752.00,1692306285,1692306285,1782872590605514,False,True
312410852,0.00000422,2648184.00,1692306286,1692306286,1782872592415910,True,True
312410853,0.00000422,118483412.00,1692306287,1692306287,1782872599424575,True,True
312410854,0.00000422,2133533.00,1692306288,1692306288,1782872699184801,True,True
312410855,0.00000423,566977.00,1692306289,1692306289,1782872732901782,False,True
312410856,0.00000422,2013586.00,1692306290,1692306290,1782872745679759,True,True
312410857,0.00000423,1692233.00,1692306291,1692306291,1782872817783962,False,True
312410858,0.00000423,329061.00,1692306292,1692306292,1782872818523514,False,True
312410859,0.00000423,2363133.00,1692306293,1692306293,1782872818611284,False,True
312410860,0.00000422,1321796.00,1692306294,1692306294,1782872847800044,True,True
312410861,0.00000423,5000000.00,1692306295,1692306295,1782872889304804,False,True
312410862,0.00000423,3249233.00,1692306296,1692306296,1782872917648385,False,True
312410863,0.00000422,2447785.00,1692306297,1692306297,1782872942828980,True,True
312410864,0.00000422,5930603.00,1692306298,1692306298,1782872953557968,True,True
312410865,0.00000423,3960589.00,1692306299,1692306299,1782872980210227,False,True
312410866,0.00000423,10480922.00,1692306300,1692306300,1782872985921582,False,True
312410867,0.00000423,52730110.00,1692306301,1692306301,1782873042266451,False,True
312410868,0.00000423,695035.00,1692306302,1692306302,1782873062576675,False,True
312410869,0.00000423,1297451800.00,1692306303,1692306338,1782873083761908,False,True
312410870,0.00000423,1536671.00,1692306339,1692306345,1782873083766033,False,True
312410871,0.00000423,537449800.00,1692306346,1692306347,1782873087221713,True,True
312410872,0.00000423,253975300.00,1692306348,1692306355,1782873087222594,True,True
312410873,0.00000423,1474965.00,1692306356,1692306362,1782873087223837,True,True
312410874,0.00000423,238770.00,1692306363,1692306363,1782873106813036,False,True
312410875,0.00000422,9402352.00,1692306364,1692306364,1782873149206240,True,True
312410876,0.00000423,727358.00,1692306365,1692306365,1782873168738986,False,True
312410877,0.00000423,8814744.00,1692306366,1692306366,1782873176019413,False,True
312410878,0.00000423,1654208.00,1692306367,1692306367,1782873176611026,False,True
312410879,0.00000423,97954000.00,1692306368,1692306368,1782873274790248,False,True
312410880,0.00000423,2364066.00,1692306369,1692306369,1782873278786067,False,True
312410881,0.00000423,402334.00,1692306370,1692306370,1782873297617887,False,True
312410882,0.00000423,12571000.00,1692306371,1692306371,1782873332797973,False,True
312410883,0.00000423,1573204393.00,1692306372,1692306384,1782873332800228,False,True
312410884,0.00000423,754903.00,1692306385,1692306387,1782873332802868,False,True
312410885,0.00000423,714652.00,1692306388,1692306390,1782873332804723,False,True
312410886,0.00000423,2067724.00,1692306391,1692306399,1782873332845747,False,True
312410887,0.00000423,478468.00,1692306400,1692306400,1782873342358817,True,True
312410888,0.00000424,590566.00,1692306401,1692306402,1782873346360796,False,True
312410889,0.00000423,5305164.00,1692306403,1692306403,1782873347732685,True,True
312410890,0.00000423,2500000.00,1692306404,1692306404,1782873355076638,True,True
312410891,0.00000423,435647.00,1692306405,1692306405,1782873430471157,True,True
312410892,0.00000423,428108.00,1692306406,1692306406,1782873436119665,True,True
312410893,0.00000423,1075178.00,1692306407,1692306407,1782873448734727,True,True
312410894,0.00000424,1474802.00,1692306408,1692306408,1782873465375852,False,True
312410895,0.00000423,694340.00,1692306409,1692306409,1782873482965224,True,True
312410896,0.00000424,7082771.00,1692306410,1692306410,1782873488436141,False,True
312410897,0.00000424,100472813.00,1692306411,1692306418,1782873501928702,False,True
312410898,0.00000424,4464241.00,1692306419,1692306419,1782873531372924,False,True
312410899,0.00000424,136178000.00,1692306420,1692306423,1782873537245648,False,True
312410900,0.00000423,373569.00,1692306424,1692306424,1782873542218068,True,True
312410901,0.00000424,476415.00,1692306425,1692306425,1782873546345341,False,True
312410902,0.00000424,64831589.00,1692306426,1692306427,1782873566031421,False,True
312410903,0.00000424,1414549.00,1692306428,1692306428,1782873583835119,False,True
312410904,0.00000424,1311321.00,1692306429,1692306429,1782873645259407,False,True
312410905,0.00000424,7082797.00,1692306430,1692306430,1782873654251964,False,True
312410906,0.00000424,117924528.00,1692306431,1692306431,1782873673796895,False,True
312410907,0.00000424,3401669.00,1692306432,1692306432,1782873689996044,False,True
312410908,0.00000423,7336741.00,1692306433,1692306433,1782873722829716,True,True
312410909,0.00000423,3398267.00,1692306434,1692306434,1782873731063033,True,True
312410910,0.00000423,328589.00,1692306435,1692306435,1782873779117857,True,True
312410911,0.00000423,1511487.00,1692306436,1692306436,1782873811029804,True,True
312410912,0.00000424,126021000.00,1692306437,1692306437,1782873812099236,False,True
312410913,0.00000424,69958000.00,1692306438,1692306438,1782873812225610,False,True
312410914,0.00000424,354192.00,1692306439,1692306439,1782873818814294,False,True
312410915,0.00000424,108358000.00,1692306440,1692306440,1782873819438461,False,True
312410916,0.00000424,25571000.00,1692306441,1692306441,1782873819438793,False,True
312410917,0.00000424,354192.00,1692306442,1692306442,1782873819533420,False,True
312410918,0.00000424,354192.00,1692306443,1692306443,1782873819533971,False,True
312410919,0.00000424,354192.00,1692306444,1692306444,1782873819534129,False,True
312410920,0.00000424,354192.00,1692306445,1692306445,1782873819534132,False,True
312410921,0.00000424,195744058.00,1692306446,1692306446,1782873820353196,False,True
312410922,0.00000424,460747545.00,1692306447,1692306465,1782873820353242,False,True
312410923,0.00000424,970897.00,1692306466,1692306469,1782873820354823,False,True
312410924,0.00000424,1727688.00,1692306470,1692306470,1782873820400460,True,True
312410925,0.00000424,20294576.00,1692306471,1692306471,1782873822348684,True,True
312410926,0.00000424,369006641.00,1692306472,1692306472,1782873833353697,True,True
312410927,0.00000424,2355712.00,1692306473,1692306473,1782873833355725,True,True
312410928,0.00000424,2355712.00,1692306474,1692306474,1782873833355910,True,True
312410929,0.00000424,3812454.00,1692306475,1692306477,1782873842266986,True,True
312410930,0.00000425,238207.00,1692306478,1692306478,1782873857788332,False,True
312410931,0.00000425,17769984.00,1692306479,1692306487,1782873857788332,False,True
312410932,0.00000424,7364449.00,1692306488,1692306488,1782873890520194,True,True
312410933,0.00000425,1366815.00,1692306489,1692306489,1782873900417636,False,True
312410934,0.00000425,235294.00,1692306490,1692306490,1782873904731710,False,True
312410935,0.00000425,34652470.00,1692306491,1692306491,1782873906297626,False,True
312410936,0.00000424,26776084.00,1692306492,1692306492,1782873910737051,True,True
312410937,0.00000424,18879102.00,1692306493,1692306493,1782873965705985,True,True
312410938,0.00000424,1655324090.00,1692306494,1692306506,1782873979022816,True,True
312410939,0.00000424,490800.00,1692306507,1692306508,1782873979024211,True,True
312410940,0.00000424,64335235.00,1692306509,1692306513,1782873979024468,True,True
312410941,0.00000424,150829562.00,1692306514,1692306514,1782874034211692,False,True
312410942,0.00000423,3874182.00,1692306515,1692306515,1782874034474461,True,True
312410943,0.00000424,150829562.00,1692306516,1692306516,1782874047654976,False,True
312410944,0.00000424,150829562.00,1692306517,1692306518,1782874080512846,False,True
312410945,0.00000423,7485358.00,1692306519,1692306519,1782874092515366,True,True
312410946,0.00000423,14915969.00,1692306520,1692306520,1782874095463449,True,True
312410947,0.00000424,16429044.00,1692306521,1692306521,1782874131673726,False,True
312410948,0.00000423,475939.00,1692306522,1692306522,1782874205100023,True,True
312410949,0.00000424,497641.00,1692306523,1692306523,1782874206091048,False,True
312410950,0.00000424,707547.00,1692306524,1692306524,1782874227161678,False,True
312410951,0.00000424,3537735.00,1692306525,1692306525,1782874243607391,False,True
312410952,0.00000424,471698.00,1692306526,1692306526,1782874286112025,False,True
312410953,0.00000423,118912529.00,1692306527,1692306527,1782874287706029,True,True
312410954,0.00000423,27440262.00,1692306528,1692306528,1782874316143366,True,True
312410955,0.00000423,1179245.00,1692306529,1692306529,1782874329841118,True,True
312410956,0.00000423,921935.00,1692306530,1692306530,1782874330589388,True,True
312410957,0.00000423,2319362.00,1692306531,1692306531,1782874346251273,True,True
312410958,0.00000423,981601.00,1692306532,1692306532,1782874365992883,True,True
312410959,0.00000423,2553394.00,1692306533,1692306533,1782874383318890,True,True
312410960,0.00000424,352321.00,1692306534,1692306534,1782874428558423,False,True
312410961,0.00000423,11083017.00,1692306535,1692306535,1782874489726588,True,True
312410962,0.00000424,1473647.00,1692306536,1692306536,1782874491825544,False,True
312410963,0.00000424,347108.00,1692306537,1692306537,1782874500217352,False,True
312410964,0.00000423,322796.00,1692306538,1692306538,1782874500317750,True,True
312410965,0.00000424,707273.00,1692306539,1692306539,1782874555946881,False,True
312410966,0.00000424,103146564.00,1692306540,1692306541,1782874560921334,False,True
312410967,0.00000424,2345050.00,1692306542,1692306542,1782874560923581,False,True
312410968,0.00000424,2350462.00,1692306543,1692306543,1782874560924505,False,True
312410969,0.00000423,1903305.00,1692306544,1692306544,1782874575138895,True,True
312410970,0.00000423,6397840.00,1692306545,1692306545,1782874575291770,True,True
312410971,0.00000424,7343359.00,1692306546,1692306546,1782874599406552,False,True
312410972,0.00000424,11787856.00,1692306547,1692306547,1782874606495660,False,True
312410973,0.00000424,308388.00,1692306548,1692306548,1782874621018199,False,True
312410974,0.00000424,24890070.00,1692306549,1692306549,1782874621623297,False,True
312410975,0.00000423,19810874.00,1692306550,1692306550,1782874652651688,True,True
312410976,0.00000423,32073864.00,1692306551,1692306551,1782874747648067,True,True
312410977,0.00000424,3450472.00,1692306552,1692306552,1782874777867242,False,True
312410978,0.00000424,2774549.00,1692306553,1692306553,1782874779283798,False,True
312410979,0.00000424,1414509.00,1692306554,1692306554,1782874787911146,False,True
312410980,0.00000423,350947.00,1692306555,1692306555,1782874803122533,True,True
312410981,0.00000423,12551825.00,1692306556,1692306556,1782874808609612,True,True
312410982,0.00000424,7265972.00,1692306557,1692306557,1782874811044028,False,True
312410983,0.00000423,1535898.00,1692306558,1692306558,1782874861584258,True,True
312410984,0.00000424,1152147.00,1692306559,1692306559,1782874878465866,False,True
312410985,0.00000423,475713.00,1692306560,1692306560,1782874894101686,True,True
312410986,0.00000423,2032694.00,1692306561,1692306561,1782874921241810,True,True
312410987,0.00000424,28071371.00,1692306562,1692306562,1782874943519248,False,True
312410988,0.00000423,403857.00,1692306563,1692306563,1782874948734050,True,True
312410989,0.00000424,1652893.00,1692306564,1692306564,1782874950935013,False,True
312410990,0.00000424,283018.00,1692306565,1692306565,1782874957804411,False,True
312410991,0.00000424,18819000.00,1692306566,1692306566,1782874985072209,False,True
312410992,0.00000424,4958678.00,1692306567,1692306567,1782874993661619,False,True
312410993,0.00000423,264125218.00,1692306568,1692306569,1782875015078997,True,True
312410994,0.00000424,76033058.00,1692306570,1692306578,1782875060411084,False,True
312410995,0.00000424,3537735.00,1692306579,1692306579,1782875062029262,False,True
312410996,0.00000424,166244355.00,1692306580,1692306584,1782875073897948,False,True
312410997,0.00000423,260047.00,1692306585,1692306585,1782875086984152,True,True
312410998,0.00000424,630459.00,1692306586,1692306586,1782875087237985,False,True
312410999,0.00000424,14174113.00,1692306587,1692306587,1782875121311865,False,True
312411000,0.00000423,2329657.00,1692306588,1692306588,1782875155788666,True,True
312411001,0.00000424,259433.00,1692306589,1692306589,1782875162150205,False,True
312411002,0.00000424,449198.00,1692306590,1692306590,1782875189414028,False,True
312411003,0.00000424,1062542.00,1692306591,1692306591,1782875189604047,False,True
312411004,0.00000424,1262869800.00,1692306592,1692306599,1782875206252116,False,True
312411005,0.00000424,1001271400.00,1692306600,1692306612,1782875206254323,False,True
312411006,0.00000424,252534224.00,1692306613,1692306618,1782875206254688,False,True
312411007,0.00000425,1172854.00,1692306619,1692306619,1782875218017840,False,True
312411008,0.00000424,707547.00,1692306620,1692306620,1782875219555582,True,True
312411009,0.00000424,10693999.00,1692306621,1692306621,1782875232022421,True,True
312411010,0.00000424,286310.00,1692306622,1692306622,1782875236872799,True,True
312411011,0.00000424,307891.00,1692306623,1692306623,1782875245595449,True,True
312411012,0.00000424,2355712.00,1692306624,1692306624,1782875317990678,True,True
312411013,0.00000424,1243588.00,1692306625,1692306629,1782875317996079,True,True
312411014,0.00000424,490897.00,1692306630,1692306631,1782875317999113,True,True
312411015,0.00000424,970897.00,1692306632,1692306635,1782875317999391,True,True
312411016,0.00000423,1598041.00,1692306636,1692306636,1782875342218563,True,True
312411017,0.00000424,10565405.00,1692306637,1692306637,1782875349419763,False,True
312411018,0.00000423,15091356.00,1692306638,1692306638,1782875370820401,True,True
312411019,0.00000424,1652893.00,1692306639,1692306639,1782875385525649,False,True
312411020,0.00000423,497143.00,1692306640,1692306640,1782875407794993,True,True
312411021,0.00000424,7920561.00,1692306641,1692306641,1782875415280701,False,True
312411022,0.00000424,1652893.00,1692306642,1692306642,1782875445837784,False,True
312411023,0.00000424,452830.00,1692306643,1692306643,1782875464478842,False,True
312411024,0.00000424,1652893.00,1692306644,1692306644,1782875610698412,False,True
312411025,0.00000424,1652893.00,1692306645,1692306645,1782875627788765,False,True
312411026,0.00000424,6292888.00,1692306646,1692306646,1782875669335186,False,True
312411027,0.00000423,9584198.00,1692306647,1692306647,1782875680075091,True,True
312411028,0.00000424,85041673.00,1692306648,1692306648,1782875715649416,False,True
312411029,0.00000424,2857148.00,1692306649,1692306649,1782875732360861,False,True
312411030,0.00000423,281323.00,1692306650,1692306650,1782875746886129,True,True
312411031,0.00000424,39315184.00,1692306651,1692306651,1782875779289190,False,True
312411032,0.00000423,77331992.00,1692306652,1692306673,1782875780096120,True,True
312411033,0.00000424,235849.00,1692306674,1692306674,1782875781121151,False,True
312411034,0.00000423,833600427.00,1692306675,1692306685,1782875803286693,True,True
312411035,0.00000423,65604944.00,1692306686,1692306694,1782875803288121,True,True
312411036,0.00000423,24157118.00,1692306695,1692306695,1782875838738146,False,True
312411037,0.00000423,278856000.00,1692306696,1692306696,1782875865254869,False,True
312411038,0.00000422,1226123.00,1692306697,1692306697,1782875896395676,True,True
312411039,0.00000423,236406.00,1692306698,1692306698,1782875935090348,False,True
312411040,0.00000422,351639.00,1692306699,1692306699,1782875938718034,True,True
312411041,0.00000422,1550388.00,1692306700,1692306700,1782875947511510,True,True
312411042,0.00000423,8853000.00,1692306701,1692306701,1782875973129786,False,True
312411043,0.00000423,258971.00,1692306702,1692306702,1782875978147212,False,True
312411044,0.00000422,452377.00,1692306703,1692306703,1782876007720733,True,True
312411045,0.00000422,471563.00,1692306704,1692306704,1782876008695576,True,True
312411046,0.00000422,7165497.00,1692306705,1692306708,1782876031170806,True,True
312411047,0.00000422,7425856.00,1692306709,1692306709,1782876033619094,True,True
312411048,0.00000422,602985.00,1692306710,1692306710,1782876063417766,True,True
312411049,0.00000423,568720.00,1692306711,1692306711,1782876066437076,False,True
312411050,0.00000422,2650556.00,1692306712,1692306712,1782876084658189,True,True
312411051,0.00000422,48144578.00,1692306713,1692306713,1782876109808316,True,True
312411052,0.00000423,100379545.00,1692306714,1692306714,1782876128570103,False,True
312411053,0.00000423,4970414.00,1692306715,1692306715,1782876143551816,False,True
312411054,0.00000422,2425556.00,1692306716,1692306716,1782876170709135,True,True
312411055,0.00000422,1265001.00,1692306717,1692306717,1782876228933541,True,True
312411056,0.00000422,1008523011.00,1692306718,1692306734,1782876265766979,True,True
312411057,0.00000422,442515.00,1692306735,1692306735,1782876295875387,True,True
312411058,0.00000423,586990.00,1692306736,1692306736,1782876302656121,False,True
312411059,0.00000423,709219858.00,1692306737,1692306751,1782876342332922,False,True
312411060,0.00000422,25000000.00,1692306752,1692306752,1782876342343227,True,True
312411061,0.00000422,10000000.00,1692306753,1692306753,1782876387647244,True,True
312411062,0.00000423,1654846.00,1692306754,1692306754,1782876387917439,False,True
312411063,0.00000422,22608618.00,1692306755,1692306755,1782876408059677,True,True
312411064,0.00000423,2364066.00,1692306756,1692306756,1782876412088751,False,True
312411065,0.00000423,1271369.00,1692306757,1692306757,1782876421017722,False,True
312411066,0.00000422,568152.00,1692306758,1692306758,1782876424550115,True,True
312411067,0.00000423,824938.00,1692306759,1692306759,1782876436669266,False,True
312411068,0.00000423,3354154.00,1692306760,1692306760,1782876481753141,False,True
312411069,0.00000423,2615126.00,1692306761,1692306761,1782876482005359,False,True
312411070,0.00000422,357303.00,1692306762,1692306762,1782876520047597,True,True
312411071,0.00000423,11820330.00,1692306763,1692306764,1782876524956438,False,True
312411072,0.00000423,527186.00,1692306765,1692306766,1782876545479172,False,True
312411073,0.00000423,562476.00,1692306767,1692306767,1782876587305707,False,True
312411074,0.00000422,3687762.00,1692306768,1692306768,1782876594017923,True,True
312411075,0.00000423,1029756.00,1692306769,1692306769,1782876598449351,False,True
312411076,0.00000423,7112883.00,1692306770,1692306770,1782876623197207,False,True
312411077,0.00000423,790837.00,1692306771,1692306771,1782876650282466,False,True
312411078,0.00000422,15097465.00,1692306772,1692306772,1782876653105652,True,True
312411079,0.00000422,24132961.00,1692306773,1692306773,1782876657305776,True,True
312411080,0.00000422,374021.00,1692306774,1692306774,1782876663124338,True,True
312411081,0.00000422,11126605.00,1692306775,1692306775,1782876691934668,True,True
312411082,0.00000422,47393364.00,1692306776,1692306776,1782876700724318,True,True
312411083,0.00000422,48677258.00,1692306777,1692306777,1782876722471564,True,True
312411084,0.00000423,2340094.00,1692306778,1692306778,1782876735514450,False,True
312411085,0.00000423,559438.00,1692306779,1692306779,1782876737060856,False,True
312411086,0.00000423,1656805.00,1692306780,1692306780,1782876764804373,False,True
312411087,0.00000423,3550840.00,1692306781,1692306781,1782876796261004,False,True
312411088,0.00000423,23640661.00,1692306782,1692306782,1782876797189221,False,True
312411089,0.00000422,2502264.00,1692306783,1692306783,1782876825914119,True,True
312411090,0.00000423,4728132.00,1692306784,1692306784,1782876852560718,False,True
312411091,0.00000422,12300284.00,1692306785,1692306785,1782876880845711,True,True
312411092,0.00000423,1201311.00,1692306786,1692306786,1782876883395211,False,True
312411093,0.00000422,526658.00,1692306787,1692306787,1782876908007446,True,True
312411094,0.00000422,20000000.00,1692306788,1692306797,1782876941120226,True,True
312411095,0.00000423,533175.00,1692306798,1692306798,1782876964836390,False,True
312411096,0.00000423,135970152.00,1692306799,1692306800,1782876981142090,False,True
312411097,0.00000423,54475217.00,1692306801,1692306801,1782876981142096,False,True
312411098,0.00000423,148036984.00,1692306802,1692306802,1782876981142336,False,True
312411099,0.00000423,2361840.00,1692306803,1692306803,1782876981144779,False,True
312411100,0.00000423,1740612.00,1692306804,1692306809,1782876981144971,False,True
312411101,0.00000423,746639200.00,1692306810,1692306822,1782876990455277,False,True
312411102,0.00000423,355030.00,1692306823,1692306825,1782876990455908,False,True
312411103,0.00000423,355030.00,1692306826,1692306827,1782876990459268,False,True
312411104,0.00000423,285633.00,1692306828,1692306829,1782876990460575,False,True
312411105,0.00000423,2998500.00,1692306830,1692306830,1782876992264538,True,True
312411106,0.00000424,8246834.00,1692306831,1692306831,1782877002953744,False,True
312411107,0.00000424,78600000.00,1692306832,1692306832,1782877023816661,False,True
312411108,0.00000424,116647976.00,1692306833,1692306853,1782877023824145,False,True
312411109,0.00000425,37809000.00,1692306854,1692306856,1782877023825203,False,True
312411110,0.00000425,8493000.00,1692306857,1692306859,1782877023825469,False,True
312411111,0.00000425,109581000.00,1692306860,1692306861,1782877023825640,False,True
312411112,0.00000425,112928000.00,1692306862,1692306862,1782877023825887,False,True
312411113,0.00000425,108307000.00,1692306863,1692306870,1782877023826421,False,True
312411114,0.00000425,38226000.00,1692306871,1692306871,1782877023828500,False,True
312411115,0.00000424,532642.00,1692306872,1692306872,1782877024228361,True,True
312411116,0.00000425,353357.00,1692306873,1692306873,1782877028454924,False,True
312411117,0.00000425,353357.00,1692306874,1692306874,1782877028475605,False,True
312411118,0.00000425,353357.00,1692306875,1692306875,1782877028475746,False,True
312411119,0.00000425,1430840295.00,1692306876,1692306898,1782877028673094,False,True
312411120,0.00000425,1474903.00,1692306899,1692306904,1782877028681238,False,True
312411121,0.00000426,106603097.00,1692306905,1692306913,1782877028681238,False,True
312411122,0.00000425,20106464.00,1692306914,1692306914,1782877029025470,True,True
312411123,0.00000425,20106464.00,1692306915,1692306915,1782877032305395,True,True
312411124,0.00000425,451969173.00,1692306916,1692306929,1782877070043502,True,True
312411125,0.00000424,646035.00,1692306930,1692306930,1782877138517899,True,True
312411126,0.00000425,535377.00,1692306931,1692306931,1782877147908094,False,True
312411127,0.00000425,672990.00,1692306932,1692306932,1782877148319353,False,True
312411128,0.00000424,77331993.00,1692306933,1692306933,1782877198527415,True,True
312411129,0.00000424,10197291.00,1692306934,1692306934,1782877210090420,True,True
312411130,0.00000424,14637210.00,1692306935,1692306935,1782877225598343,True,True
312411131,0.00000424,790046.00,1692306936,1692306936,1782877233124597,True,True
312411132,0.00000424,890229.00,1692306937,1692306937,1782877261573405,True,True
312411133,0.00000424,2700000.00,1692306938,1692306938,1782877266754654,True,True
312411134,0.00000424,1862453.00,1692306939,1692306939,1782877271383945,True,True
312411135,0.00000424,2948957.00,1692306940,1692306940,1782877282195683,True,True
312411136,0.00000424,10000000.00,1692306941,1692306941,1782877322119737,True,True
312411137,0.00000424,471698.00,1692306942,1692306942,1782877345275881,True,True
312411138,0.00000424,760000000.00,1692306943,1692306945,1782877373252602,True,True
312411139,0.00000424,72984131.00,1692306946,1692306970,1782877373254079,True,True
312411140,0.00000424,4758393.00,1692306971,1692306971,1782877379551339,False,True
312411141,0.00000423,5527655.00,1692306972,1692306972,1782877398309692,True,True
312411142,0.00000424,235849.00,1692306973,1692306973,1782877398563666,False,True
312411143,0.00000424,623520.00,1692306974,1692306974,1782877412251936,False,True
312411144,0.00000424,4694027.00,1692306975,1692306975,1782877451364669,False,True
312411145,0.00000424,3537735.00,1692306976,1692306976,1782877459630043,False,True
312411146,0.00000424,1950303.00,1692306977,1692306977,1782877500334547,False,True
312411147,0.00000424,3221582.00,1692306978,1692306978,1782877538156141,False,True
312411148,0.00000424,11913959.00,1692306979,1692306979,1782877551249010,False,True
312411149,0.00000423,534842.00,1692306980,1692306980,1782877579239867,True,True
312411150,0.00000424,528149300.00,1692306981,1692306991,1782877599224031,False,True
312411151,0.00000424,1461876.00,1692306992,1692306998,1782877599225819,False,True
312411152,0.00000425,735849.00,1692306999,1692306999,1782877622446951,False,True
312411153,0.00000424,37598536.00,1692307000,1692307000,1782877650786089,True,True
312411154,0.00000424,735113.00,1692307001,1692307001,1782877687635121,True,True
312411155,0.00000425,646226.00,1692307002,1692307002,1782877694990072,False,True
312411156,0.00000424,2963746.00,1692307003,1692307003,1782877707388059,True,True
312411157,0.00000425,2352025.00,1692307004,1692307004,1782877720346405,False,True
312411158,0.00000425,856470.00,1692307005,1692307005,1782877752323966,False,True
312411159,0.00000425,353404.00,1692307006,1692307006,1782877801653297,False,True
312411160,0.00000425,1657606.00,1692307007,1692307007,1782877813935566,False,True
312411161,0.00000424,452354.00,1692307008,1692307008,1782877878982652,True,True
312411162,0.00000424,400259.00,1692307009,1692307009,1782877885691605,True,True
312411163,0.00000425,269873100.00,1692307010,1692307011,1782877939183212,False,True
312411164,0.00000425,760000000.00,1692307012,1692307029,1782877939183370,False,True
312411165,0.00000425,123789004.00,1692307030,1692307037,1782877939184324,False,True
312411166,0.00000425,717254980.00,1692307038,1692307049,1782877940476794,True,True
312411167,0.00000425,1461794.00,1692307050,1692307055,1782877940478706,True,True
312411168,0.00000425,64522000.00,1692307056,1692307056,1782877943605251,False,True
312411169,0.00000425,606871.00,1692307057,1692307059,1782877956272993,False,True
312411170,0.00000424,10197868.00,1692307060,1692307060,1782877956993456,True,True
312411171,0.00000425,211800000.00,1692307061,1692307066,1782877968968418,False,True
312411172,0.00000425,42373000.00,1692307067,1692307067,1782877968977392,False,True
312411173,0.00000425,1975326.00,1692307068,1692307075,1782877968978383,False,True
312411174,0.00000426,20052674.00,1692307076,1692307076,1782877968978383,False,True
312411175,0.00000426,42373000.00,1692307077,1692307077,1782877968985847,False,True
312411176,0.00000426,64568000.00,1692307078,1692307078,1782877968992827,False,True
312411177,0.00000426,96446000.00,1692307079,1692307085,1782877969005199,False,True
312411178,0.00000426,108051000.00,1692307086,1692307086,1782877969005200,False,True
312411179,0.00000425,858470088.00,1692307087,1692307098,1782877976975178,True,True
312411180,0.00000425,1210897.00,1692307099,1692307103,1782877976979425,True,True
312411181,0.00000425,352487.00,1692307104,1692307104,1782877978617879,False,True
312411182,0.00000425,685144200.00,1692307105,1692307112,1782877980875292,False,True
312411183,0.00000425,2251107.00,1692307113,1692307122,1782877980892327,False,True
312411184,0.00000425,450193544.00,1692307123,1692307134,1782877987951743,True,True
312411185,0.00000425,1177855.00,1692307135,1692307135,1782878010959374,False,True
312411186,0.00000425,109158668.00,1692307136,1692307136,1782878011274071,False,True
312411187,0.00000425,47290402.00,1692307137,1692307150,1782878011276180,False,True
312411188,0.00000425,6758635.00,1692307151,1692307151,1782878056211427,True,True
312411189,0.00000426,25000000.00,1692307152,1692307152,1782878070525666,False,True
312411190,0.00000426,2485637.00,1692307153,1692307153,1782878071121766,False,True
312411191,0.00000425,1401869.00,1692307154,1692307154,1782878072705050,True,True
312411192,0.00000426,9499545.00,1692307155,1692307155,1782878084304359,False,True
312411193,0.00000425,245321.00,1692307156,1692307156,1782878106171761,True,True
312411194,0.00000425,18407588.00,1692307157,1692307157,1782878121903757,True,True
312411195,0.00000426,324705.00,1692307158,1692307158,1782878163989096,False,True
312411196,0.00000425,1689244384.00,1692307159,1692307176,1782878179471185,True,True
312411197,0.00000425,253534481.00,1692307177,1692307186,1782878179472257,True,True
312411198,0.00000425,745830900.00,1692307187,1692307197,1782878183706226,False,True
312411199,0.00000425,1473629.00,1692307198,1692307204,1782878183706402,False,True
312411200,0.00000426,27572072.00,1692307205,1692307205,1782878253177298,False,True
312411201,0.00000425,8671752.00,1692307206,1692307206,1782878298718981,True,True
312411202,0.00000426,1176470.00,1692307207,1692307207,1782878329988836,False,True
312411203,0.00000425,1345315.00,1692307208,1692307208,1782878339718163,True,True
312411204,0.00000425,324380.00,1692307209,1692307209,1782878358836777,True,True
312411205,0.00000426,8690114.00,1692307210,1692307210,1782878366477289,False,True
312411206,0.00000426,563657.00,1692307211,1692307211,1782878370079329,False,True
312411207,0.00000426,3479520.00,1692307212,1692307212,1782878378796558,False,True
312411208,0.00000426,788732.00,1692307213,1692307213,1782878415990575,False,True
312411209,0.00000425,748686200.00,1692307214,1692307225,1782878478002363,True,True
312411210,0.00000425,754200.00,1692307226,1692307229,1782878478004032,True,True
312411211,0.00000425,754270.00,1692307230,1692307234,1782878478004844,True,True
312411212,0.00000425,741967.00,1692307235,1692307237,1782878478005025,True,True
312411213,0.00000425,483981500.00,1692307238,1692307246,1782878486008673,False,True
312411214,0.00000425,743662.00,1692307247,1692307250,1782878486011050,False,True
312411215,0.00000425,731217.00,1692307251,1692307254,1782878486011167,False,True
312411216,0.00000425,155086400.00,1692307255,1692307260,1782878487973558,False,True
312411217,0.00000425,312280700.00,1692307261,1692307267,1782878488943699,False,True
312411218,0.00000425,353357.00,1692307268,1692307268,1782878488944033,False,True
312411219,0.00000425,353357.00,1692307269,1692307269,1782878488944037,False,True
312411220,0.00000425,310894.00,1692307270,1692307271,1782878488944338,False,True
312411221,0.00000425,4735221.00,1692307272,1692307272,1782878509019778,True,True
312411222,0.00000425,644053000.00,1692307273,1692307281,1782878514944861,True,True
312411223,0.00000425,754245.00,1692307282,1692307285,1782878514946725,True,True
312411224,0.00000425,754245.00,1692307286,1692307289,1782878514946768,True,True
312411225,0.00000425,216623.00,1692307290,1692307290,1782878514947626,True,True
312411226,0.00000425,510161.00,1692307291,1692307291,1782878544597474,False,True
312411227,0.00000425,5214707.00,1692307292,1692307292,1782878592777197,False,True
312411228,0.00000424,1908709.00,1692307293,1692307293,1782878592907507,True,True
312411229,0.00000424,393971.00,1692307294,1692307294,1782878597245038,True,True
312411230,0.00000425,2634428.00,1692307295,1692307295,1782878610150733,False,True
312411231,0.00000425,518511.00,1692307296,1692307296,1782878636773577,False,True
312411232,0.00000424,393972.00,1692307297,1692307297,1782878644830670,True,True
312411233,0.00000424,1179245.00,1692307298,1692307298,1782878655165182,True,True
312411234,0.00000425,2906920.00,1692307299,1692307299,1782878669823912,False,True
312411235,0.00000424,5031176.00,1692307300,1692307300,1782878679539981,True,True
312411236,0.00000425,15404980.00,1692307301,1692307301,1782878694496756,False,True
312411237,0.00000425,234741784.00,1692307302,1692307307,1782878719365465,False,True
312411238,0.00000425,235294117.00,1692307308,1692307308,1782878735992985,False,True
312411239,0.00000424,6849305.00,1692307309,1692307309,1782878747496431,True,True
312411240,0.00000425,247641.00,1692307310,1692307310,1782878764311171,False,True
312411241,0.00000424,589622.00,1692307311,1692307311,1782878776496513,True,True
312411242,0.00000424,37587522.00,1692307312,1692307312,1782878788086836,True,True
312411243,0.00000425,283431.00,1692307313,1692307313,1782878818118055,False,True
312411244,0.00000425,415453156.00,1692307314,1692307316,1782878858281196,False,True
312411245,0.00000425,41640373.00,1692307317,1692307318,1782878858282490,False,True
312411246,0.00000425,22135000.00,1692307319,1692307319,1782878858282793,False,True
312411247,0.00000425,735501547.00,1692307320,1692307334,1782878858282929,False,True
312411248,0.00000425,1658562410.00,1692307335,1692307346,1782878858536422,True,True
312411249,0.00000425,2251751.00,1692307347,1692307355,1782878858539695,True,True
312411250,0.00000425,2352035.00,1692307356,1692307356,1782878916283717,False,True
312411251,0.00000425,10775131.00,1692307357,1692307357,1782878947073000,False,True
312411252,0.00000425,1132450.00,1692307358,1692307358,1782878960097806,False,True
312411253,0.00000425,918314.00,1692307359,1692307359,1782878962894115,False,True
312411254,0.00000425,480112048.00,1692307360,1692307361,1782878981007490,False,True
312411255,0.00000424,3229127.00,1692307362,1692307362,1782878995705168,True,True
312411256,0.00000425,976470.00,1692307363,1692307363,1782879018157115,False,True
312411257,0.00000424,25000000.00,1692307364,1692307364,1782879026711610,True,True
312411258,0.00000425,135824942.00,1692307365,1692307366,1782879047896189,False,True
312411259,0.00000425,835043.00,1692307367,1692307367,1782879077200580,False,True
312411260,0.00000425,4917037.00,1692307368,1692307368,1782879080260160,False,True
312411261,0.00000425,21146992.00,1692307369,1692307369,1782879097536731,False,True
312411262,0.00000425,4397647.00,1692307370,1692307370,1782879103005336,False,True
312411263,0.00000425,499807.00,1692307371,1692307371,1782879111715228,False,True
312411264,0.00000425,471143.00,1692307372,1692307372,1782879138719330,False,True
312411265,0.00000424,45207957.00,1692307373,1692307373,1782879154508655,True,True
312411266,0.00000425,387167.00,1692307374,1692307374,1782879167677162,False,True
312411267,0.00000424,247394.00,1692307375,1692307375,1782879245651955,True,True
312411268,0.00000425,28644217.00,1692307376,1692307376,1782879255477270,False,True
312411269,0.00000425,3435641.00,1692307377,1692307377,1782879264940204,False,True
312411270,0.00000425,14157355.00,1692307378,1692307378,1782879308539521,False,True
312411271,0.00000424,106002825.00,1692307379,1692307379,1782879360992128,True,True
312411272,0.00000425,501176.00,1692307380,1692307380,1782879361717856,False,True
312411273,0.00000425,1390000.00,1692307381,1692307381,1782879380718776,False,True
312411274,0.00000424,8397212.00,1692307382,1692307382,1782879387553715,True,True
312411275,0.00000424,2592960.00,1692307383,1692307383,1782879402109516,True,True
312411276,0.00000424,3251178.00,1692307384,1692307384,1782879443603717,True,True
312411277,0.00000425,776398.00,1692307385,1692307385,1782879493034497,False,True
312411278,0.00000425,1411221.00,1692307386,1692307386,1782879496570645,False,True
312411279,0.00000424,2369411.00,1692307387,1692307387,1782879500866564,True,True
312411280,0.00000425,3529411.00,1692307388,1692307388,1782879506701598,False,True
312411281,0.00000425,470398.00,1692307389,1692307389,1782879511135159,False,True
312411282,0.00000425,19776470.00,1692307390,1692307390,1782879533330631,False,True
312411283,0.00000425,609210.00,1692307391,1692307391,1782879540317843,False,True
312411284,0.00000424,30000000.00,1692307392,1692307392,1782879577040684,True,True
312411285,0.00000424,347102.00,1692307393,1692307393,1782879619450186,True,True
312411286,0.00000425,8206275.00,1692307394,1692307394,1782879632791399,False,True
312411287,0.00000424,500675.00,1692307395,1692307395,1782879664425805,True,True
312411288,0.00000425,585882.00,1692307396,1692307396,1782879665688934,False,True
312411289,0.00000424,1257738.00,1692307397,1692307397,1782879724907980,True,True
312411290,0.00000425,222605000.00,1692307398,1692307399,1782879753550424,False,True
312411291,0.00000425,45654371.00,1692307400,1692307402,1782879753550510,False,True
312411292,0.00000425,234116000.00,1692307403,1692307403,1782879753551515,False,True
312411293,0.00000425,674908727.00,1692307404,1692307439,1782879753557493,False,True
