173590235,200.10000000,1.01500000,285120714,285120717,1782864000972111,False,True
173590236,200.20000000,0.04400000,285120718,285120719,1782864006208555,False,True
173590237,200.20000000,0.03800000,285120720,285120720,1782864025935039,False,True
173590238,200.20000000,0.03800000,285120721,285120722,1782864025935163,False,True
173590239,200.20000000,0.03800000,285120723,285120724,1782864025935304,False,True
173590240,200.20000000,0.03800000,285120725,285120727,1782864025935563,False,True
173590241,200.20000000,0.03800000,285120728,285120729,1782864025935567,False,True
173590242,200.20000000,1.48600000,285120730,285120735,1782864031391319,False,True
173590243,200.20000000,0.95800000,285120736,285120736,1782864034508165,True,True
173590244,200.30000000,0.05000000,285120737,285120737,1782864047912972,False,True
173590245,200.30000000,0.66700000,285120738,285120738,1782864050483430,False,True
173590246,200.30000000,0.49100000,285120739,285120745,1782864050487237,False,True
173590247,200.30000000,0.16000000,285120746,285120746,1782864050488598,False,True
173590248,200.30000000,0.17700000,285120747,285120747,1782864050488604,False,True
173590249,200.30000000,0.18400000,285120748,285120748,1782864050492611,False,True
173590250,200.30000000,0.03000000,285120749,285120749,1782864050495721,False,True
173590251,200.30000000,0.12500000,285120750,285120750,1782864050498512,False,True
173590252,200.30000000,0.83600000,285120751,285120752,1782864050505482,False,True
173590253,200.30000000,0.19200000,285120753,285120753,1782864051035562,True,True
173590254,200.30000000,0.67100000,285120754,285120757,1782864052046837,True,True
173590255,200.20000000,1.04100000,285120758,285120764,1782864052075030,True,True
173590256,200.20000000,0.08100000,285120765,285120767,1782864053268253,True,True
173590257,200.20000000,0.12700000,285120768,285120768,1782864054657075,False,True
173590258,200.10000000,0.36800000,285120769,285120777,1782864063988069,True,True
173590259,200.10000000,0.25800000,285120778,285120778,1782864065289696,False,True
173590260,200.10000000,0.12400000,285120779,285120779,1782864068354990,False,True
173590261,200.00000000,1.00000000,285120780,285120787,1782864077229585,True,True
173590262,200.00000000,0.05900000,285120788,285120790,1782864077427259,True,True
173590263,200.00000000,0.95600000,285120791,285120793,1782864085029998,False,True
173590264,200.00000000,0.31500000,285120794,285120797,1782864085030465,False,True
173590265,200.00000000,0.02700000,285120798,285120799,1782864085032726,False,True
173590266,200.00000000,0.02700000,285120800,285120801,1782864085033900,False,True
173590267,200.00000000,0.02600000,285120802,285120802,1782864085036355,False,True
173590268,200.00000000,0.10000000,285120803,285120803,1782864100343878,False,True
173590269,200.00000000,0.05400000,285120804,285120805,1782864101250972,False,True
173590270,200.00000000,0.02700000,285120806,285120806,1782864101253679,False,True
173590271,200.00000000,0.02700000,285120807,285120807,1782864101256881,False,True
173590272,200.00000000,0.02700000,285120808,285120808,1782864101260761,False,True
173590273,200.00000000,0.02700000,285120809,285120809,1782864101263854,False,True
173590274,200.00000000,0.02700000,285120810,285120810,1782864101267995,False,True
173590275,200.00000000,0.02700000,285120811,285120811,1782864101270596,False,True
173590276,200.00000000,0.02700000,285120812,285120812,1782864101274278,False,True
173590277,200.00000000,0.05400000,285120813,285120814,1782864118009878,False,True
173590278,200.00000000,0.02700000,285120815,285120815,1782864118013650,False,True
173590279,200.00000000,0.02700000,285120816,285120816,1782864118016633,False,True
173590280,200.00000000,0.02700000,285120817,285120817,1782864118028403,False,True
173590281,200.00000000,0.02700000,285120818,285120818,1782864118031189,False,True
173590282,200.00000000,0.02700000,285120819,285120819,1782864118036002,False,True
173590283,200.00000000,0.02700000,285120820,285120820,1782864118039101,False,True
173590284,200.00000000,0.02700000,285120821,285120821,1782864118055962,False,True
173590285,200.00000000,0.02700000,285120822,285120822,1782864118058694,False,True
173590286,200.00000000,0.02700000,285120823,285120823,1782864118062703,False,True
173590287,200.00000000,0.02700000,285120824,285120824,1782864118065886,False,True
173590288,200.00000000,0.08100000,285120825,285120827,1782864118107516,False,True
173590289,200.10000000,0.67700000,285120828,285120832,1782864124816640,False,True
173590290,200.10000000,0.49300000,285120833,285120833,1782864124819551,False,True
173590291,200.10000000,0.02700000,285120834,285120834,1782864125388521,False,True
173590292,200.00000000,0.15700000,285120835,285120839,1782864138410055,True,True
173590293,199.90000000,0.38300000,285120840,285120846,1782864146784091,True,True
173590294,199.90000000,0.22400000,285120847,285120847,1782864150658909,False,True
173590295,199.90000000,1.62800000,285120848,285120849,1782864151081193,False,True
173590296,199.90000000,0.07500000,285120850,285120850,1782864151101735,False,True
173590297,199.90000000,0.03800000,285120851,285120852,1782864158715644,False,True
173590298,199.90000000,0.03800000,285120853,285120854,1782864158715770,False,True
173590299,199.90000000,0.03800000,285120855,285120855,1782864158715771,False,True
173590300,199.90000000,0.03800000,285120856,285120856,1782864158715792,False,True
173590301,199.90000000,0.03800000,285120857,285120857,1782864158715895,False,True
173590302,199.90000000,0.03800000,285120858,285120858,1782864158716119,False,True
173590303,199.90000000,1.00200000,285120859,285120861,1782864158718844,False,True
173590304,199.90000000,0.02700000,285120862,285120862,1782864158719040,False,True
173590305,199.90000000,0.05700000,285120863,285120865,1782864172146861,True,True
173590306,199.90000000,0.06000000,285120866,285120866,1782864197944590,False,True
173590307,199.80000000,0.41800000,285120867,285120874,1782864198934354,True,True
173590308,199.80000000,1.48300000,285120875,285120875,1782864198934393,True,True
173590309,199.80000000,0.12200000,285120876,285120877,1782864198934715,True,True
173590310,199.80000000,0.08800000,285120878,285120878,1782864198935919,True,True
173590311,199.80000000,0.01100000,285120879,285120879,1782864198936217,True,True
173590312,199.80000000,0.41800000,285120880,285120882,1782864214065688,False,True
173590313,199.80000000,0.62400000,285120883,285120885,1782864214080609,False,True
173590314,199.90000000,1.15100000,285120886,285120889,1782864214794433,False,True
173590315,199.90000000,1.04200000,285120890,285120894,1782864251472760,False,True
173590316,199.90000000,0.41800000,285120895,285120897,1782864273048226,True,True
173590317,199.90000000,0.54300000,285120898,285120898,1782864273048480,True,True
173590318,199.90000000,0.86400000,285120899,285120901,1782864273048485,True,True
173590319,199.90000000,0.41800000,285120902,285120904,1782864281172137,False,True
173590320,199.90000000,0.04700000,285120905,285120905,1782864281575685,False,True
173590321,199.90000000,0.60400000,285120906,285120909,1782864282754289,False,True
173590322,199.90000000,1.38800000,285120910,285120910,1782864292384917,True,True
173590323,200.00000000,0.28800000,285120911,285120915,1782864302161014,False,True
173590324,200.00000000,0.41800000,285120916,285120916,1782864302162446,False,True
173590325,200.00000000,0.08000000,285120917,285120919,1782864302163656,False,True
173590326,200.00000000,0.02900000,285120920,285120922,1782864302208393,False,True
173590327,200.00000000,0.05500000,285120923,285120925,1782864302234611,False,True
173590328,200.00000000,0.03300000,285120926,285120927,1782864302684247,False,True
173590329,200.00000000,0.04700000,285120928,285120930,1782864302686859,False,True
173590330,200.00000000,0.20900000,285120931,285120933,1782864308767722,False,True
173590331,200.00000000,0.20700000,285120934,285120934,1782864309064997,False,True
173590332,200.00000000,0.29000000,285120935,285120935,1782864309528144,False,True
173590333,200.00000000,0.06100000,285120936,285120936,1782864309528642,False,True
173590334,200.00000000,0.05600000,285120937,285120939,1782864309594445,False,True
173590335,200.00000000,0.16900000,285120940,285120942,1782864325073483,False,True
173590336,199.90000000,0.56100000,285120943,285120944,1782864347115237,True,True
173590337,199.90000000,6.99100000,285120945,285120950,1782864364944590,True,True
173590338,199.90000000,3.79400000,285120951,285120952,1782864364945947,True,True
173590339,199.90000000,0.05600000,285120953,285120955,1782864364947876,True,True
173590340,199.90000000,0.41800000,285120956,285120956,1782864364948260,True,True
173590341,199.90000000,0.37100000,285120957,285120958,1782864364948398,True,True
173590342,199.90000000,7.46600000,285120959,285120967,1782864372512977,False,True
173590343,200.00000000,1.28100000,285120968,285120974,1782864375552757,False,True
173590344,200.10000000,1.90300000,285120975,285120982,1782864381216145,False,True
173590345,200.10000000,1.07500000,285120983,285120983,1782864383561443,True,True
173590346,200.10000000,13.07200000,285120984,285120994,1782864383561481,True,True
173590347,200.00000000,1.00000000,285120995,285120995,1782864383564415,True,True
173590348,200.10000000,1.01500000,285120996,285120999,1782864396395450,False,True
173590349,200.10000000,3.12500000,285121000,285121001,1782864406675054,True,True
173590350,200.00000000,0.85200000,285121002,285121006,1782864410610748,True,True
173590351,200.00000000,1.28700000,285121007,285121007,1782864410610813,True,True
173590352,200.00000000,1.21200000,285121008,285121008,1782864410610878,True,True
173590353,200.00000000,0.37000000,285121009,285121009,1782864410610994,True,True
173590354,200.00000000,0.16400000,285121010,285121010,1782864410611466,True,True
173590355,200.00000000,0.08100000,285121011,285121011,1782864410611788,True,True
173590356,200.00000000,0.41800000,285121012,285121012,1782864410612182,True,True
173590357,200.00000000,0.09400000,285121013,285121013,1782864410612403,True,True
173590358,200.00000000,0.05500000,285121014,285121014,1782864410614293,True,True
173590359,200.00000000,0.16200000,285121015,285121015,1782864410615456,True,True
173590360,200.00000000,0.41800000,285121016,285121016,1782864410615697,True,True
173590361,200.00000000,0.05900000,285121017,285121017,1782864410616913,True,True
173590362,200.00000000,1.46400000,285121018,285121021,1782864410622188,True,True
173590363,200.00000000,0.07000000,285121022,285121024,1782864410623499,True,True
173590364,199.90000000,0.03300000,285121025,285121025,1782864428734386,True,True
173590365,200.00000000,0.15800000,285121026,285121027,1782864445656835,False,True
173590366,199.90000000,1.00000000,285121028,285121034,1782864445897675,True,True
173590367,200.00000000,0.15800000,285121035,285121035,1782864447430250,False,True
173590368,199.90000000,0.58300000,285121036,285121039,1782864451637607,True,True
173590369,199.80000000,0.35300000,285121040,285121040,1782864482884008,True,True
173590370,199.80000000,0.03500000,285121041,285121041,1782864492718031,True,True
173590371,199.90000000,5.59600000,285121042,285121050,1782864517930506,False,True
173590372,199.90000000,4.24300000,285121051,285121052,1782864521997035,False,True
173590373,199.90000000,4.25300000,285121053,285121053,1782864522003246,False,True
173590374,199.90000000,4.23300000,285121054,285121054,1782864522009470,False,True
173590375,199.90000000,4.21800000,285121055,285121055,1782864522010116,False,True
173590376,199.90000000,4.21900000,285121056,285121059,1782864523672984,False,True
173590377,199.90000000,1.01500000,285121060,285121063,1782864528472951,False,True
173590378,200.00000000,1.00000000,285121064,285121066,1782864549810181,False,True
173590379,200.00000000,0.23700000,285121067,285121070,1782864549816845,False,True
173590380,200.00000000,0.08100000,285121071,285121073,1782864553912765,False,True
173590381,200.10000000,1.00000000,285121074,285121079,1782864554589187,False,True
173590382,200.10000000,0.41100000,285121080,285121080,1782864558420153,False,True
173590383,200.00000000,2.50100000,285121081,285121082,1782864562585027,True,True
173590384,200.00000000,0.41800000,285121083,285121083,1782864569387061,True,True
173590385,200.00000000,0.41800000,285121084,285121084,1782864569388510,True,True
173590386,200.00000000,0.41800000,285121085,285121085,1782864569389666,True,True
173590387,200.00000000,0.56800000,285121086,285121086,1782864569669213,True,True
173590388,200.00000000,0.15100000,285121087,285121087,1782864569670005,True,True
173590389,200.00000000,0.19900000,285121088,285121091,1782864569670308,True,True
173590390,200.00000000,0.12700000,285121092,285121093,1782864569670875,True,True
173590391,199.90000000,9.66700000,285121094,285121101,1782864586155510,True,True
173590392,199.90000000,0.02700000,285121102,285121102,1782864586156540,True,True
173590393,199.80000000,1.39800000,285121103,285121106,1782864591504239,True,True
173590394,199.80000000,8.50000000,285121107,285121109,1782864591504995,True,True
173590395,199.80000000,0.94500000,285121110,285121113,1782864591506262,True,True
173590396,199.80000000,1.21400000,285121114,285121115,1782864591506487,True,True
173590397,199.80000000,1.00000000,285121116,285121117,1782864638580879,False,True
173590398,199.80000000,1.02300000,285121118,285121119,1782864638581637,False,True
173590399,199.80000000,0.41800000,285121120,285121122,1782864638581876,False,True
173590400,199.80000000,1.08600000,285121123,285121123,1782864638581964,False,True
173590401,199.80000000,0.36700000,285121124,285121124,1782864638582050,False,True
173590402,199.80000000,2.61200000,285121125,285121128,1782864638582341,False,True
173590403,199.80000000,0.07900000,285121129,285121132,1782864638583089,False,True
173590404,199.80000000,0.00700000,285121133,285121133,1782864638583130,False,True
173590405,199.90000000,1.00000000,285121134,285121134,1782864638583207,False,True
173590406,199.90000000,2.11300000,285121135,285121141,1782864669760346,False,True
173590407,199.80000000,0.71200000,285121142,285121143,1782864710905629,True,True
173590408,199.80000000,0.53800000,285121144,285121145,1782864710905855,True,True
173590409,199.80000000,1.25300000,285121146,285121146,1782864710905911,True,True
173590410,199.80000000,0.08700000,285121147,285121147,1782864710906298,True,True
173590411,199.80000000,0.13000000,285121148,285121148,1782864710906452,True,True
173590412,199.80000000,6.84200000,285121149,285121155,1782864710907218,True,True
173590413,199.80000000,0.41800000,285121156,285121158,1782864727405036,False,True
173590414,199.80000000,1.05000000,285121159,285121160,1782864727436015,False,True
173590415,199.80000000,0.41800000,285121161,285121161,1782864727437165,False,True
173590416,199.80000000,0.14200000,285121162,285121162,1782864727437901,False,True
173590417,199.80000000,0.46100000,285121163,285121163,1782864727438577,False,True
173590418,199.80000000,0.13000000,285121164,285121164,1782864733746120,True,True
173590419,199.80000000,0.41800000,285121165,285121165,1782864749415838,True,True
173590420,199.80000000,2.98800000,285121166,285121168,1782864749417174,True,True
173590421,199.70000000,0.34000000,285121169,285121174,1782864758565960,True,True
173590422,199.70000000,0.04300000,285121175,285121175,1782864758566856,True,True
173590423,199.70000000,0.18700000,285121176,285121178,1782864758573195,True,True
173590424,199.70000000,1.07100000,285121179,285121181,1782864758576861,True,True
173590425,199.70000000,6.00900000,285121182,285121182,1782864767362995,True,True
173590426,199.70000000,0.18200000,285121183,285121183,1782864778548226,True,True
173590427,199.70000000,2.18700000,285121184,285121188,1782864778557271,True,True
173590428,199.70000000,0.02700000,285121189,285121189,1782864778560378,True,True
173590429,199.70000000,0.41800000,285121190,285121192,1782864812228376,False,True
173590430,199.70000000,1.09200000,285121193,285121194,1782864812231773,False,True
173590431,199.70000000,0.13700000,285121195,285121196,1782864812231790,False,True
173590432,199.70000000,0.12100000,285121197,285121198,1782864812238039,False,True
173590433,199.70000000,3.31200000,285121199,285121203,1782864854046139,True,True
173590434,199.70000000,0.41800000,285121204,285121205,1782864893564965,True,True
173590435,199.70000000,0.85000000,285121206,285121206,1782864893565341,True,True
173590436,199.70000000,0.11900000,285121207,285121207,1782864893565396,True,True
173590437,199.70000000,0.15400000,285121208,285121208,1782864893584575,True,True
173590438,199.70000000,0.78400000,285121209,285121209,1782864893584869,True,True
173590439,199.70000000,0.20500000,285121210,285121212,1782864893584873,True,True
173590440,199.70000000,0.13800000,285121213,285121213,1782864893585016,True,True
173590441,199.70000000,0.26900000,285121214,285121214,1782864897488465,False,True
173590442,199.70000000,0.60500000,285121215,285121215,1782864903466528,False,True
173590443,199.70000000,1.01500000,285121216,285121219,1782864910774085,False,True
173590444,199.80000000,1.01500000,285121220,285121223,1782864914962317,False,True
173590445,199.80000000,0.02700000,285121224,285121224,1782864914962701,False,True
173590446,199.90000000,26.19900000,285121225,285121237,1782864917761017,False,True
173590447,199.90000000,0.48000000,285121238,285121238,1782864923179202,True,True
173590448,199.90000000,2.54700000,285121239,285121242,1782864923457065,True,True
173590449,199.80000000,0.10400000,285121243,285121243,1782864942082445,True,True
173590450,199.80000000,0.26000000,285121244,285121244,1782864942083469,True,True
173590451,199.80000000,0.05500000,285121245,285121247,1782864944587102,True,True
173590452,199.80000000,0.21000000,285121248,285121248,1782864944592771,True,True
173590453,199.80000000,0.21000000,285121249,285121249,1782864944602516,True,True
173590454,199.80000000,0.25200000,285121250,285121250,1782864944660020,True,True
173590455,199.80000000,6.19200000,285121251,285121253,1782864944727842,True,True
173590456,199.80000000,1.23800000,285121254,285121254,1782864944729680,True,True
173590457,199.70000000,0.86200000,285121255,285121255,1782864947857956,True,True
173590458,199.70000000,4.26300000,285121256,285121259,1782864948311710,True,True
173590459,199.70000000,5.95000000,285121260,285121263,1782864948340767,True,True
173590460,199.60000000,12.18100000,285121264,285121270,1782864959895847,True,True
173590461,199.60000000,0.02700000,285121271,285121271,1782864959895924,True,True
173590462,199.50000000,0.97300000,285121272,285121272,1782864959895924,True,True
173590463,199.60000000,0.41800000,285121273,285121274,1782864963401902,False,True
173590464,199.60000000,0.54300000,285121275,285121275,1782864963401944,False,True
173590465,199.70000000,0.33700000,285121276,285121276,1782864968592827,False,True
173590466,199.60000000,7.16400000,285121277,285121282,1782865074129927,True,True
173590467,199.60000000,4.47000000,285121283,285121284,1782865128604223,False,True
173590468,199.60000000,4.46600000,285121285,285121290,1782865128705851,False,True
173590469,199.60000000,4.47000000,285121291,285121296,1782865128754032,False,True
173590470,199.60000000,4.66600000,285121297,285121297,1782865130064577,False,True
173590471,199.50000000,0.19900000,285121298,285121302,1782865156475986,True,True
173590472,199.50000000,0.46000000,285121303,285121303,1782865156476318,True,True
173590473,199.50000000,0.23900000,285121304,285121304,1782865156476776,True,True
173590474,199.50000000,0.48700000,285121305,285121305,1782865156476952,True,True
173590475,199.50000000,6.19400000,285121306,285121308,1782865156483112,True,True
173590476,199.50000000,0.41800000,285121309,285121309,1782865156487595,True,True
173590477,199.50000000,0.05000000,285121310,285121310,1782865156488696,True,True
173590478,199.50000000,0.05000000,285121311,285121311,1782865156488805,True,True
173590479,199.50000000,0.64300000,285121312,285121313,1782865156580682,True,True
173590480,199.50000000,0.03400000,285121314,285121315,1782865168179954,False,True
173590481,199.50000000,2.62500000,285121316,285121318,1782865213894978,False,True
173590482,199.50000000,6.30600000,285121319,285121320,1782865213896334,False,True
173590483,199.50000000,0.60600000,285121321,285121323,1782865213900180,False,True
173590484,199.60000000,1.08900000,285121324,285121328,1782865230270254,False,True
173590485,199.70000000,1.17800000,285121329,285121335,1782865261795248,False,True
173590486,199.70000000,1.78400000,285121336,285121339,1782865274960501,True,True
173590487,199.60000000,10.67700000,285121340,285121344,1782865292195633,True,True
173590488,199.50000000,1.00000000,285121345,285121345,1782865292198800,True,True
173590489,199.50000000,0.26500000,285121346,285121346,1782865292462840,True,True
173590490,199.50000000,0.18000000,285121347,285121350,1782865307993443,True,True
173590491,199.50000000,0.04000000,285121351,285121351,1782865312601231,True,True
173590492,199.50000000,0.38300000,285121352,285121353,1782865312602505,True,True
173590493,199.50000000,0.17200000,285121354,285121354,1782865312604743,True,True
173590494,199.50000000,1.47800000,285121355,285121355,1782865312605716,True,True
173590495,199.50000000,0.10700000,285121356,285121357,1782865312607233,True,True
173590496,199.50000000,0.29000000,285121358,285121358,1782865312610155,True,True
173590497,199.50000000,0.54500000,285121359,285121359,1782865312610283,True,True
173590498,199.50000000,0.70200000,285121360,285121361,1782865312615734,True,True
173590499,199.40000000,3.30200000,285121362,285121369,1782865312687172,True,True
173590500,199.50000000,0.96100000,285121370,285121371,1782865314229617,False,True
173590501,199.50000000,0.02700000,285121372,285121372,1782865315480743,True,True
173590502,199.40000000,0.37500000,285121373,285121375,1782865316678650,True,True
173590503,199.30000000,0.03500000,285121376,285121376,1782865330521526,True,True
173590504,199.40000000,1.16400000,285121377,285121379,1782865356334728,False,True
173590505,199.50000000,0.22000000,285121380,285121384,1782865368854058,False,True
173590506,199.50000000,0.31600000,285121385,285121385,1782865368854288,False,True
173590507,199.60000000,1.18500000,285121386,285121391,1782865421540627,False,True
173590508,199.60000000,0.41800000,285121392,285121394,1782865460024292,True,True
173590509,199.60000000,1.38300000,285121395,285121396,1782865460025696,True,True
173590510,199.60000000,0.09800000,285121397,285121397,1782865460026444,True,True
173590511,199.60000000,0.21600000,285121398,285121398,1782865460037837,True,True
173590512,199.60000000,0.06300000,285121399,285121399,1782865460068905,True,True
173590513,199.60000000,0.13900000,285121400,285121400,1782865460082838,True,True
173590514,199.60000000,1.76500000,285121401,285121404,1782865460087542,True,True
173590515,199.50000000,0.11900000,285121405,285121406,1782865480559667,True,True
173590516,199.50000000,1.66800000,285121407,285121408,1782865537535750,True,True
173590517,199.50000000,2.52300000,285121409,285121411,1782865537535865,True,True
173590518,199.40000000,4.82000000,285121412,285121416,1782865539690212,True,True
173590519,199.30000000,0.89100000,285121417,285121421,1782865539917038,True,True
173590520,199.30000000,0.03300000,285121422,285121422,1782865539919498,True,True
173590521,199.30000000,0.22600000,285121423,285121423,1782865539919776,True,True
173590522,199.30000000,0.24500000,285121424,285121424,1782865539920295,True,True
173590523,199.30000000,5.94500000,285121425,285121435,1782865539922301,True,True
173590524,199.20000000,2.43500000,285121436,285121437,1782865539922301,True,True
173590525,199.20000000,7.13000000,285121438,285121440,1782865539923484,True,True
173590526,199.20000000,0.34300000,285121441,285121441,1782865539933206,True,True
173590527,199.20000000,9.39000000,285121442,285121451,1782865539941362,True,True
173590528,199.20000000,0.07000000,285121452,285121453,1782865539949859,True,True
173590529,199.20000000,0.93000000,285121454,285121454,1782865539953840,True,True
173590530,199.20000000,1.00000000,285121455,285121455,1782865539988118,True,True
173590531,199.20000000,3.26600000,285121456,285121457,1782865539997687,True,True
173590532,199.20000000,2.94600000,285121458,285121460,1782865540585352,False,True
173590533,199.20000000,0.99300000,285121461,285121463,1782865540592937,False,True
173590534,199.30000000,0.50100000,285121464,285121464,1782865545529042,False,True
173590535,199.20000000,0.09200000,285121465,285121466,1782865554606602,True,True
173590536,199.20000000,0.99300000,285121467,285121469,1782865562003664,False,True
173590537,199.20000000,1.05300000,285121470,285121470,1782865562174561,True,True
173590538,199.20000000,0.13500000,285121471,285121471,1782865562175173,True,True
173590539,199.20000000,0.30200000,285121472,285121472,1782865562176266,True,True
173590540,199.20000000,0.41800000,285121473,285121473,1782865562181832,True,True
173590541,199.20000000,0.28000000,285121474,285121474,1782865562184335,True,True
173590542,199.20000000,0.42100000,285121475,285121475,1782865562192515,True,True
173590543,199.20000000,0.82000000,285121476,285121477,1782865562193087,True,True
173590544,199.10000000,0.08400000,285121478,285121481,1782865562253706,True,True
173590545,199.10000000,0.19800000,285121482,285121483,1782865566503193,True,True
173590546,199.10000000,1.90600000,285121484,285121486,1782865569983147,False,True
173590547,199.10000000,2.13300000,285121487,285121489,1782865570396821,True,True
173590548,199.10000000,0.82400000,285121490,285121491,1782865570396978,True,True
173590549,199.10000000,1.19100000,285121492,285121492,1782865570400901,True,True
173590550,199.10000000,0.52700000,285121493,285121493,1782865574115688,True,True
173590551,199.10000000,0.02700000,285121494,285121494,1782865581753261,True,True
173590552,199.00000000,0.50100000,285121495,285121495,1782865588135165,True,True
173590553,199.00000000,0.31500000,285121496,285121500,1782865597578338,True,True
173590554,199.00000000,0.96100000,285121501,285121502,1782865607301684,False,True
173590555,199.00000000,3.14800000,285121503,285121507,1782865618299496,True,True
173590556,199.00000000,0.96100000,285121508,285121509,1782865622322275,False,True
173590557,199.10000000,6.07100000,285121510,285121518,1782865626545123,False,True
173590558,199.20000000,2.05000000,285121519,285121525,1782865660063488,False,True
173590559,199.20000000,0.02700000,285121526,285121526,1782865660065288,False,True
173590560,199.20000000,0.16100000,285121527,285121528,1782865674567429,True,True
173590561,199.20000000,0.92600000,285121529,285121530,1782865708647741,True,True
173590562,199.30000000,2.12000000,285121531,285121541,1782865732698941,False,True
173590563,199.40000000,5.59000000,285121542,285121543,1782865739061104,False,True
173590564,199.40000000,4.46400000,285121544,285121546,1782865739929768,False,True
173590565,199.40000000,4.23900000,285121547,285121549,1782865740009162,False,True
173590566,199.40000000,4.22300000,285121550,285121560,1782865740712196,False,True
173590567,199.30000000,3.09300000,285121561,285121565,1782865770537902,True,True
173590568,199.30000000,0.06900000,285121566,285121566,1782865789703098,True,True
173590569,199.30000000,5.50900000,285121567,285121574,1782865814032280,True,True
173590570,199.30000000,4.75000000,285121575,285121580,1782865820726593,False,True
173590571,199.40000000,1.00000000,285121581,285121583,1782865820727008,False,True
173590572,199.40000000,1.35300000,285121584,285121585,1782865820729382,False,True
173590573,199.30000000,1.81900000,285121586,285121586,1782865820760132,True,True
173590574,199.40000000,7.09300000,285121587,285121596,1782865833069624,False,True
173590575,199.40000000,0.02700000,285121597,285121597,1782865833071622,False,True
173590576,199.40000000,0.05400000,285121598,285121599,1782865833072905,False,True
173590577,199.50000000,3.48800000,285121600,285121610,1782865838299229,False,True
173590578,199.60000000,0.96600000,285121611,285121611,1782865850215293,False,True
173590579,199.60000000,1.39000000,285121612,285121621,1782865851122179,False,True
173590580,199.60000000,0.02500000,285121622,285121622,1782865851123329,False,True
173590581,199.60000000,0.06200000,285121623,285121623,1782865853527928,True,True
173590582,199.70000000,0.41800000,285121624,285121629,1782865860536488,False,True
173590583,199.70000000,1.47200000,285121630,285121633,1782865860536616,False,True
173590584,199.80000000,0.19400000,285121634,285121640,1782865862019429,False,True
173590585,199.80000000,0.05600000,285121641,285121641,1782865863662657,True,True
173590586,199.80000000,1.31300000,285121642,285121647,1782865864935861,False,True
173590587,199.90000000,0.41800000,285121648,285121653,1782865870513349,False,True
173590588,199.90000000,1.01500000,285121654,285121657,1782865870562698,False,True
173590589,200.00000000,0.25800000,285121658,285121665,1782865871072855,False,True
173590590,200.10000000,2.95000000,285121666,285121676,1782865872552112,False,True
173590591,200.10000000,0.02300000,285121677,285121677,1782865872553527,False,True
173590592,200.10000000,0.02700000,285121678,285121678,1782865873103499,True,True
173590593,200.00000000,0.05600000,285121679,285121681,1782865874756161,True,True
173590594,200.00000000,0.02500000,285121682,285121682,1782865874757550,True,True
173590595,199.90000000,0.37800000,285121683,285121689,1782865883062918,True,True
173590596,199.90000000,0.01100000,285121690,285121690,1782865883063243,True,True
173590597,199.80000000,0.19200000,285121691,285121695,1782865916844713,True,True
173590598,199.80000000,0.08100000,285121696,285121698,1782865916847686,True,True
173590599,199.70000000,0.12400000,285121699,285121699,1782865930789167,True,True
173590600,199.70000000,0.50000000,285121700,285121700,1782865933900943,True,True
173590601,199.70000000,0.40700000,285121701,285121708,1782865941742328,True,True
173590602,199.70000000,0.41800000,285121709,285121711,1782865941742512,True,True
173590603,199.70000000,0.13500000,285121712,285121712,1782865941744550,True,True
173590604,199.70000000,0.98800000,285121713,285121715,1782865944880671,False,True
173590605,199.70000000,0.81900000,285121716,285121716,1782865950235228,True,True
173590606,199.80000000,0.90900000,285121717,285121720,1782865952184381,False,True
173590607,199.80000000,0.10900000,285121721,285121722,1782865952184386,False,True
173590608,199.80000000,0.02400000,285121723,285121723,1782865952184589,False,True
173590609,199.80000000,0.05600000,285121724,285121726,1782865962360424,True,True
173590610,199.80000000,0.98800000,285121727,285121729,1782865980656134,False,True
173590611,199.80000000,0.05600000,285121730,285121732,1782865980659155,False,True
173590612,199.80000000,0.02500000,285121733,285121733,1782865980659427,False,True
173590613,199.80000000,0.02700000,285121734,285121734,1782865991895593,True,True
173590614,199.80000000,0.83200000,285121735,285121736,1782866010923108,False,True
173590615,199.80000000,0.41800000,285121737,285121738,1782866010923226,False,True
173590616,199.80000000,1.76200000,285121739,285121739,1782866010923231,False,True
173590617,199.90000000,1.05000000,285121740,285121745,1782866023930515,False,True
173590618,199.90000000,0.05600000,285121746,285121748,1782866026385079,True,True
173590619,199.90000000,0.02500000,285121749,285121749,1782866026386098,True,True
173590620,199.90000000,0.96100000,285121750,285121751,1782866045849292,False,True
173590621,199.90000000,1.00100000,285121752,285121754,1782866087734065,False,True
173590622,199.90000000,0.37800000,285121755,285121755,1782866087734070,False,True
173590623,200.00000000,0.91900000,285121756,285121763,1782866091720312,False,True
173590624,200.10000000,0.23400000,285121764,285121764,1782866091721743,False,True
173590625,200.10000000,0.76600000,285121765,285121770,1782866091722044,False,True
173590626,200.10000000,4.46300000,285121771,285121773,1782866091722125,False,True
173590627,200.20000000,1.00000000,285121774,285121776,1782866091724698,False,True
173590628,200.10000000,0.75500000,285121777,285121778,1782866111249606,True,True
173590629,200.00000000,0.04100000,285121779,285121780,1782866133063275,True,True
173590630,200.00000000,0.31300000,285121781,285121782,1782866133209474,True,True
173590631,200.00000000,0.07100000,285121783,285121786,1782866133210826,True,True
173590632,200.00000000,0.20000000,285121787,285121788,1782866133211101,True,True
173590633,199.90000000,0.94300000,285121789,285121789,1782866137998894,True,True
173590634,199.90000000,0.17600000,285121790,285121790,1782866138003079,True,True
173590635,199.90000000,0.18500000,285121791,285121796,1782866155986030,True,True
173590636,199.90000000,0.41800000,285121797,285121797,1782866160699616,False,True
173590637,199.90000000,0.54300000,285121798,285121799,1782866160701099,False,True
173590638,200.00000000,0.02600000,285121800,285121800,1782866217964541,False,True
173590639,200.00000000,1.59700000,285121801,285121807,1782866220647637,False,True
173590640,200.10000000,0.78300000,285121808,285121811,1782866236314739,False,True
173590641,200.10000000,0.41800000,285121812,285121813,1782866236314847,False,True
173590642,200.10000000,0.28000000,285121814,285121814,1782866236315089,False,True
173590643,200.10000000,0.20700000,285121815,285121815,1782866247048635,True,True
173590644,200.10000000,1.46300000,285121816,285121819,1782866247048854,True,True
173590645,200.00000000,1.00000000,285121820,285121820,1782866247048956,True,True
173590646,200.10000000,0.11900000,285121821,285121822,1782866262558366,False,True
173590647,200.20000000,0.04400000,285121823,285121823,1782866262796581,False,True
173590648,200.10000000,0.95700000,285121824,285121824,1782866268716294,True,True
173590649,200.10000000,0.43300000,285121825,285121825,1782866269187520,True,True
173590650,200.20000000,3.92100000,285121826,285121834,1782866295501299,False,True
173590651,200.30000000,0.08200000,285121835,285121837,1782866307131267,False,True
173590652,200.30000000,0.23400000,285121838,285121839,1782866314786564,True,True
173590653,200.30000000,2.19900000,285121840,285121842,1782866323010622,False,True
173590654,200.20000000,0.15600000,285121843,285121847,1782866326982103,True,True
173590655,200.20000000,4.45200000,285121848,285121855,1782866348521211,False,True
173590656,200.20000000,4.45700000,285121856,285121858,1782866348755947,False,True
173590657,200.30000000,4.44900000,285121859,285121861,1782866348812233,False,True
173590658,200.30000000,4.44900000,285121862,285121864,1782866348813261,False,True
173590659,200.30000000,4.45100000,285121865,285121865,1782866349968114,False,True
173590660,200.20000000,0.02700000,285121866,285121866,1782866358288487,True,True
173590661,200.10000000,0.41800000,285121867,285121869,1782866377067726,True,True
173590662,200.10000000,0.06900000,285121870,285121872,1782866377593730,True,True
173590663,200.10000000,0.46800000,285121873,285121874,1782866475406178,False,True
173590664,200.10000000,1.51800000,285121875,285121876,1782866491303707,False,True
173590665,200.10000000,0.14800000,285121877,285121877,1782866525548009,True,True
173590666,200.10000000,0.56100000,285121878,285121878,1782866533912378,True,True
173590667,200.20000000,0.10600000,285121879,285121881,1782866545878663,False,True
173590668,200.30000000,0.20100000,285121882,285121883,1782866546335485,False,True
173590669,200.20000000,0.02700000,285121884,285121884,1782866547964390,True,True
173590670,200.10000000,0.10100000,285121885,285121888,1782866580345316,True,True
173590671,200.10000000,0.13500000,285121889,285121891,1782866580346111,True,True
173590672,200.10000000,0.17500000,285121892,285121893,1782866580346619,True,True
173590673,200.00000000,0.11300000,285121894,285121896,1782866585033403,True,True
173590674,200.10000000,0.96100000,285121897,285121898,1782866612004583,False,True
173590675,200.20000000,0.98800000,285121899,285121901,1782866648814454,False,True
173590676,200.20000000,0.07000000,285121902,285121902,1782866655341695,True,True
173590677,200.20000000,0.08500000,285121903,285121903,1782866655342663,True,True
173590678,200.20000000,0.11700000,285121904,285121906,1782866655343050,True,True
173590679,200.20000000,0.02700000,285121907,285121907,1782866719199713,True,True
173590680,200.20000000,6.02600000,285121908,285121913,1782866723311698,False,True
173590681,200.30000000,1.00000000,285121914,285121917,1782866723313100,False,True
173590682,200.30000000,7.01100000,285121918,285121926,1782866723313145,False,True
173590683,200.30000000,2.39100000,285121927,285121928,1782866723315202,True,True
173590684,200.30000000,2.49600000,285121929,285121931,1782866723316717,True,True
173590685,200.30000000,3.71800000,285121932,285121936,1782866723347202,True,True
173590686,200.30000000,0.27100000,285121937,285121939,1782866723547279,True,True
173590687,200.40000000,0.10900000,285121940,285121943,1782866726709374,False,True
173590688,200.40000000,1.27400000,285121944,285121946,1782866728720729,True,True
173590689,200.40000000,0.69100000,285121947,285121947,1782866736961605,True,True
173590690,200.40000000,0.15800000,285121948,285121948,1782866740276144,True,True
173590691,200.50000000,0.07000000,285121949,285121951,1782866741829822,False,True
173590692,200.40000000,0.15800000,285121952,285121952,1782866742029010,True,True
173590693,200.50000000,1.07800000,285121953,285121958,1782866742273874,False,True
173590694,200.60000000,0.41800000,285121959,285121963,1782866768558726,False,True
173590695,200.60000000,0.41800000,285121964,285121964,1782866768560205,False,True
173590696,200.60000000,0.05500000,285121965,285121967,1782866768601949,False,True
173590697,200.60000000,0.05400000,285121968,285121969,1782866782647389,True,True
173590698,200.60000000,0.08100000,285121970,285121972,1782866782653142,True,True
173590699,200.50000000,23.06600000,285121973,285121979,1782866786707944,True,True
173590700,200.50000000,0.08100000,285121980,285121982,1782866786710668,True,True
173590701,200.40000000,0.46300000,285121983,285121984,1782866786710668,True,True
173590702,200.40000000,0.45600000,285121985,285121986,1782866786710998,True,True
173590703,200.50000000,0.41800000,285121987,285121989,1782866794215152,False,True
173590704,200.50000000,0.05400000,285121990,285121990,1782866794217253,False,True
173590705,200.50000000,0.83100000,285121991,285121994,1782866799231402,False,True
173590706,200.50000000,0.69800000,285121995,285121995,1782866799234782,True,True
173590707,200.50000000,0.62100000,285121996,285122000,1782866835454234,True,True
173590708,200.50000000,0.04300000,285122001,285122002,1782866848511082,False,True
173590709,200.50000000,0.02700000,285122003,285122003,1782866848512116,False,True
173590710,200.50000000,1.21800000,285122004,285122010,1782866850726566,True,True
173590711,200.40000000,38.04000000,285122011,285122022,1782866879275184,True,True
173590712,200.40000000,1.23100000,285122023,285122023,1782866879275620,True,True
173590713,200.40000000,1.94800000,285122024,285122027,1782866879278067,True,True
173590714,200.40000000,0.65300000,285122028,285122029,1782866879278135,True,True
173590715,200.40000000,0.05400000,285122030,285122030,1782866881450778,False,True
173590716,200.40000000,0.34800000,285122031,285122031,1782866883922674,False,True
173590717,200.30000000,0.41800000,285122032,285122039,1782866885557356,True,True
173590718,200.30000000,0.03800000,285122040,285122040,1782866885558883,True,True
173590719,200.30000000,0.09300000,285122041,285122041,1782866885558915,True,True
173590720,200.30000000,0.11800000,285122042,285122045,1782866885563791,True,True
173590721,200.20000000,0.27900000,285122046,285122054,1782866888209792,True,True
173590722,200.20000000,0.05300000,285122055,285122055,1782866903249376,False,True
173590723,200.20000000,0.05400000,285122056,285122056,1782866905544748,False,True
173590724,200.20000000,0.05400000,285122057,285122058,1782866908614108,False,True
173590725,200.20000000,0.20800000,285122059,285122060,1782866932119270,False,True
173590726,200.20000000,8.78400000,285122061,285122072,1782866932119384,False,True
173590727,200.30000000,0.16600000,285122073,285122073,1782866932119754,False,True
173590728,200.30000000,3.50500000,285122074,285122085,1782866958997416,False,True
173590729,200.40000000,2.03900000,285122086,285122087,1782866958997416,False,True
173590730,200.40000000,4.65600000,285122088,285122091,1782866959771507,False,True
173590731,200.30000000,0.08100000,285122092,285122094,1782866961067969,True,True
173590732,200.20000000,0.41800000,285122095,285122102,1782866974804135,True,True
173590733,200.20000000,0.15000000,285122103,285122107,1782866974828355,True,True
173590734,200.20000000,0.10000000,285122108,285122108,1782866984406981,False,True
173590735,200.10000000,0.60000000,285122109,285122113,1782867000270526,True,True
173590736,200.10000000,0.34800000,285122114,285122114,1782867002668624,True,True
173590737,200.10000000,8.18900000,285122115,285122126,1782867009283477,True,True
173590738,200.20000000,0.11400000,285122127,285122127,1782867012787153,False,True
173590739,200.10000000,0.08100000,285122128,285122130,1782867021278096,True,True
173590740,200.00000000,0.11300000,285122131,285122131,1782867023754086,True,True
173590741,200.10000000,1.49600000,285122132,285122135,1782867026528217,False,True
173590742,200.10000000,0.34800000,285122136,285122137,1782867026528300,False,True
173590743,200.20000000,0.17400000,285122138,285122138,1782867034167797,False,True
173590744,200.10000000,0.17400000,285122139,285122139,1782867039207991,True,True
173590745,200.20000000,0.05400000,285122140,285122141,1782867063415019,False,True
173590746,200.20000000,1.13500000,285122142,285122148,1782867079081358,False,True
173590747,200.30000000,0.41800000,285122149,285122153,1782867093508299,False,True
173590748,200.30000000,0.10900000,285122154,285122154,1782867093509676,False,True
173590749,200.30000000,0.30900000,285122155,285122155,1782867093510027,False,True
173590750,200.30000000,0.10900000,285122156,285122156,1782867093510924,False,True
173590751,200.30000000,0.17900000,285122157,285122160,1782867093511397,False,True
173590752,200.40000000,0.41800000,285122161,285122168,1782867111186608,False,True
173590753,200.40000000,0.88500000,285122169,285122169,1782867111188065,False,True
173590754,200.40000000,0.02700000,285122170,285122170,1782867111188126,False,True
173590755,200.50000000,0.49900000,285122171,285122175,1782867131697983,False,True
173590756,200.50000000,1.39200000,285122176,285122178,1782867162133748,False,True
173590757,200.50000000,1.72700000,285122179,285122179,1782867162135587,False,True
173590758,200.50000000,0.36600000,285122180,285122181,1782867162135869,False,True
173590759,200.60000000,0.04600000,285122182,285122182,1782867164813666,False,True
173590760,200.50000000,0.30400000,285122183,285122184,1782867167890385,True,True
173590761,200.50000000,0.04100000,285122185,285122186,1782867169083481,False,True
173590762,200.50000000,0.18400000,285122187,285122188,1782867169084799,False,True
173590763,200.50000000,0.01900000,285122189,285122189,1782867169084970,False,True
173590764,200.60000000,5.05400000,285122190,285122198,1782867178725017,False,True
173590765,200.60000000,0.05400000,285122199,285122199,1782867180210861,True,True
173590766,200.60000000,0.02700000,285122200,285122200,1782867181106221,True,True
173590767,200.60000000,0.07900000,285122201,285122202,1782867193216943,False,True
173590768,200.60000000,2.04700000,285122203,285122203,1782867193217215,False,True
173590769,200.60000000,0.15300000,285122204,285122204,1782867193217371,False,True
173590770,200.60000000,0.28200000,285122205,285122206,1782867193217754,False,True
173590771,200.60000000,0.30100000,285122207,285122207,1782867193217968,False,True
173590772,200.60000000,0.02700000,285122208,285122208,1782867193287291,False,True
173590773,200.50000000,0.10300000,285122209,285122211,1782867204832476,True,True
173590774,200.40000000,0.16500000,285122212,285122213,1782867210058000,True,True
173590775,200.50000000,1.00000000,285122214,285122215,1782867223217496,False,True
173590776,200.40000000,0.41800000,285122216,285122223,1782867247641322,True,True
173590777,200.40000000,0.06500000,285122224,285122224,1782867247642632,True,True
173590778,200.40000000,0.77200000,285122225,285122225,1782867247642826,True,True
173590779,200.40000000,0.41800000,285122226,285122226,1782867247644210,True,True
173590780,200.40000000,0.03500000,285122227,285122227,1782867247693725,True,True
173590781,200.40000000,0.72600000,285122228,285122230,1782867249187349,True,True
173590782,200.30000000,0.35500000,285122231,285122234,1782867256360108,True,True
173590783,200.30000000,0.71600000,285122235,285122236,1782867266458839,False,True
173590784,200.30000000,0.20000000,285122237,285122237,1782867266458872,False,True
173590785,200.30000000,0.03100000,285122238,285122238,1782867266458911,False,True
173590786,200.30000000,4.67800000,285122239,285122242,1782867266458955,False,True
173590787,200.40000000,1.00000000,285122243,285122243,1782867266459015,False,True
173590788,200.40000000,0.20400000,285122244,285122244,1782867266459160,False,True
173590789,200.40000000,0.20700000,285122245,285122246,1782867266459378,False,True
173590790,200.40000000,7.35400000,285122247,285122254,1782867266459477,False,True
173590791,200.40000000,0.58000000,285122255,285122256,1782867266459589,False,True
173590792,200.50000000,0.84700000,285122257,285122257,1782867266459595,False,True
173590793,200.50000000,0.11000000,285122258,285122258,1782867266461557,False,True
173590794,200.40000000,1.15200000,285122259,285122259,1782867266461709,True,True
173590795,200.40000000,1.07600000,285122260,285122260,1782867266462220,True,True
173590796,200.50000000,1.00000000,285122261,285122261,1782867266462290,False,True
173590797,200.40000000,0.15900000,285122262,285122262,1782867266462337,True,True
173590798,200.40000000,0.78600000,285122263,285122263,1782867266462413,True,True
173590799,200.40000000,0.41900000,285122264,285122264,1782867266463062,True,True
173590800,200.40000000,0.09400000,285122265,285122265,1782867266463672,True,True
173590801,200.40000000,0.17400000,285122266,285122266,1782867266464328,True,True
173590802,200.40000000,0.14700000,285122267,285122267,1782867266464614,True,True
173590803,200.40000000,0.69500000,285122268,285122268,1782867266464650,True,True
173590804,200.40000000,0.07900000,285122269,285122270,1782867266465881,True,True
173590805,200.40000000,1.00000000,285122271,285122272,1782867266494412,False,True
173590806,200.50000000,0.41800000,285122273,285122277,1782867314896686,False,True
173590807,200.50000000,0.36300000,285122278,285122278,1782867314898034,False,True
173590808,200.50000000,0.53400000,285122279,285122280,1782867314898121,False,True
173590809,200.50000000,0.38600000,285122281,285122282,1782867314898255,False,True
173590810,200.50000000,0.28000000,285122283,285122283,1782867328967161,True,True
173590811,200.60000000,5.90300000,285122284,285122294,1782867343959148,False,True
173590812,200.70000000,0.57700000,285122295,285122296,1782867343959148,False,True
173590813,200.60000000,0.56100000,285122297,285122299,1782867345015965,True,True
173590814,200.60000000,0.02700000,285122300,285122300,1782867349303561,True,True
173590815,200.60000000,0.15900000,285122301,285122302,1782867360626014,False,True
173590816,200.60000000,0.56000000,285122303,285122303,1782867360626271,False,True
173590817,200.60000000,14.65100000,285122304,285122309,1782867363469152,True,True
173590818,200.60000000,0.14400000,285122310,285122310,1782867378476357,False,True
173590819,200.50000000,0.02700000,285122311,285122311,1782867385860281,True,True
173590820,200.50000000,0.10500000,285122312,285122313,1782867391854802,False,True
173590821,200.50000000,0.02700000,285122314,285122314,1782867400571675,False,True
173590822,200.60000000,2.31500000,285122315,285122315,1782867423532778,False,True
173590823,200.60000000,0.68000000,285122316,285122316,1782867423533067,False,True
173590824,200.60000000,0.92300000,285122317,285122318,1782867423533294,False,True
173590825,200.60000000,0.19100000,285122319,285122319,1782867423533509,False,True
173590826,200.60000000,0.13100000,285122320,285122320,1782867423533878,False,True
173590827,200.60000000,1.30900000,285122321,285122324,1782867427236009,False,True
173590828,200.60000000,19.58500000,285122325,285122327,1782867447478368,True,True
173590829,200.50000000,0.31000000,285122328,285122331,1782867515934482,True,True
173590830,200.40000000,0.20100000,285122332,285122337,1782867546536170,True,True
173590831,200.30000000,2.36200000,285122338,285122344,1782867555578862,True,True
173590832,200.30000000,0.41800000,285122345,285122345,1782867555579262,True,True
173590833,200.30000000,0.41800000,285122346,285122346,1782867555580622,True,True
173590834,200.30000000,0.02700000,285122347,285122347,1782867555581879,True,True
173590835,200.30000000,1.03400000,285122348,285122351,1782867570994924,False,True
173590836,200.30000000,0.09400000,285122352,285122353,1782867571003611,False,True
173590837,200.30000000,4.21700000,285122354,285122358,1782867571233574,False,True
173590838,200.30000000,4.21100000,285122359,285122362,1782867571917203,False,True
173590839,200.30000000,4.21100000,285122363,285122366,1782867572313365,False,True
173590840,200.30000000,4.13600000,285122367,285122369,1782867573118064,False,True
173590841,200.30000000,0.14000000,285122370,285122371,1782867632853118,True,True
173590842,200.30000000,0.27100000,285122372,285122373,1782867661443393,False,True
173590843,200.30000000,0.41800000,285122374,285122374,1782867661443603,False,True
173590844,200.30000000,0.19800000,285122375,285122375,1782867661444065,False,True
173590845,200.30000000,0.41800000,285122376,285122376,1782867661444793,False,True
173590846,200.30000000,0.41800000,285122377,285122377,1782867661446187,False,True
173590847,200.20000000,0.07400000,285122378,285122378,1782867677111978,True,True
173590848,200.30000000,1.91900000,285122379,285122380,1782867716202053,False,True
173590849,200.30000000,0.14200000,285122381,285122382,1782867730728341,True,True
173590850,200.30000000,0.03400000,285122383,285122383,1782867733617189,False,True
173590851,200.20000000,0.48700000,285122384,285122391,1782867740302384,True,True
173590852,200.10000000,0.51300000,285122392,285122392,1782867740302384,True,True
173590853,200.20000000,8.48300000,285122393,285122398,1782867740358656,False,True
173590854,200.20000000,0.02700000,285122399,285122399,1782867745220118,True,True
173590855,200.10000000,0.41800000,285122400,285122405,1782867757435829,True,True
173590856,200.10000000,0.96100000,285122406,285122407,1782867768736576,False,True
173590857,200.20000000,0.43200000,285122408,285122413,1782867814838008,False,True
173590858,200.20000000,0.68400000,285122414,285122414,1782867814838370,False,True
173590859,200.20000000,0.02700000,285122415,285122415,1782867814841215,False,True
173590860,200.30000000,0.37600000,285122416,285122416,1782867834936890,False,True
173590861,200.20000000,1.14900000,285122417,285122419,1782867843087892,True,True
173590862,200.10000000,0.41800000,285122420,285122425,1782867855683351,True,True
173590863,200.10000000,1.11900000,285122426,285122426,1782867855683760,True,True
173590864,200.10000000,0.54800000,285122427,285122427,1782867855683905,True,True
173590865,200.10000000,0.80500000,285122428,285122428,1782867860161441,False,True
173590866,200.00000000,0.41700000,285122429,285122433,1782867890412821,True,True
173590867,200.00000000,0.08500000,285122434,285122434,1782867895660140,False,True
173590868,199.90000000,0.31100000,285122435,285122441,1782867906510010,True,True
173590869,199.90000000,1.27300000,285122442,285122442,1782867913651153,False,True
173590870,199.80000000,1.00000000,285122443,285122446,1782867914494689,True,True
173590871,199.80000000,0.07900000,285122447,285122447,1782867914494960,True,True
173590872,199.80000000,0.39900000,285122448,285122451,1782867915813351,True,True
173590873,199.70000000,0.19500000,285122452,285122458,1782867921103940,True,True
173590874,199.70000000,0.08500000,285122459,285122459,1782867921104391,True,True
173590875,199.70000000,0.96100000,285122460,285122461,1782867922401295,False,True
173590876,199.70000000,0.45200000,285122462,285122464,1782867930283704,True,True
173590877,199.60000000,0.41800000,285122465,285122469,1782867939727205,True,True
173590878,199.60000000,0.96100000,285122470,285122471,1782867948215374,False,True
173590879,199.60000000,0.02700000,285122472,285122472,1782867950259690,True,True
173590880,199.60000000,0.05000000,285122473,285122473,1782867950771176,False,True
173590881,199.50000000,1.31000000,285122474,285122474,1782867951104770,True,True
173590882,199.60000000,0.96100000,285122475,285122476,1782867952531631,False,True
173590883,199.70000000,0.41800000,285122477,285122483,1782867962003925,False,True
173590884,199.70000000,0.38800000,285122484,285122484,1782867972477839,False,True
173590885,199.70000000,0.20700000,285122485,285122485,1782867983866483,False,True
173590886,199.70000000,1.00000000,285122486,285122488,1782867983866864,False,True
173590887,199.70000000,2.73500000,285122489,285122490,1782867983866953,False,True
173590888,199.70000000,0.02700000,285122491,285122491,1782867983868254,False,True
173590889,199.70000000,0.19500000,285122492,285122493,1782867989983800,True,True
173590890,199.70000000,0.57400000,285122494,285122494,1782867989983805,True,True
173590891,199.60000000,0.08000000,285122495,285122497,1782867998103453,True,True
173590892,199.60000000,0.41800000,285122498,285122500,1782868001176526,False,True
173590893,199.60000000,0.75000000,285122501,285122501,1782868001176830,False,True
173590894,199.60000000,0.41800000,285122502,285122502,1782868023751477,True,True
173590895,199.60000000,0.41800000,285122503,285122504,1782868025812764,False,True
173590896,199.60000000,0.54300000,285122505,285122505,1782868025814567,False,True
173590897,199.60000000,0.02700000,285122506,285122506,1782868025814707,False,True
173590898,199.70000000,1.06400000,285122507,285122511,1782868035386167,False,True
173590899,199.70000000,0.50000000,285122512,285122513,1782868041574716,False,True
173590900,199.70000000,0.78300000,285122514,285122515,1782868053439532,False,True
173590901,199.70000000,0.04000000,285122516,285122516,1782868076983086,False,True
173590902,199.70000000,2.94100000,285122517,285122520,1782868081096837,False,True
173590903,199.60000000,0.04800000,285122521,285122521,1782868092517295,True,True
173590904,199.60000000,0.35700000,285122522,285122527,1782868098032720,True,True
173590905,199.60000000,0.80200000,285122528,285122528,1782868101635038,False,True
173590906,199.60000000,0.33900000,285122529,285122530,1782868104659414,False,True
173590907,199.60000000,9.15500000,285122531,285122538,1782868121272618,False,True
173590908,199.70000000,6.26500000,285122539,285122543,1782868121272618,False,True
173590909,199.60000000,0.02700000,285122544,285122544,1782868121417805,True,True
173590910,199.50000000,4.41200000,285122545,285122553,1782868128112207,True,True
173590911,199.40000000,0.17800000,285122554,285122559,1782868132516630,True,True
173590912,199.40000000,0.29100000,285122560,285122560,1782868132516937,True,True
173590913,199.40000000,0.41800000,285122561,285122561,1782868134648247,False,True
173590914,199.40000000,0.41800000,285122562,285122562,1782868134649689,False,True
173590915,199.40000000,0.38500000,285122563,285122563,1782868134649739,False,True
173590916,199.40000000,0.10400000,285122564,285122564,1782868134649800,False,True
173590917,199.40000000,0.05400000,285122565,285122566,1782868134650051,False,True
173590918,199.50000000,0.17900000,285122567,285122567,1782868136475941,False,True
173590919,199.40000000,0.50000000,285122568,285122568,1782868144434154,True,True
173590920,199.40000000,0.52200000,285122569,285122569,1782868182004673,False,True
173590921,199.40000000,5.54400000,285122570,285122575,1782868188584152,False,True
173590922,199.40000000,3.14100000,285122576,285122580,1782868194747819,False,True
173590923,199.50000000,9.83100000,285122581,285122591,1782868194747819,False,True
173590924,199.40000000,0.08200000,285122592,285122592,1782868200305124,True,True
173590925,199.40000000,0.30600000,285122593,285122593,1782868200311832,True,True
173590926,199.50000000,4.37900000,285122594,285122600,1782868200460573,False,True
173590927,199.50000000,2.04600000,285122601,285122603,1782868206018583,False,True
173590928,199.50000000,0.22100000,285122604,285122604,1782868211639247,False,True
173590929,199.50000000,0.33800000,285122605,285122605,1782868211640045,False,True
173590930,199.40000000,0.02700000,285122606,285122606,1782868215257494,True,True
173590931,199.30000000,0.18500000,285122607,285122612,1782868217112383,True,True
173590932,199.20000000,0.10800000,285122613,285122616,1782868217388970,True,True
173590933,199.20000000,1.10800000,285122617,285122617,1782868224417023,False,True
173590934,199.20000000,1.10500000,285122618,285122619,1782868224552170,False,True
173590935,199.10000000,0.24100000,285122620,285122624,1782868227890563,True,True
173590936,199.10000000,0.65100000,285122625,285122626,1782868227894037,True,True
173590937,199.00000000,0.08300000,285122627,285122627,1782868228221138,True,True
173590938,199.00000000,0.03300000,285122628,285122628,1782868235252634,True,True
173590939,199.00000000,5.15500000,285122629,285122633,1782868238366205,True,True
173590940,198.90000000,1.00000000,285122634,285122641,1782868240264578,True,True
173590941,198.90000000,2.07300000,285122642,285122646,1782868242179399,False,True
173590942,198.80000000,0.10800000,285122647,285122650,1782868242663297,True,True
173590943,198.70000000,1.00000000,285122651,285122655,1782868244802654,True,True
173590944,198.70000000,0.80900000,285122656,285122656,1782868245599099,True,True
173590945,198.70000000,0.25300000,285122657,285122657,1782868245599308,True,True
173590946,198.70000000,0.14700000,285122658,285122658,1782868245599862,True,True
173590947,198.70000000,0.24700000,285122659,285122659,1782868245600041,True,True
173590948,198.70000000,0.13800000,285122660,285122660,1782868245600246,True,True
173590949,198.70000000,1.20700000,285122661,285122663,1782868245600643,True,True
173590950,198.70000000,1.01600000,285122664,285122666,1782868248615387,False,True
173590951,198.70000000,0.79100000,285122667,285122667,1782868249028046,False,True
173590952,198.70000000,0.19200000,285122668,285122669,1782868249892547,False,True
173590953,198.70000000,0.02700000,285122670,285122670,1782868250478173,True,True
173590954,198.60000000,0.14200000,285122671,285122673,1782868251832732,True,True
173590955,198.60000000,0.12600000,285122674,285122675,1782868251833754,True,True
173590956,198.60000000,0.90000000,285122676,285122679,1782868251859618,True,True
173590957,198.60000000,1.24200000,285122680,285122680,1782868252961863,False,True
173590958,198.50000000,0.17600000,285122681,285122683,1782868253435940,True,True
173590959,198.50000000,1.18100000,285122684,285122684,1782868253436313,True,True
173590960,198.50000000,0.03300000,285122685,285122685,1782868253436788,True,True
173590961,198.50000000,0.23100000,285122686,285122687,1782868253437295,True,True
173590962,198.50000000,7.48400000,285122688,285122692,1782868253437348,True,True
173590963,198.50000000,0.11000000,285122693,285122693,1782868253439859,False,True
173590964,198.50000000,0.11000000,285122694,285122695,1782868253440111,False,True
173590965,198.50000000,0.10400000,285122696,285122696,1782868253440545,False,True
173590966,198.50000000,1.19600000,285122697,285122697,1782868253657939,False,True
173590967,198.40000000,0.07800000,285122698,285122700,1782868255522555,True,True
173590968,198.40000000,0.04400000,285122701,285122701,1782868255522790,True,True
173590969,198.40000000,1.70500000,285122702,285122702,1782868260765728,True,True
173590970,198.50000000,1.28700000,285122703,285122705,1782868263781378,False,True
173590971,198.50000000,0.98800000,285122706,285122708,1782868269277968,False,True
173590972,198.60000000,0.74400000,285122709,285122714,1782868269930661,False,True
173590973,198.60000000,0.02700000,285122715,285122715,1782868270253076,True,True
173590974,198.60000000,1.00000000,285122716,285122718,1782868282182695,False,True
173590975,198.50000000,47.47700000,285122719,285122733,1782868282322531,True,True
173590976,198.50000000,0.05700000,285122734,285122735,1782868284136464,True,True
173590977,198.50000000,0.20700000,285122736,285122736,1782868284909076,True,True
173590978,198.50000000,0.41800000,285122737,285122737,1782868284911716,True,True
173590979,198.50000000,0.96100000,285122738,285122739,1782868285396491,False,True
173590980,198.50000000,0.26200000,285122740,285122740,1782868286611734,True,True
173590981,198.50000000,0.02700000,285122741,285122741,1782868288610721,False,True
173590982,198.60000000,0.22500000,285122742,285122742,1782868288610721,False,True
173590983,198.40000000,3.09000000,285122743,285122745,1782868293974670,True,True
173590984,198.50000000,0.31100000,285122746,285122746,1782868296006771,False,True
173590985,198.50000000,0.65000000,285122747,285122748,1782868299073219,False,True
173590986,198.50000000,0.02700000,285122749,285122749,1782868301703315,True,True
173590987,198.50000000,0.43200000,285122750,285122751,1782868320293862,False,True
173590988,198.50000000,0.52900000,285122752,285122752,1782868320293907,False,True
173590989,198.50000000,0.07800000,285122753,285122754,1782868330057207,False,True
173590990,198.50000000,0.23800000,285122755,285122755,1782868330057702,False,True
173590991,198.50000000,0.19400000,285122756,285122756,1782868330057754,False,True
173590992,198.50000000,0.41800000,285122757,285122757,1782868330057871,False,True
173590993,198.50000000,0.03500000,285122758,285122759,1782868330059165,False,True
173590994,198.50000000,0.02700000,285122760,285122760,1782868332003542,True,True
173590995,198.40000000,0.41800000,285122761,285122765,1782868341757769,True,True
173590996,198.40000000,0.22700000,285122766,285122767,1782868341913995,True,True
173590997,198.30000000,0.41800000,285122768,285122772,1782868344644825,True,True
173590998,198.30000000,0.31700000,285122773,285122774,1782868344644891,True,True
173590999,198.20000000,3.16000000,285122775,285122785,1782868345942877,True,True
173591000,198.20000000,2.07700000,285122786,285122787,1782868345942877,True,True
173591001,198.10000000,1.00000000,285122788,285122792,1782868345943200,True,True
173591002,198.20000000,1.00000000,285122793,285122795,1782868345952578,False,True
173591003,198.10000000,1.00000000,285122796,285122803,1782868345967217,True,True
173591004,198.10000000,2.82400000,285122804,285122806,1782868345972014,False,True
173591005,198.10000000,0.22300000,285122807,285122808,1782868345972327,False,True
173591006,198.20000000,0.04000000,285122809,285122809,1782868346076524,False,True
173591007,198.20000000,1.11600000,285122810,285122813,1782868347971413,False,True
173591008,198.30000000,0.17400000,285122814,285122814,1782868347971413,False,True
173591009,198.20000000,0.23800000,285122815,285122816,1782868351165250,True,True
173591010,198.10000000,0.18200000,285122817,285122820,1782868355108369,True,True
173591011,198.10000000,0.03700000,285122821,285122821,1782868355938000,False,True
173591012,198.10000000,1.68200000,285122822,285122823,1782868357141880,False,True
173591013,198.00000000,0.88500000,285122824,285122827,1782868364636534,True,True
173591014,198.00000000,2.56300000,285122828,285122834,1782868364636534,True,True
173591015,197.90000000,0.13700000,285122835,285122835,1782868364879883,True,True
173591016,197.90000000,0.94500000,285122836,285122839,1782868364881607,True,True
173591017,197.90000000,0.14800000,285122840,285122841,1782868364889356,True,True
173591018,197.90000000,0.27800000,285122842,285122842,1782868364889441,True,True
173591019,197.90000000,0.41800000,285122843,285122843,1782868364889619,True,True
173591020,197.90000000,0.96800000,285122844,285122844,1782868364889892,True,True
173591021,197.90000000,0.27300000,285122845,285122845,1782868364890059,True,True
173591022,197.90000000,0.06000000,285122846,285122846,1782868364890202,True,True
173591023,197.90000000,0.29400000,285122847,285122847,1782868364890227,True,True
173591024,197.90000000,0.70200000,285122848,285122848,1782868364891145,True,True
173591025,197.90000000,0.67700000,285122849,285122849,1782868364891329,True,True
173591026,197.80000000,0.68800000,285122850,285122850,1782868364955080,True,True
173591027,197.80000000,0.26200000,285122851,285122851,1782868364955439,True,True
173591028,197.80000000,0.13600000,285122852,285122852,1782868364959084,True,True
173591029,197.80000000,0.15300000,285122853,285122853,1782868365007158,True,True
173591030,197.80000000,0.17900000,285122854,285122854,1782868365007168,True,True
173591031,197.80000000,0.37600000,285122855,285122855,1782868365010178,True,True
173591032,197.80000000,0.26700000,285122856,285122856,1782868365010381,True,True
173591033,197.80000000,0.19600000,285122857,285122857,1782868365011020,True,True
173591034,197.80000000,0.21600000,285122858,285122858,1782868365011734,True,True
173591035,197.80000000,0.19600000,285122859,285122863,1782868365012328,True,True
173591036,197.70000000,2.30000000,285122864,285122870,1782868365045303,True,True
173591037,197.60000000,1.00000000,285122871,285122873,1782868365078597,True,True
173591038,197.60000000,1.00000000,285122874,285122874,1782868365135270,True,True
173591039,197.60000000,1.73300000,285122875,285122875,1782868365136397,True,True
173591040,197.60000000,2.36900000,285122876,285122876,1782868365284254,True,True
173591041,197.60000000,0.41800000,285122877,285122878,1782868365307010,True,True
173591042,197.60000000,0.90300000,285122879,285122883,1782868365349784,True,True
173591043,197.50000000,1.00000000,285122884,285122887,1782868365386023,True,True
173591044,197.50000000,0.77100000,285122888,285122890,1782868365451124,True,True
173591045,197.50000000,0.78600000,285122891,285122891,1782868365451663,True,True
173591046,197.50000000,0.45500000,285122892,285122892,1782868365452224,True,True
173591047,197.50000000,0.36900000,285122893,285122895,1782868365453807,True,True
173591048,197.50000000,1.23700000,285122896,285122896,1782868365484081,True,True
173591049,197.40000000,0.22100000,285122897,285122899,1782868365650605,True,True
173591050,197.40000000,1.00000000,285122900,285122900,1782868365723285,True,True
173591051,197.40000000,0.35300000,285122901,285122902,1782868365791430,True,True
173591052,197.40000000,0.06500000,285122903,285122903,1782868365791689,True,True
173591053,197.40000000,0.31400000,285122904,285122904,1782868365791981,True,True
173591054,197.40000000,0.06600000,285122905,285122905,1782868365792088,True,True
173591055,197.40000000,0.17300000,285122906,285122906,1782868365795815,True,True
173591056,197.40000000,0.62200000,285122907,285122907,1782868365922759,True,True
173591057,197.40000000,0.12900000,285122908,285122908,1782868365924102,True,True
173591058,197.40000000,0.25400000,285122909,285122909,1782868365933541,True,True
173591059,197.40000000,0.19300000,285122910,285122911,1782868365935804,True,True
173591060,197.30000000,0.41800000,285122912,285122917,1782868365948853,True,True
173591061,197.30000000,0.05400000,285122918,285122919,1782868365981592,True,True
173591062,197.20000000,1.00000000,285122920,285122922,1782868365986191,True,True
173591063,197.20000000,1.00000000,285122923,285122929,1782868366013523,True,True
173591064,197.20000000,1.97500000,285122930,285122932,1782868366016410,True,True
173591065,197.20000000,0.56400000,285122933,285122933,1782868366017680,True,True
173591066,197.20000000,0.38000000,285122934,285122936,1782868366021743,True,True
173591067,197.20000000,1.51800000,285122937,285122937,1782868366041113,False,True
173591068,197.30000000,0.91300000,285122938,285122938,1782868366041113,False,True
173591069,197.20000000,0.09000000,285122939,285122939,1782868366074919,False,True
173591070,197.20000000,0.02600000,285122940,285122940,1782868366111275,False,True
173591071,197.10000000,0.07400000,285122941,285122943,1782868366148928,True,True
173591072,197.20000000,0.49000000,285122944,285122945,1782868366150940,False,True
173591073,197.20000000,3.93800000,285122946,285122948,1782868366219593,False,True
173591074,197.20000000,0.45400000,285122949,285122949,1782868366534236,True,True
173591075,197.20000000,4.61800000,285122950,285122953,1782868366736413,True,True
173591076,197.10000000,0.44200000,285122954,285122954,1782868366736413,True,True
173591077,197.20000000,1.00000000,285122955,285122955,1782868366847501,True,True
173591078,197.20000000,0.05400000,285122956,285122956,1782868366862889,False,True
173591079,197.20000000,0.02700000,285122957,285122957,1782868366950753,False,True
173591080,197.30000000,0.07600000,285122958,285122958,1782868366960473,False,True
173591081,197.20000000,4.34400000,285122959,285122962,1782868367383624,True,True
173591082,197.20000000,0.03300000,285122963,285122963,1782868367620301,True,True
173591083,197.20000000,0.56700000,285122964,285122964,1782868367620360,True,True
173591084,197.10000000,3.55900000,285122965,285122973,1782868367620902,True,True
173591085,197.00000000,1.00000000,285122974,285122975,1782868367620917,True,True
173591086,197.00000000,2.28500000,285122976,285122983,1782868367621562,True,True
173591087,196.90000000,3.60000000,285122984,285122990,1782868367621875,True,True
173591088,196.90000000,5.46600000,285122991,285122991,1782868367622053,True,True
173591089,196.80000000,2.82100000,285122992,285123000,1782868367622053,True,True
173591090,196.80000000,1.71600000,285123001,285123001,1782868367623712,True,True
173591091,196.70000000,0.02800000,285123002,285123002,1782868367623858,True,True
173591092,196.80000000,1.28300000,285123003,285123003,1782868367624111,False,True
173591093,196.90000000,1.28300000,285123004,285123004,1782868367624124,False,True
173591094,196.90000000,0.50200000,285123005,285123005,1782868367624186,False,True
173591095,196.90000000,1.28300000,285123006,285123006,1782868367624333,False,True
173591096,196.90000000,1.14800000,285123007,285123007,1782868367624357,False,True
173591097,196.90000000,1.28300000,285123008,285123008,1782868367624700,False,True
173591098,196.80000000,1.36800000,285123009,285123009,1782868367624942,True,True
173591099,196.80000000,10.05500000,285123010,285123011,1782868367625491,False,True
173591100,196.90000000,1.25600000,285123012,285123012,1782868367625491,False,True
173591101,196.90000000,1.28300000,285123013,285123013,1782868367625647,False,True
173591102,196.90000000,11.31100000,285123014,285123016,1782868367625839,False,True
173591103,196.90000000,7.74300000,285123017,285123018,1782868367625860,False,True
173591104,196.90000000,3.05400000,285123019,285123020,1782868367625985,False,True
173591105,196.90000000,0.20200000,285123021,285123021,1782868367626237,False,True
173591106,196.90000000,6.87600000,285123022,285123022,1782868367626726,False,True
173591107,196.90000000,0.05000000,285123023,285123023,1782868367626967,False,True
173591108,196.90000000,12.03200000,285123024,285123024,1782868367627099,False,True
173591109,196.90000000,1.28300000,285123025,285123025,1782868367627643,False,True
173591110,196.80000000,5.42100000,285123026,285123028,1782868367627770,True,True
173591111,196.90000000,0.26400000,285123029,285123029,1782868367627912,False,True
173591112,196.80000000,7.54100000,285123030,285123030,1782868367628187,False,True
173591113,196.80000000,4.39100000,285123031,285123031,1782868367628217,False,True
173591114,196.90000000,14.56700000,285123032,285123035,1782868367628217,False,True
173591115,196.90000000,18.95800000,285123036,285123037,1782868367628485,False,True
173591116,196.90000000,0.60400000,285123038,285123038,1782868367628583,False,True
173591117,196.90000000,2.92900000,285123039,285123039,1782868367628888,False,True
173591118,196.90000000,8.25700000,285123040,285123043,1782868367629296,False,True
173591119,196.80000000,2.02500000,285123044,285123045,1782868367629322,True,True
173591120,196.90000000,5.00200000,285123046,285123046,1782868367629967,False,True
173591121,196.90000000,12.33600000,285123047,285123048,1782868367630666,False,True
173591122,196.90000000,0.08400000,285123049,285123049,1782868367630745,False,True
173591123,196.90000000,8.26700000,285123050,285123051,1782868367630895,False,True
173591124,196.90000000,0.33200000,285123052,285123052,1782868367630934,False,True
173591125,196.90000000,0.73500000,285123053,285123053,1782868367631068,False,True
173591126,196.90000000,1.87300000,285123054,285123054,1782868367631375,False,True
173591127,196.90000000,1.04500000,285123055,285123055,1782868367632045,False,True
173591128,196.90000000,5.14900000,285123056,285123058,1782868367632079,False,True
173591129,196.90000000,5.08200000,285123059,285123060,1782868367632298,False,True
173591130,196.90000000,2.82800000,285123061,285123061,1782868367632638,False,True
173591131,196.90000000,2.32100000,285123062,285123062,1782868367632643,False,True
173591132,196.90000000,5.00200000,285123063,285123063,1782868367633963,False,True
173591133,196.90000000,5.13300000,285123064,285123066,1782868367634134,False,True
173591134,197.00000000,0.81000000,285123067,285123067,1782868367634602,False,True
173591135,196.90000000,1.28100000,285123068,285123068,1782868367635498,True,True
173591136,197.00000000,6.20700000,285123069,285123071,1782868367636284,False,True
173591137,196.90000000,0.60400000,285123072,285123073,1782868367637033,True,True
173591138,196.90000000,0.44200000,285123074,285123074,1782868367639546,True,True
173591139,197.00000000,0.02700000,285123075,285123075,1782868367646364,False,True
173591140,197.10000000,0.07300000,285123076,285123076,1782868367646364,False,True
173591141,197.10000000,0.08000000,285123077,285123077,1782868367647538,False,True
173591142,197.10000000,1.00000000,285123078,285123078,1782868367653118,False,True
173591143,197.00000000,1.00000000,285123079,285123079,1782868367657386,True,True
173591144,197.00000000,1.00000000,285123080,285123082,1782868367664948,True,True
173591145,197.10000000,1.56000000,285123083,285123087,1782868367668873,False,True
173591146,197.10000000,0.02700000,285123088,285123088,1782868367679504,False,True
173591147,197.10000000,1.28300000,285123089,285123089,1782868367697858,True,True
173591148,197.00000000,0.71700000,285123090,285123090,1782868367697858,True,True
173591149,197.10000000,1.93900000,285123091,285123092,1782868367703710,True,True
173591150,197.00000000,0.06100000,285123093,285123093,1782868367703710,True,True
173591151,197.00000000,0.67000000,285123094,285123094,1782868367704983,True,True
173591152,197.00000000,1.00000000,285123095,285123096,1782868367776921,True,True
173591153,197.10000000,0.75400000,285123097,285123098,1782868367855022,True,True
173591154,197.20000000,0.79100000,285123099,285123104,1782868367926958,False,True
173591155,197.20000000,0.05000000,285123105,285123105,1782868367930960,True,True
173591156,197.20000000,0.60000000,285123106,285123107,1782868368071778,True,True
173591157,197.20000000,0.02700000,285123108,285123108,1782868368092918,True,True
173591158,197.10000000,0.97300000,285123109,285123109,1782868368092918,True,True
173591159,197.20000000,1.53000000,285123110,285123112,1782868368202238,False,True
173591160,197.20000000,0.08100000,285123113,285123115,1782868368486954,False,True
173591161,197.10000000,0.70800000,285123116,285123120,1782868368587829,True,True
173591162,197.10000000,1.88800000,285123121,285123121,1782868368590300,False,True
173591163,197.10000000,1.93900000,285123122,285123123,1782868368591166,False,True
173591164,197.20000000,0.88500000,285123124,285123124,1782868368728251,False,True
173591165,197.20000000,0.04600000,285123125,285123125,1782868369181022,False,True
173591166,197.10000000,4.38100000,285123126,285123129,1782868369206841,True,True
173591167,197.20000000,0.05000000,285123130,285123130,1782868369525374,False,True
173591168,197.10000000,1.09500000,285123131,285123133,1782868369853276,False,True
173591169,197.10000000,0.05500000,285123134,285123136,1782868369859284,False,True
173591170,197.10000000,0.05400000,285123137,285123139,1782868369862800,False,True
173591171,197.10000000,0.05400000,285123140,285123142,1782868369894066,False,True
173591172,197.10000000,0.05000000,285123143,285123144,1782868369897846,False,True
173591173,197.10000000,0.03000000,285123145,285123146,1782868369898414,False,True
173591174,197.10000000,1.82300000,285123147,285123148,1782868369959990,True,True
173591175,197.10000000,1.15000000,285123149,285123149,1782868370021819,False,True
173591176,197.10000000,1.36700000,285123150,285123153,1782868370243207,False,True
173591177,197.10000000,0.35300000,285123154,285123154,1782868370243469,False,True
173591178,197.10000000,0.21400000,285123155,285123156,1782868370243729,False,True
173591179,197.10000000,0.11500000,285123157,285123158,1782868372452014,True,True
173591180,197.00000000,2.47900000,285123159,285123168,1782868372564683,True,True
173591181,196.90000000,0.10900000,285123169,285123172,1782868372804981,True,True
173591182,196.90000000,3.85100000,285123173,285123175,1782868373013913,False,True
173591183,197.00000000,2.57500000,285123176,285123178,1782868374087359,False,True
173591184,197.10000000,0.22300000,285123179,285123179,1782868374591116,False,True
173591185,197.10000000,0.10800000,285123180,285123180,1782868374900951,False,True
173591186,197.10000000,2.93000000,285123181,285123186,1782868374901690,False,True
173591187,197.10000000,0.94100000,285123187,285123187,1782868374902860,False,True
173591188,197.20000000,4.12700000,285123188,285123197,1782868375012073,False,True
173591189,197.10000000,0.02700000,285123198,285123198,1782868375063952,True,True
173591190,197.00000000,0.03300000,285123199,285123200,1782868375154403,True,True
173591191,197.00000000,0.05600000,285123201,285123203,1782868375262437,True,True
173591192,196.90000000,1.94700000,285123204,285123209,1782868375574361,True,True
173591193,196.90000000,1.29400000,285123210,285123210,1782868376125217,False,True
173591194,196.80000000,0.06300000,285123211,285123213,1782868376362732,True,True
173591195,196.90000000,0.05000000,285123214,285123215,1782868377204636,False,True
173591196,196.80000000,0.58600000,285123216,285123218,1782868379171879,True,True
173591197,196.80000000,0.27700000,285123219,285123222,1782868379172690,True,True
173591198,196.80000000,1.73800000,285123223,285123223,1782868379427146,False,True
173591199,196.70000000,1.56500000,285123224,285123231,1782868379569559,True,True
173591200,196.70000000,0.41800000,285123232,285123233,1782868379942720,False,True
173591201,196.70000000,0.35100000,285123234,285123234,1782868379943529,False,True
173591202,196.70000000,0.50200000,285123235,285123236,1782868379943754,False,True
173591203,196.80000000,0.10800000,285123237,285123240,1782868380109548,False,True
173591204,196.80000000,0.39100000,285123241,285123243,1782868380993672,True,True
173591205,196.80000000,0.17500000,285123244,285123246,1782868382251305,False,True
173591206,196.70000000,43.27800000,285123247,285123259,1782868382395264,True,True
173591207,196.70000000,0.13500000,285123260,285123262,1782868382431555,False,True
173591208,196.80000000,0.11100000,285123263,285123263,1782868382527340,False,True
173591209,196.80000000,0.16700000,285123264,285123267,1782868382993772,False,True
173591210,196.80000000,0.02000000,285123268,285123268,1782868382994466,False,True
173591211,196.70000000,1.76100000,285123269,285123271,1782868384293273,True,True
173591212,196.70000000,0.83400000,285123272,285123272,1782868384296094,True,True
173591213,196.70000000,0.02700000,285123273,285123273,1782868384296870,True,True
173591214,196.60000000,0.12200000,285123274,285123276,1782868384404613,True,True
173591215,196.60000000,0.22300000,285123277,285123277,1782868384404613,True,True
173591216,196.60000000,1.96200000,285123278,285123287,1782868384407925,True,True
173591217,196.50000000,0.50600000,285123288,285123290,1782868384543088,True,True
173591218,196.50000000,8.13300000,285123291,285123294,1782868384594412,True,True
173591219,196.50000000,1.07200000,285123295,285123298,1782868384604090,True,True
173591220,196.50000000,2.18100000,285123299,285123301,1782868384612779,False,True
173591221,196.50000000,1.93900000,285123302,285123303,1782868384615314,False,True
173591222,196.50000000,2.28000000,285123304,285123306,1782868384624765,True,True
173591223,196.50000000,0.45900000,285123307,285123309,1782868384628359,True,True
173591224,196.50000000,0.44500000,285123310,285123312,1782868384632094,True,True
173591225,196.50000000,0.05400000,285123313,285123314,1782868384635656,True,True
173591226,196.50000000,0.02700000,285123315,285123315,1782868384636683,True,True
173591227,196.50000000,2.23400000,285123316,285123319,1782868384755462,False,True
173591228,196.50000000,0.35500000,285123320,285123323,1782868384757566,False,True
173591229,196.60000000,15.45300000,285123324,285123335,1782868384855719,False,True
173591230,196.60000000,1.30600000,285123336,285123340,1782868386559484,False,True
173591231,196.50000000,1.50800000,285123341,285123343,1782868387596895,True,True
173591232,196.60000000,1.01800000,285123344,285123346,1782868389037367,False,True
173591233,196.60000000,0.16600000,285123347,285123347,1782868389037368,False,True
173591234,196.60000000,1.42200000,285123348,285123350,1782868389475670,True,True
173591235,196.60000000,0.17900000,285123351,285123352,1782868392257344,False,True
173591236,196.60000000,2.00000000,285123353,285123354,1782868392551082,False,True
173591237,196.60000000,0.02800000,285123355,285123356,1782868392824872,False,True
173591238,196.60000000,0.42600000,285123357,285123358,1782868392991884,False,True
173591239,196.50000000,4.64000000,285123359,285123363,1782868393819135,True,True
173591240,196.40000000,0.41800000,285123364,285123368,1782868394144285,True,True
173591241,196.30000000,0.41800000,285123369,285123375,1782868394360382,True,True
173591242,196.30000000,3.57000000,285123376,285123376,1782868394363126,True,True
173591243,196.20000000,1.00000000,285123377,285123380,1782868394947780,True,True
173591244,196.20000000,0.99100000,285123381,285123381,1782868394947780,True,True
173591245,196.20000000,0.03300000,285123382,285123382,1782868394947891,True,True
173591246,196.30000000,2.48100000,285123383,285123385,1782868395171399,False,True
173591247,196.40000000,0.11800000,285123386,285123386,1782868395171399,False,True
173591248,196.30000000,1.20000000,285123387,285123387,1782868395355428,True,True
173591249,196.40000000,0.43200000,285123388,285123392,1782868396088490,False,True
173591250,196.40000000,0.96500000,285123393,285123393,1782868396179886,True,True
173591251,196.50000000,0.18800000,285123394,285123394,1782868396477169,False,True
173591252,196.40000000,0.02700000,285123395,285123395,1782868396879012,True,True
173591253,196.30000000,0.80400000,285123396,285123397,1782868397045491,True,True
173591254,196.40000000,1.30900000,285123398,285123398,1782868397080961,False,True
173591255,196.40000000,0.05700000,285123399,285123401,1782868397403199,False,True
173591256,196.40000000,0.02400000,285123402,285123402,1782868397404596,False,True
173591257,196.40000000,0.05600000,285123403,285123405,1782868397841328,True,True
173591258,196.40000000,0.02500000,285123406,285123406,1782868397842486,True,True
173591259,196.30000000,0.43800000,285123407,285123410,1782868398470921,True,True
173591260,196.30000000,0.08100000,285123411,285123413,1782868399072518,False,True
173591261,196.40000000,0.04400000,285123414,285123414,1782868399361844,False,True
173591262,196.30000000,1.96400000,285123415,285123417,1782868400961721,True,True
173591263,196.30000000,0.98800000,285123418,285123420,1782868401899835,False,True
173591264,196.30000000,0.02700000,285123421,285123421,1782868402080782,False,True
173591265,196.30000000,0.02700000,285123422,285123422,1782868402080870,False,True
173591266,196.30000000,0.08100000,285123423,285123425,1782868402082528,False,True
173591267,196.40000000,0.15900000,285123426,285123430,1782868402706255,False,True
173591268,196.40000000,0.02700000,285123431,285123431,1782868402778022,False,True
173591269,196.40000000,0.02700000,285123432,285123432,1782868402961887,True,True
173591270,196.30000000,0.05400000,285123433,285123434,1782868404190575,True,True
173591271,196.30000000,0.02700000,285123435,285123435,1782868404541835,False,True
173591272,196.40000000,4.23000000,285123436,285123439,1782868404740901,False,True
173591273,196.30000000,0.05400000,285123440,285123441,1782868404996192,True,True
173591274,196.20000000,0.22500000,285123442,285123447,1782868405267801,True,True
173591275,196.20000000,0.05400000,285123448,285123449,1782868405557596,False,True
173591276,196.30000000,0.41800000,285123450,285123453,1782868407685044,False,True
173591277,196.30000000,0.62400000,285123454,285123455,1782868407686338,False,True
173591278,196.30000000,0.02700000,285123456,285123456,1782868409358016,False,True
173591279,196.30000000,1.16600000,285123457,285123457,1782868409561952,True,True
173591280,196.20000000,0.21000000,285123458,285123458,1782868410372695,True,True
173591281,196.20000000,0.03300000,285123459,285123459,1782868410372738,True,True
173591282,196.20000000,1.63900000,285123460,285123463,1782868410372919,True,True
173591283,196.20000000,1.96300000,285123464,285123464,1782868410372941,True,True
173591284,196.10000000,1.00000000,285123465,285123478,1782868410372999,True,True
173591285,196.10000000,3.25500000,285123479,285123479,1782868410373217,True,True
173591286,196.10000000,0.41900000,285123480,285123480,1782868410373993,False,True
173591287,196.10000000,1.77000000,285123481,285123483,1782868410375520,False,True
173591288,196.10000000,0.19700000,285123484,285123484,1782868410376056,False,True
173591289,196.10000000,2.37500000,285123485,285123486,1782868410376134,False,True
173591290,196.10000000,11.45000000,285123487,285123488,1782868410376650,False,True
173591291,196.10000000,4.43900000,285123489,285123493,1782868410376662,False,True
173591292,196.10000000,2.58700000,285123494,285123494,1782868410376808,False,True
173591293,196.10000000,9.56000000,285123495,285123497,1782868410376873,False,True
173591294,196.10000000,3.55800000,285123498,285123498,1782868410376922,False,True
173591295,196.10000000,5.55000000,285123499,285123499,1782868410376944,False,True
173591296,196.10000000,6.43000000,285123500,285123500,1782868410376973,False,True
173591297,196.10000000,0.58200000,285123501,285123503,1782868410377151,False,True
173591298,196.00000000,1.00000000,285123504,285123507,1782868410377169,True,True
173591299,196.10000000,0.05100000,285123508,285123508,1782868410377275,False,True
173591300,196.10000000,3.42900000,285123509,285123511,1782868410377434,False,True
173591301,196.20000000,1.37000000,285123512,285123512,1782868410379599,False,True
173591302,196.20000000,2.63000000,285123513,285123514,1782868410379801,False,True
173591303,196.10000000,1.00000000,285123515,285123515,1782868410414832,True,True
173591304,196.10000000,0.14100000,285123516,285123516,1782868410553893,True,True
173591305,196.20000000,0.98800000,285123517,285123519,1782868412076423,False,True
173591306,196.20000000,0.02700000,285123520,285123520,1782868412078489,False,True
173591307,196.30000000,0.15200000,285123521,285123521,1782868412169605,False,True
173591308,196.30000000,0.16100000,285123522,285123526,1782868412522777,False,True
173591309,196.30000000,6.62200000,285123527,285123531,1782868413205940,True,True
173591310,196.30000000,0.02700000,285123532,285123532,1782868415049953,True,True
173591311,196.30000000,0.17600000,285123533,285123534,1782868417353463,False,True
173591312,196.30000000,0.96100000,285123535,285123536,1782868420554585,False,True
173591313,196.30000000,0.02700000,285123537,285123537,1782868422677921,False,True
173591314,196.40000000,1.04200000,285123538,285123542,1782868425892572,False,True
173591315,196.40000000,0.15400000,285123543,285123543,1782868425892802,False,True
173591316,196.50000000,0.41300000,285123544,285123549,1782868426266885,False,True
173591317,196.60000000,0.17900000,285123550,285123552,1782868427019939,False,True
173591318,196.60000000,0.11800000,285123553,285123554,1782868427020191,False,True
173591319,196.60000000,4.76000000,285123555,285123560,1782868427317632,True,True
173591320,196.70000000,0.24700000,285123561,285123561,1782868429059841,False,True
173591321,196.70000000,0.37000000,285123562,285123567,1782868429370562,False,True
173591322,196.70000000,0.31500000,285123568,285123568,1782868429372115,False,True
173591323,196.70000000,0.09400000,285123569,285123570,1782868429372197,False,True
173591324,196.70000000,0.00500000,285123571,285123571,1782868429378245,False,True
173591325,196.80000000,0.28600000,285123572,285123578,1782868429926163,False,True
173591326,196.90000000,0.06700000,285123579,285123580,1782868431238666,False,True
173591327,196.90000000,0.25800000,285123581,285123584,1782868431410087,False,True
173591328,196.90000000,0.14500000,285123585,285123585,1782868431410681,False,True
173591329,196.90000000,0.30300000,285123586,285123587,1782868431428143,False,True
173591330,197.00000000,0.14500000,285123588,285123591,1782868434042975,False,True
173591331,197.00000000,0.25900000,285123592,285123594,1782868434046457,False,True
173591332,197.00000000,1.03500000,285123595,285123597,1782868434312582,False,True
173591333,197.10000000,2.35000000,285123598,285123603,1782868436057550,False,True
173591334,197.10000000,0.26100000,285123604,285123605,1782868436473884,False,True
173591335,197.20000000,0.16300000,285123606,285123609,1782868437178528,False,True
173591336,197.30000000,1.90500000,285123610,285123617,1782868440661758,False,True
173591337,197.40000000,0.24100000,285123618,285123623,1782868440852011,False,True
173591338,197.50000000,3.20400000,285123624,285123632,1782868441490854,False,True
173591339,197.50000000,1.84300000,285123633,285123635,1782868441538238,True,True
173591340,197.60000000,1.17500000,285123636,285123640,1782868444357757,False,True
173591341,197.70000000,1.84200000,285123641,285123646,1782868445068667,False,True
173591342,197.70000000,5.49400000,285123647,285123652,1782868445430265,False,True
173591343,197.70000000,0.02700000,285123653,285123653,1782868446420443,True,True
173591344,197.60000000,0.02700000,285123654,285123654,1782868446618081,True,True
173591345,197.60000000,0.05400000,285123655,285123656,1782868447346920,True,True
173591346,197.50000000,1.51900000,285123657,285123657,1782868448851569,True,True
173591347,197.50000000,0.40000000,285123658,285123658,1782868449231580,True,True
173591348,197.50000000,0.08200000,285123659,285123661,1782868449384033,True,True
173591349,197.40000000,2.49200000,285123662,285123663,1782868449408016,True,True
173591350,197.40000000,0.28500000,285123664,285123667,1782868451485647,True,True
173591351,197.40000000,2.00000000,285123668,285123670,1782868451568521,False,True
173591352,197.40000000,0.33300000,285123671,285123671,1782868457932385,False,True
173591353,197.40000000,0.46900000,285123672,285123672,1782868457933730,False,True
173591354,197.40000000,0.37700000,285123673,285123674,1782868457934249,False,True
173591355,197.40000000,0.03900000,285123675,285123675,1782868457936568,False,True
173591356,197.40000000,0.12600000,285123676,285123676,1782868457936696,False,True
173591357,197.40000000,0.03900000,285123677,285123677,1782868457939389,False,True
173591358,197.40000000,0.03900000,285123678,285123678,1782868457939812,False,True
173591359,197.40000000,0.62600000,285123679,285123679,1782868458223172,False,True
173591360,197.40000000,0.91300000,285123680,285123681,1782868458223248,False,True
173591361,197.50000000,0.24900000,285123682,285123684,1782868460871262,False,True
173591362,197.50000000,0.15600000,285123685,285123685,1782868464013836,True,True
173591363,197.50000000,0.15600000,285123686,285123686,1782868464391768,True,True
173591364,197.50000000,0.02700000,285123687,285123687,1782868465582941,True,True
173591365,197.40000000,1.82600000,285123688,285123689,1782868468551311,True,True
173591366,197.50000000,2.56700000,285123690,285123695,1782868472990948,False,True
173591367,197.40000000,5.01600000,285123696,285123698,1782868473118796,True,True
173591368,197.40000000,0.41800000,285123699,285123699,1782868473118841,True,True
173591369,197.40000000,0.41800000,285123700,285123700,1782868473120691,True,True
173591370,197.40000000,5.64900000,285123701,285123704,1782868473120890,True,True
173591371,197.40000000,0.71900000,285123705,285123705,1782868477287288,False,True
173591372,197.40000000,0.41800000,285123706,285123708,1782868479588084,False,True
173591373,197.40000000,0.41800000,285123709,285123709,1782868479590530,False,True
173591374,197.40000000,0.16400000,285123710,285123711,1782868479593605,False,True
173591375,197.40000000,0.08100000,285123712,285123714,1782868479595823,False,True
173591376,197.50000000,0.16400000,285123715,285123720,1782868480998998,False,True
173591377,197.40000000,0.13500000,285123721,285123725,1782868485357067,True,True
173591378,197.40000000,0.13000000,285123726,285123727,1782868491699770,False,True
173591379,197.40000000,0.30200000,285123728,285123728,1782868491701079,False,True
173591380,197.40000000,0.29900000,285123729,285123729,1782868491702498,False,True
173591381,197.40000000,0.31100000,285123730,285123733,1782868491702723,False,True
173591382,197.50000000,2.64100000,285123734,285123734,1782868494706908,False,True
173591383,197.50000000,1.01300000,285123735,285123738,1782868494707126,False,True
173591384,197.60000000,0.11000000,285123739,285123742,1782868500017828,False,True
173591385,197.70000000,0.73800000,285123743,285123748,1782868501403954,False,True
173591386,197.70000000,0.25900000,285123749,285123749,1782868501404491,False,True
173591387,197.70000000,0.26600000,285123750,285123750,1782868501404521,False,True
173591388,197.70000000,3.41400000,285123751,285123753,1782868502751126,True,True
173591389,197.70000000,0.23700000,285123754,285123755,1782868506123787,True,True
173591390,197.70000000,1.19800000,285123756,285123758,1782868506817158,False,True
173591391,197.80000000,0.06800000,285123759,285123761,1782868507537220,False,True
173591392,197.80000000,0.12800000,285123762,285123764,1782868507537674,False,True
173591393,197.80000000,0.15700000,285123765,285123765,1782868507537695,False,True
173591394,197.80000000,0.45600000,285123766,285123766,1782868507537854,False,True
173591395,197.80000000,0.22800000,285123767,285123767,1782868507538138,False,True
173591396,197.80000000,0.41800000,285123768,285123768,1782868507538669,False,True
173591397,197.80000000,0.34400000,285123769,285123769,1782868507539648,False,True
173591398,197.80000000,0.47100000,285123770,285123771,1782868507540289,False,True
173591399,197.80000000,5.40400000,285123772,285123774,1782868507580265,True,True
173591400,197.90000000,1.75600000,285123775,285123780,1782868507626819,False,True
173591401,197.90000000,0.05400000,285123781,285123782,1782868507942913,False,True
173591402,198.00000000,0.75700000,285123783,285123789,1782868508933696,False,True
173591403,198.10000000,0.71000000,285123790,285123794,1782868509736737,False,True
173591404,198.20000000,1.12400000,285123795,285123802,1782868510572776,False,True
173591405,198.30000000,1.09300000,285123803,285123808,1782868511001346,False,True
173591406,198.30000000,0.02700000,285123809,285123809,1782868511672419,True,True
173591407,198.20000000,0.05400000,285123810,285123811,1782868512078546,True,True
173591408,198.20000000,0.16400000,285123812,285123813,1782868512326124,False,True
173591409,198.20000000,1.04200000,285123814,285123814,1782868512462100,True,True
173591410,198.20000000,2.24200000,285123815,285123817,1782868512602846,True,True
173591411,198.30000000,0.22600000,285123818,285123818,1782868513286722,False,True
173591412,198.20000000,0.02700000,285123819,285123819,1782868513628324,True,True
173591413,198.20000000,1.40000000,285123820,285123820,1782868513879112,False,True
173591414,198.10000000,0.41800000,285123821,285123825,1782868514944218,True,True
173591415,198.10000000,2.64200000,285123826,285123829,1782868514945830,True,True
173591416,198.00000000,1.51600000,285123830,285123830,1782868515146084,True,True
173591417,198.10000000,0.41800000,285123831,285123831,1782868515386108,False,True
173591418,198.10000000,2.48500000,285123832,285123834,1782868515398400,True,True
173591419,198.20000000,0.49900000,285123835,285123837,1782868517291422,False,True
173591420,198.20000000,0.19100000,285123838,285123838,1782868517292050,False,True
173591421,198.20000000,0.13600000,285123839,285123840,1782868517351441,False,True
173591422,198.20000000,0.09100000,285123841,285123841,1782868517353315,False,True
173591423,198.20000000,0.23600000,285123842,285123842,1782868517354896,False,True
173591424,198.20000000,0.39500000,285123843,285123845,1782868517355889,False,True
173591425,198.20000000,0.04300000,285123846,285123847,1782868517356702,False,True
173591426,198.20000000,0.08100000,285123848,285123850,1782868518478184,False,True
173591427,198.30000000,0.15500000,285123851,285123856,1782868525480379,False,True
173591428,198.30000000,0.22400000,285123857,285123857,1782868525481616,False,True
173591429,198.30000000,0.41800000,285123858,285123858,1782868525481773,False,True
173591430,198.30000000,0.26300000,285123859,285123859,1782868525485925,False,True
173591431,198.30000000,1.40600000,285123860,285123864,1782868526535331,False,True
173591432,198.30000000,1.82300000,285123865,285123865,1782868526569761,True,True
173591433,198.20000000,2.61400000,285123866,285123869,1782868529109549,True,True
173591434,198.20000000,0.02700000,285123870,285123870,1782868530116661,True,True
173591435,198.20000000,0.02700000,285123871,285123871,1782868530741303,True,True
173591436,198.10000000,0.02800000,285123872,285123872,1782868530828036,True,True
173591437,198.10000000,0.10900000,285123873,285123876,1782868531136466,True,True
173591438,198.10000000,0.88100000,285123877,285123877,1782868533118825,False,True
173591439,198.10000000,0.08000000,285123878,285123879,1782868533118937,False,True
173591440,198.10000000,0.13500000,285123880,285123881,1782868534091166,True,True
173591441,198.10000000,0.02700000,285123882,285123882,1782868536417860,True,True
173591442,198.10000000,1.75600000,285123883,285123883,1782868537797071,False,True
173591443,198.10000000,0.96100000,285123884,285123885,1782868538836322,False,True
173591444,198.20000000,0.05400000,285123886,285123887,1782868542571808,False,True
173591445,198.20000000,0.02700000,285123888,285123888,1782868548053269,True,True
173591446,198.10000000,0.11900000,285123889,285123892,1782868549699785,True,True
173591447,198.00000000,0.49400000,285123893,285123898,1782868556682779,True,True
173591448,198.00000000,0.02700000,285123899,285123899,1782868558000351,True,True
173591449,197.90000000,1.00000000,285123900,285123906,1782868567892463,True,True
173591450,197.90000000,3.54900000,285123907,285123908,1782868567892476,True,True
173591451,197.90000000,0.65800000,285123909,285123910,1782868567966745,False,True
173591452,197.80000000,0.68300000,285123911,285123916,1782868569002207,True,True
173591453,197.80000000,0.96100000,285123917,285123918,1782868572515488,False,True
173591454,197.80000000,1.05900000,285123919,285123919,1782868572913751,True,True
173591455,197.80000000,0.91500000,285123920,285123923,1782868572913869,True,True
173591456,197.70000000,3.55200000,285123924,285123930,1782868576101899,True,True
173591457,197.70000000,0.72800000,285123931,285123933,1782868576102743,True,True
173591458,197.60000000,0.14600000,285123934,285123938,1782868578261327,True,True
173591459,197.60000000,4.89800000,285123939,285123945,1782868578338675,False,True
173591460,197.60000000,0.02700000,285123946,285123946,1782868580707161,True,True
