60690400,0.21210000,50.60000000,103498128,103498129,1782864007742823,False,True
60690401,0.21220000,50.60000000,103498130,103498131,1782864011626366,False,True
60690402,0.21210000,55.80000000,103498132,103498133,1782864018283479,True,True
60690403,0.21220000,24.60000000,103498134,103498134,1782864021115720,False,True
60690404,0.21230000,50.60000000,103498135,103498136,1782864021713183,False,True
60690405,0.21240000,537.60000000,103498137,103498137,1782864023377682,False,True
60690406,0.21240000,50.50000000,103498138,103498139,1782864023399416,False,True
60690407,0.21250000,171.00000000,103498140,103498143,1782864028066903,False,True
60690408,0.21260000,50.90000000,103498144,103498145,1782864031931975,False,True
60690409,0.21260000,28.40000000,103498146,103498146,1782864033480313,True,True
60690410,0.21270000,561.60000000,103498147,103498149,1782864033715747,False,True
60690411,0.21270000,539.90000000,103498150,103498150,1782864033719762,False,True
60690412,0.21250000,60.30000000,103498151,103498152,1782864037810855,True,True
60690413,0.21240000,50.40000000,103498153,103498154,1782864039906071,True,True
60690414,0.21250000,260.00000000,103498155,103498155,1782864050590451,False,True
60690415,0.21230000,50.50000000,103498156,103498157,1782864053274506,True,True
60690416,0.21230000,35.00000000,103498158,103498158,1782864059923950,True,True
60690417,0.21220000,50.50000000,103498159,103498160,1782864068677133,True,True
60690418,0.21210000,565.50000000,103498161,103498163,1782864072992638,True,True
60690419,0.21210000,25.10000000,103498164,103498164,1782864072995689,True,True
60690420,0.21210000,377.60000000,103498165,103498165,1782864080734214,False,True
60690421,0.21210000,188.80000000,103498166,103498166,1782864080736189,False,True
60690422,0.21210000,71.20000000,103498167,103498167,1782864080737177,False,True
60690423,0.21220000,58.80000000,103498168,103498169,1782864081924053,False,True
60690424,0.21220000,29.40000000,103498170,103498170,1782864081925270,False,True
60690425,0.21220000,58.50000000,103498171,103498171,1782864100014871,True,True
60690426,0.21210000,24.60000000,103498172,103498172,1782864110326028,True,True
60690427,0.21200000,994.20000000,103498173,103498175,1782864110326028,True,True
60690428,0.21190000,77.90000000,103498176,103498178,1782864117816800,True,True
60690429,0.21210000,50.60000000,103498179,103498180,1782864129077805,False,True
60690430,0.21200000,55.80000000,103498181,103498182,1782864139160360,True,True
60690431,0.21210000,267.10000000,103498183,103498184,1782864166327326,False,True
60690432,0.21200000,87.00000000,103498185,103498186,1782864174362999,True,True
60690433,0.21190000,50.60000000,103498187,103498188,1782864175245650,True,True
60690434,0.21180000,50.60000000,103498189,103498190,1782864177749028,True,True
60690435,0.21170000,81.80000000,103498191,103498193,1782864195345121,True,True
60690436,0.21160000,50.60000000,103498194,103498195,1782864198688742,True,True
60690437,0.21150000,50.70000000,103498196,103498197,1782864206603555,True,True
60690438,0.21160000,24.70000000,103498198,103498198,1782864225718087,False,True
60690439,0.21170000,1894.70000000,103498199,103498202,1782864225718241,False,True
60690440,0.21180000,225.00000000,103498203,103498203,1782864225722433,False,True
60690441,0.21180000,3063.00000000,103498204,103498208,1782864225723707,False,True
60690442,0.21180000,27.20000000,103498209,103498209,1782864225725467,False,True
60690443,0.21180000,47.00000000,103498210,103498210,1782864225725756,False,True
60690444,0.21180000,355.10000000,103498211,103498212,1782864231115939,True,True
60690445,0.21170000,633.00000000,103498213,103498213,1782864231119906,True,True
60690446,0.21170000,597.60000000,103498214,103498214,1782864231120841,True,True
60690447,0.21170000,2400.00000000,103498215,103498216,1782864231121391,True,True
60690448,0.21170000,200.00000000,103498217,103498217,1782864231122742,True,True
60690449,0.21190000,50.60000000,103498218,103498219,1782864251628566,False,True
60690450,0.21190000,78.70000000,103498220,103498220,1782864281267274,True,True
60690451,0.21190000,159.60000000,103498221,103498221,1782864294477822,False,True
60690452,0.21190000,223.00000000,103498222,103498222,1782864294553405,True,True
60690453,0.21180000,3176.20000000,103498223,103498225,1782864294553405,True,True
60690454,0.21180000,99.00000000,103498226,103498226,1782864294562227,True,True
60690455,0.21180000,99.00000000,103498227,103498227,1782864294562651,True,True
60690456,0.21200000,50.60000000,103498228,103498229,1782864308733487,False,True
60690457,0.21210000,50.60000000,103498230,103498231,1782864315332344,False,True
60690458,0.21200000,51.90000000,103498232,103498233,1782864338582056,True,True
60690459,0.21190000,132.60000000,103498234,103498236,1782864359990897,True,True
60690460,0.21200000,207.40000000,103498237,103498237,1782864482398904,True,True
60690461,0.21210000,1438.50000000,103498238,103498241,1782864508637280,False,True
60690462,0.21200000,1961.40000000,103498242,103498245,1782864513397389,True,True
60690463,0.21210000,24.60000000,103498246,103498246,1782864548362700,False,True
60690464,0.21220000,1357.20000000,103498247,103498249,1782864548362700,False,True
60690465,0.21220000,255.30000000,103498250,103498251,1782864552393095,True,True
60690466,0.21210000,75.30000000,103498252,103498253,1782864582152664,True,True
60690467,0.21200000,50.60000000,103498254,103498255,1782864586156848,True,True
60690468,0.21190000,250.60000000,103498256,103498258,1782864588639437,True,True
60690469,0.21210000,99.80000000,103498259,103498261,1782864613783952,False,True
60690470,0.21220000,50.60000000,103498262,103498263,1782864619303184,False,True
60690471,0.21220000,57.10000000,103498264,103498264,1782864630426981,True,True
60690472,0.21230000,50.60000000,103498265,103498266,1782864633628289,False,True
60690473,0.21240000,50.50000000,103498267,103498268,1782864637398318,False,True
60690474,0.21240000,26.60000000,103498269,103498269,1782864648551558,True,True
60690475,0.21240000,31.00000000,103498270,103498270,1782864648561804,True,True
60690476,0.21240000,30.30000000,103498271,103498271,1782864648561808,True,True
60690477,0.21240000,82.50000000,103498272,103498272,1782864706370112,True,True
60690478,0.21230000,51.70000000,103498273,103498274,1782864710783764,True,True
60690479,0.21220000,50.50000000,103498275,103498276,1782864718265808,True,True
60690480,0.21210000,78.00000000,103498277,103498279,1782864728767664,True,True
60690481,0.21200000,790.50000000,103498280,103498283,1782864728837294,True,True
60690482,0.21190000,50.60000000,103498284,103498285,1782864731068141,True,True
60690483,0.21180000,50.60000000,103498286,103498287,1782864733490743,True,True
60690484,0.21180000,159.60000000,103498288,103498288,1782864735135709,False,True
60690485,0.21180000,31.10000000,103498289,103498289,1782864758564604,True,True
60690486,0.21180000,49.90000000,103498290,103498290,1782864758576621,True,True
60690487,0.21170000,50.60000000,103498291,103498292,1782864764087308,True,True
60690488,0.21170000,443.30000000,103498293,103498293,1782864770439870,True,True
60690489,0.21170000,180.50000000,103498294,103498294,1782864770441228,True,True
60690490,0.21160000,1354.60000000,103498295,103498298,1782864779050849,True,True
60690491,0.21160000,2219.50000000,103498299,103498300,1782864779050989,True,True
60690492,0.21150000,846.80000000,103498301,103498305,1782864780553875,True,True
60690493,0.21140000,31.10000000,103498306,103498306,1782864788675599,True,True
60690494,0.21140000,50.70000000,103498307,103498308,1782864788721311,True,True
60690495,0.21130000,499.60000000,103498309,103498309,1782864788721311,True,True
60690496,0.21160000,50.70000000,103498310,103498311,1782864828801005,False,True
60690497,0.21170000,50.70000000,103498312,103498313,1782864835400549,False,True
60690498,0.21170000,185.80000000,103498314,103498314,1782864894215518,True,True
60690499,0.21180000,50.70000000,103498315,103498316,1782864916784098,False,True
60690500,0.21180000,159.60000000,103498317,103498317,1782864927017802,False,True
60690501,0.21160000,121.70000000,103498318,103498320,1782864944975648,True,True
60690502,0.21150000,50.70000000,103498321,103498322,1782864948299132,True,True
60690503,0.21160000,147.20000000,103498323,103498324,1782865013087016,False,True
60690504,0.21170000,1442.10000000,103498325,103498327,1782865013158874,False,True
60690505,0.21180000,31.30000000,103498328,103498329,1782865027976958,False,True
60690506,0.21160000,52.00000000,103498330,103498331,1782865041196927,True,True
60690507,0.21160000,760.20000000,103498332,103498333,1782865103078346,True,True
60690508,0.21150000,78.00000000,103498334,103498336,1782865119397745,True,True
60690509,0.21150000,1477.80000000,103498337,103498337,1782865143121069,False,True
60690510,0.21140000,78.10000000,103498338,103498340,1782865155681482,True,True
60690511,0.21150000,159.60000000,103498341,103498341,1782865167154910,False,True
60690512,0.21130000,48.40000000,103498342,103498343,1782865194792457,True,True
60690513,0.21150000,56.50000000,103498344,103498344,1782865232079843,False,True
60690514,0.21150000,211.00000000,103498345,103498345,1782865275033858,True,True
60690515,0.21150000,91.00000000,103498346,103498346,1782865291288857,False,True
60690516,0.21130000,620.30000000,103498347,103498350,1782865293607861,True,True
60690517,0.21130000,0.10000000,103498351,103498351,1782865293609618,True,True
60690518,0.21140000,24.70000000,103498352,103498352,1782865304248338,False,True
60690519,0.21140000,27.40000000,103498353,103498353,1782865311059675,True,True
60690520,0.21130000,31.20000000,103498354,103498354,1782865312611947,True,True
60690521,0.21130000,24.70000000,103498355,103498355,1782865312613042,True,True
60690522,0.21120000,113.60000000,103498356,103498358,1782865312616044,True,True
60690523,0.21110000,47.20000000,103498359,103498359,1782865312661654,True,True
60690524,0.21130000,1521.60000000,103498360,103498361,1782865314019316,False,True
60690525,0.21130000,1677.00000000,103498362,103498362,1782865314023381,False,True
60690526,0.21130000,260.00000000,103498363,103498363,1782865314028110,False,True
60690527,0.21120000,125.20000000,103498364,103498364,1782865316844693,False,True
60690528,0.21130000,1127.90000000,103498365,103498365,1782865334334243,False,True
60690529,0.21130000,38.30000000,103498366,103498366,1782865336513904,True,True
60690530,0.21120000,3120.60000000,103498367,103498367,1782865336518152,True,True
60690531,0.21110000,95.00000000,103498368,103498370,1782865336541198,True,True
60690532,0.21110000,95.00000000,103498371,103498371,1782865336541932,True,True
60690533,0.21110000,47.20000000,103498372,103498372,1782865336543952,True,True
60690534,0.21110000,31.20000000,103498373,103498373,1782865357927081,True,True
60690535,0.21110000,35.20000000,103498374,103498374,1782865357982862,True,True
60690536,0.21100000,32.80000000,103498375,103498376,1782865357982862,True,True
60690537,0.21100000,108.00000000,103498377,103498378,1782865357983337,True,True
60690538,0.21100000,41.00000000,103498379,103498379,1782865357983341,True,True
60690539,0.21100000,95.00000000,103498380,103498380,1782865357983756,True,True
60690540,0.21100000,2832.10000000,103498381,103498381,1782865362978248,True,True
60690541,0.21100000,3640.00000000,103498382,103498382,1782865362978567,True,True
60690542,0.21100000,1382.80000000,103498383,103498383,1782865362980333,True,True
60690543,0.21100000,1397.70000000,103498384,103498384,1782865362984901,True,True
60690544,0.21100000,1127.90000000,103498385,103498385,1782865406934861,False,True
60690545,0.21110000,3165.90000000,103498386,103498388,1782865413583024,False,True
60690546,0.21110000,260.00000000,103498389,103498389,1782865413591765,False,True
60690547,0.21100000,115.20000000,103498390,103498390,1782865441862286,True,True
60690548,0.21090000,78.20000000,103498391,103498393,1782865455689112,True,True
60690549,0.21090000,28.40000000,103498394,103498394,1782865458026559,False,True
60690550,0.21080000,50.80000000,103498395,103498396,1782865460012399,True,True
60690551,0.21070000,78.40000000,103498397,103498399,1782865473598234,True,True
60690552,0.21060000,1202.80000000,103498400,103498403,1782865473598234,True,True
60690553,0.21060000,540.00000000,103498404,103498404,1782865473668237,True,True
60690554,0.21070000,1392.30000000,103498405,103498406,1782865481631619,False,True
60690555,0.21070000,743.40000000,103498407,103498407,1782865498688784,False,True
60690556,0.21080000,2389.80000000,103498408,103498412,1782865511813756,False,True
60690557,0.21080000,1064.60000000,103498413,103498413,1782865511816772,False,True
60690558,0.21080000,1252.10000000,103498414,103498415,1782865511817318,False,True
60690559,0.21080000,1127.90000000,103498416,103498416,1782865511817365,False,True
60690560,0.21070000,612.90000000,103498417,103498418,1782865531729999,True,True
60690561,0.21060000,96.60000000,103498419,103498419,1782865531729999,True,True
60690562,0.21060000,60.90000000,103498420,103498421,1782865539912848,True,True
60690563,0.21050000,1655.70000000,103498422,103498425,1782865539924793,True,True
60690564,0.21050000,38.30000000,103498426,103498426,1782865539948922,True,True
60690565,0.21040000,2136.50000000,103498427,103498429,1782865540001342,True,True
60690566,0.21040000,1291.60000000,103498430,103498431,1782865541077872,False,True
60690567,0.21060000,500.40000000,103498432,103498434,1782865558731287,False,True
60690568,0.21070000,51.00000000,103498435,103498436,1782865574243202,False,True
60690569,0.21070000,260.00000000,103498437,103498437,1782865574252238,False,True
60690570,0.21070000,264.50000000,103498438,103498439,1782865581735928,True,True
60690571,0.21060000,24.80000000,103498440,103498440,1782865582052688,True,True
60690572,0.21050000,102.90000000,103498441,103498443,1782865613158044,True,True
60690573,0.21040000,51.00000000,103498444,103498445,1782865613284042,True,True
60690574,0.21040000,35.30000000,103498446,103498446,1782865631616195,True,True
60690575,0.21030000,3751.50000000,103498447,103498450,1782865631618295,True,True
60690576,0.21020000,412.00000000,103498451,103498453,1782865631622534,True,True
60690577,0.21020000,68.00000000,103498454,103498454,1782865631622892,True,True
60690578,0.21020000,68.00000000,103498455,103498455,1782865631623136,True,True
60690579,0.21030000,540.00000000,103498456,103498456,1782865679556582,False,True
60690580,0.21040000,185.20000000,103498457,103498457,1782865679556582,False,True
60690581,0.21040000,51.00000000,103498458,103498459,1782865723748980,False,True
60690582,0.21050000,311.00000000,103498460,103498462,1782865723794238,False,True
60690583,0.21050000,260.00000000,103498463,103498463,1782865723801559,False,True
60690584,0.21040000,101.90000000,103498464,103498464,1782865723804061,True,True
60690585,0.21050000,687.60000000,103498465,103498466,1782865725719337,True,True
60690586,0.21040000,2313.10000000,103498467,103498468,1782865725719337,True,True
60690587,0.21040000,43.80000000,103498469,103498470,1782865737757293,True,True
60690588,0.21060000,51.00000000,103498471,103498472,1782865744303102,False,True
60690589,0.21050000,32.20000000,103498473,103498473,1782865752734008,True,True
60690590,0.21040000,31.30000000,103498474,103498474,1782865752735455,True,True
60690591,0.21030000,31.30000000,103498475,103498475,1782865753912199,True,True
60690592,0.21040000,57.00000000,103498476,103498476,1782865762086453,False,True
60690593,0.21050000,260.00000000,103498477,103498477,1782865785640896,False,True
60690594,0.21060000,51.00000000,103498478,103498479,1782865786129185,False,True
60690595,0.21060000,474.00000000,103498480,103498480,1782865800392174,False,True
60690596,0.21050000,122.20000000,103498481,103498482,1782865812848693,True,True
60690597,0.21040000,85.60000000,103498483,103498485,1782865829864253,True,True
60690598,0.21060000,80.70000000,103498486,103498487,1782865838105970,False,True
60690599,0.21070000,51.00000000,103498488,103498489,1782865838266044,False,True
60690600,0.21080000,50.90000000,103498490,103498491,1782865841808738,False,True
60690601,0.21090000,50.90000000,103498492,103498493,1782865844454435,False,True
60690602,0.21100000,50.90000000,103498494,103498495,1782865849205865,False,True
60690603,0.21110000,590.70000000,103498496,103498498,1782865851252265,False,True
60690604,0.21120000,50.80000000,103498499,103498500,1782865855375015,False,True
60690605,0.21130000,50.80000000,103498501,103498502,1782865860795233,False,True
60690606,0.21140000,1178.70000000,103498503,103498505,1782865865038287,False,True
60690607,0.21150000,845.90000000,103498506,103498509,1782865865038287,False,True
60690608,0.21160000,50.70000000,103498510,103498511,1782865872503264,False,True
60690609,0.21150000,24.60000000,103498512,103498512,1782865875056722,True,True
60690610,0.21140000,121.00000000,103498513,103498515,1782865875058059,True,True
60690611,0.21130000,50.80000000,103498516,103498517,1782865876894156,True,True
60690612,0.21120000,50.80000000,103498518,103498519,1782865881352825,True,True
60690613,0.21130000,3321.70000000,103498520,103498521,1782865896022402,False,True
60690614,0.21130000,1478.30000000,103498522,103498522,1782865908097068,False,True
60690615,0.21130000,2164.20000000,103498523,103498524,1782865908097135,False,True
60690616,0.21140000,1110.90000000,103498525,103498530,1782865908102344,False,True
60690617,0.21140000,260.00000000,103498531,103498531,1782865908108821,False,True
60690618,0.21140000,260.00000000,103498532,103498532,1782865908171871,False,True
60690619,0.21130000,79.50000000,103498533,103498534,1782865911784643,True,True
60690620,0.21120000,50.80000000,103498535,103498536,1782865914726888,True,True
60690621,0.21110000,50.80000000,103498537,103498538,1782865916908657,True,True
60690622,0.21120000,523.30000000,103498539,103498540,1782865922769327,False,True
60690623,0.21120000,2209.30000000,103498541,103498541,1782865924213629,False,True
60690624,0.21120000,4211.00000000,103498542,103498544,1782865924213817,False,True
60690625,0.21110000,53.60000000,103498545,103498546,1782865944032145,True,True
60690626,0.21120000,24.70000000,103498547,103498547,1782865953129625,False,True
60690627,0.21130000,590.70000000,103498548,103498550,1782865953129625,False,True
60690628,0.21140000,2537.50000000,103498551,103498554,1782865953134680,False,True
60690629,0.21140000,1633.10000000,103498555,103498555,1782865953134832,False,True
60690630,0.21150000,590.80000000,103498556,103498558,1782865953164443,False,True
60690631,0.21130000,73.30000000,103498559,103498560,1782865960831588,True,True
60690632,0.21120000,50.80000000,103498561,103498562,1782865963443670,True,True
60690633,0.21140000,766.90000000,103498563,103498565,1782865981493395,False,True
60690634,0.21140000,411.80000000,103498566,103498566,1782865981493502,False,True
60690635,0.21140000,185.40000000,103498567,103498568,1782865983699383,True,True
60690636,0.21130000,24.70000000,103498569,103498569,1782865987970881,True,True
60690637,0.21120000,50.80000000,103498570,103498571,1782865991905679,True,True
60690638,0.21110000,57.00000000,103498572,103498572,1782866009795291,True,True
60690639,0.21110000,78.20000000,103498573,103498575,1782866012807485,True,True
60690640,0.21120000,532.10000000,103498576,103498578,1782866071980613,False,True
60690641,0.21130000,50.80000000,103498579,103498580,1782866090712783,False,True
60690642,0.21110000,227.00000000,103498581,103498583,1782866116578152,True,True
60690643,0.21100000,50.80000000,103498584,103498585,1782866126983640,True,True
60690644,0.21090000,78.20000000,103498586,103498588,1782866138671713,True,True
60690645,0.21110000,50.80000000,103498589,103498590,1782866236316440,False,True
60690646,0.21120000,50.80000000,103498591,103498592,1782866237319663,False,True
60690647,0.21110000,195.40000000,103498593,103498594,1782866246564417,True,True
60690648,0.21120000,619.30000000,103498595,103498596,1782866292317193,False,True
60690649,0.21130000,31.20000000,103498597,103498598,1782866299290977,False,True
60690650,0.21130000,2575.50000000,103498599,103498600,1782866299292358,False,True
60690651,0.21130000,129.90000000,103498601,103498601,1782866322085217,True,True
60690652,0.21120000,59.50000000,103498602,103498602,1782866362060249,True,True
60690653,0.21110000,502.30000000,103498603,103498605,1782866366701495,True,True
60690654,0.21100000,50.80000000,103498606,103498607,1782866370019049,True,True
60690655,0.21090000,78.20000000,103498608,103498610,1782866387613499,True,True
60690656,0.21080000,50.80000000,103498611,103498612,1782866390618642,True,True
60690657,0.21090000,694.50000000,103498613,103498613,1782866401817421,False,True
60690658,0.21070000,95.60000000,103498614,103498616,1782866416376247,True,True
60690659,0.21070000,49.40000000,103498617,103498617,1782866416407490,False,True
60690660,0.21070000,1183.20000000,103498618,103498619,1782866435122358,False,True
60690661,0.21070000,254.30000000,103498620,103498620,1782866497568964,True,True
60690662,0.21080000,2147.20000000,103498621,103498622,1782866513102917,False,True
60690663,0.21090000,470.80000000,103498623,103498625,1782866522358138,False,True
60690664,0.21090000,2149.90000000,103498626,103498627,1782866539435608,False,True
60690665,0.21080000,31.20000000,103498628,103498629,1782866543784809,True,True
60690666,0.21070000,262.50000000,103498630,103498632,1782866556595883,True,True
60690667,0.21060000,95.00000000,103498633,103498636,1782866601035139,True,True
60690668,0.21050000,95.00000000,103498637,103498637,1782866601145660,True,True
60690669,0.21050000,81.00000000,103498638,103498638,1782866601182110,True,True
60690670,0.21060000,1127.90000000,103498639,103498639,1782866607493607,False,True
60690671,0.21070000,509.80000000,103498640,103498645,1782866633072092,False,True
60690672,0.21080000,1440.50000000,103498646,103498648,1782866633117333,False,True
60690673,0.21090000,3072.80000000,103498649,103498651,1782866633137816,False,True
60690674,0.21100000,166.00000000,103498652,103498654,1782866641313790,False,True
60690675,0.21110000,50.80000000,103498655,103498656,1782866651056540,False,True
60690676,0.21110000,50.80000000,103498657,103498658,1782866661913109,False,True
60690677,0.21110000,157.40000000,103498659,103498659,1782866675452139,True,True
60690678,0.21100000,564.70000000,103498660,103498661,1782866676513456,True,True
60690679,0.21090000,8159.40000000,103498662,103498670,1782866676513456,True,True
60690680,0.21080000,7519.00000000,103498671,103498676,1782866676513456,True,True
60690681,0.21080000,451.30000000,103498677,103498677,1782866676515555,False,True
60690682,0.21080000,202.40000000,103498678,103498678,1782866676515677,False,True
60690683,0.21080000,405.40000000,103498679,103498679,1782866676515741,False,True
60690684,0.21080000,1000.00000000,103498680,103498680,1782866676515785,False,True
60690685,0.21080000,451.30000000,103498681,103498681,1782866676515873,False,True
60690686,0.21080000,428.00000000,103498682,103498682,1782866676526468,False,True
60690687,0.21080000,1878.90000000,103498683,103498683,1782866676527164,False,True
60690688,0.21080000,45613.80000000,103498684,103498684,1782866676528372,False,True
60690689,0.21090000,267.30000000,103498685,103498686,1782866704602432,False,True
60690690,0.21100000,50.90000000,103498687,103498688,1782866711636461,False,True
60690691,0.21110000,159.60000000,103498689,103498689,1782866712939684,False,True
60690692,0.21100000,79.90000000,103498690,103498690,1782866718264593,True,True
60690693,0.21110000,2444.20000000,103498691,103498694,1782866726587570,False,True
60690694,0.21120000,590.70000000,103498695,103498697,1782866726727189,False,True
60690695,0.21120000,44.60000000,103498698,103498698,1782866744973337,True,True
60690696,0.21130000,23.60000000,103498699,103498699,1782866767949606,False,True
60690697,0.21120000,291.80000000,103498700,103498701,1782866784528810,True,True
60690698,0.21110000,124.50000000,103498702,103498703,1782866786387848,True,True
60690699,0.21100000,50.80000000,103498704,103498705,1782866789107493,True,True
60690700,0.21100000,429.90000000,103498706,103498706,1782866832731595,True,True
60690701,0.21100000,540.00000000,103498707,103498707,1782866860595304,False,True
60690702,0.21110000,24.70000000,103498708,103498708,1782866882157022,False,True
60690703,0.21120000,50.80000000,103498709,103498710,1782866882186049,False,True
60690704,0.21130000,567.20000000,103498711,103498713,1782866882296620,False,True
60690705,0.21120000,70.90000000,103498714,103498714,1782866883029919,True,True
60690706,0.21110000,200.90000000,103498715,103498716,1782866888619801,True,True
60690707,0.21110000,937.70000000,103498717,103498718,1782866976086214,True,True
60690708,0.21110000,3851.90000000,103498719,103498720,1782866976086263,True,True
60690709,0.21110000,142.10000000,103498721,103498721,1782866979841266,False,True
60690710,0.21120000,24.70000000,103498722,103498722,1782866989300115,False,True
60690711,0.21130000,50.80000000,103498723,103498724,1782866989301297,False,True
60690712,0.21140000,4211.80000000,103498725,103498730,1782866989326040,False,True
60690713,0.21140000,974.80000000,103498731,103498731,1782866990439617,False,True
60690714,0.21140000,135.80000000,103498732,103498732,1782866990441269,False,True
60690715,0.21140000,54.70000000,103498733,103498733,1782867025011545,False,True
60690716,0.21140000,540.00000000,103498734,103498734,1782867034096001,False,True
60690717,0.21150000,676.50000000,103498735,103498738,1782867034096001,False,True
60690718,0.21150000,1083.40000000,103498739,103498739,1782867034096083,False,True
60690719,0.21150000,2005.00000000,103498740,103498741,1782867034096188,False,True
60690720,0.21150000,1029.50000000,103498742,103498742,1782867034096287,False,True
60690721,0.21150000,1801.30000000,103498743,103498743,1782867034097420,False,True
60690722,0.21140000,201.70000000,103498744,103498744,1782867060695692,True,True
60690723,0.21130000,50.80000000,103498745,103498746,1782867073336975,True,True
60690724,0.21120000,50.80000000,103498747,103498748,1782867073514956,True,True
60690725,0.21140000,225.00000000,103498749,103498750,1782867128393653,False,True
60690726,0.21140000,49.40000000,103498751,103498751,1782867129231487,True,True
60690727,0.21130000,101.40000000,103498752,103498753,1782867149576979,True,True
60690728,0.21130000,68.90000000,103498754,103498754,1782867149591765,True,True
60690729,0.21130000,52.00000000,103498755,103498756,1782867167283164,True,True
60690730,0.21120000,5677.50000000,103498757,103498759,1782867181058677,True,True
60690731,0.21120000,199.30000000,103498760,103498760,1782867181058957,True,True
60690732,0.21110000,34.70000000,103498761,103498762,1782867199666528,True,True
60690733,0.21110000,60.80000000,103498763,103498764,1782867207568944,True,True
60690734,0.21100000,50.80000000,103498765,103498766,1782867211485283,True,True
60690735,0.21100000,614.10000000,103498767,103498768,1782867225736562,False,True
60690736,0.21100000,83.00000000,103498769,103498769,1782867249183696,True,True
60690737,0.21090000,50.80000000,103498770,103498771,1782867255669006,True,True
60690738,0.21090000,540.00000000,103498772,103498772,1782867288280380,False,True
60690739,0.21110000,50.80000000,103498773,103498774,1782867331110800,False,True
60690740,0.21110000,130.00000000,103498775,103498775,1782867336996606,True,True
60690741,0.21110000,324.90000000,103498776,103498776,1782867363610807,False,True
60690742,0.21100000,83.50000000,103498777,103498778,1782867385598170,True,True
60690743,0.21100000,52.20000000,103498779,103498779,1782867435033798,False,True
60690744,0.21090000,548.60000000,103498780,103498782,1782867437800169,True,True
60690745,0.21090000,72.10000000,103498783,103498783,1782867440273319,True,True
60690746,0.21090000,540.00000000,103498784,103498784,1782867441251929,False,True
60690747,0.21090000,62.70000000,103498785,103498785,1782867465037795,True,True
60690748,0.21080000,564.90000000,103498786,103498788,1782867465046003,True,True
60690749,0.21080000,2400.00000000,103498789,103498790,1782867465046049,True,True
60690750,0.21080000,3181.80000000,103498791,103498792,1782867465047094,True,True
60690751,0.21070000,1477.80000000,103498793,103498795,1782867465049975,True,True
60690752,0.21070000,539.90000000,103498796,103498796,1782867465052138,True,True
60690753,0.21070000,202.50000000,103498797,103498797,1782867465054714,True,True
60690754,0.21080000,540.00000000,103498798,103498798,1782867470079436,False,True
60690755,0.21090000,6101.20000000,103498799,103498804,1782867470079436,False,True
60690756,0.21090000,38.40000000,103498805,103498805,1782867492573893,True,True
60690757,0.21080000,1026.50000000,103498806,103498808,1782867492573893,True,True
60690758,0.21080000,1358.30000000,103498809,103498809,1782867492576951,True,True
60690759,0.21070000,153.00000000,103498810,103498812,1782867492578600,True,True
60690760,0.21070000,153.00000000,103498813,103498813,1782867492585082,True,True
60690761,0.21090000,2584.50000000,103498814,103498816,1782867497770686,False,True
60690762,0.21080000,28.20000000,103498817,103498817,1782867498861304,True,True
60690763,0.21090000,415.60000000,103498818,103498820,1782867509064100,False,True
60690764,0.21090000,590.80000000,103498821,103498821,1782867511208365,False,True
60690765,0.21070000,3014.00000000,103498822,103498822,1782867514029591,True,True
60690766,0.21070000,626.70000000,103498823,103498823,1782867514029631,True,True
60690767,0.21060000,31.20000000,103498824,103498825,1782867514109762,True,True
60690768,0.21060000,56.80000000,103498826,103498826,1782867514113345,False,True
60690769,0.21060000,56.80000000,103498827,103498827,1782867514113390,False,True
60690770,0.21060000,56.80000000,103498828,103498829,1782867514113394,False,True
60690771,0.21070000,1617.70000000,103498830,103498831,1782867514410149,False,True
60690772,0.21060000,34.70000000,103498832,103498832,1782867550800507,True,True
60690773,0.21050000,2734.60000000,103498833,103498835,1782867557433375,True,True
60690774,0.21050000,1283.50000000,103498836,103498837,1782867557433770,True,True
60690775,0.21040000,591.00000000,103498838,103498840,1782867557510014,True,True
60690776,0.21050000,1127.90000000,103498841,103498841,1782867570408673,False,True
60690777,0.21050000,54.10000000,103498842,103498842,1782867585529072,False,True
60690778,0.21060000,1289.30000000,103498843,103498846,1782867594078793,False,True
60690779,0.21050000,28.40000000,103498847,103498847,1782867606132509,True,True
60690780,0.21060000,24.80000000,103498848,103498848,1782867609080740,False,True
60690781,0.21070000,51.00000000,103498849,103498850,1782867609154297,False,True
60690782,0.21080000,50.90000000,103498851,103498852,1782867609306641,False,True
60690783,0.21080000,635.70000000,103498853,103498854,1782867617695126,True,True
60690784,0.21070000,7298.30000000,103498855,103498859,1782867617695126,True,True
60690785,0.21060000,2061.00000000,103498860,103498862,1782867617695126,True,True
60690786,0.21090000,50.90000000,103498863,103498864,1782867689205534,False,True
60690787,0.21100000,50.90000000,103498865,103498866,1782867716204521,False,True
60690788,0.21110000,50.80000000,103498867,103498868,1782867727437184,False,True
60690789,0.21110000,179.30000000,103498869,103498869,1782867730725074,True,True
60690790,0.21100000,52.10000000,103498870,103498871,1782867744633848,True,True
60690791,0.21090000,1842.80000000,103498872,103498874,1782867745296126,True,True
60690792,0.21090000,625.10000000,103498875,103498875,1782867745297637,True,True
60690793,0.21090000,387.10000000,103498876,103498876,1782867745305267,True,True
60690794,0.21090000,332.50000000,103498877,103498877,1782867745306788,True,True
60690795,0.21090000,1604.80000000,103498878,103498878,1782867745307797,True,True
60690796,0.21080000,50.80000000,103498879,103498880,1782867749538348,True,True
60690797,0.21080000,2232.80000000,103498881,103498882,1782867761021067,False,True
60690798,0.21070000,78.30000000,103498883,103498885,1782867763964081,True,True
60690799,0.21070000,1127.90000000,103498886,103498886,1782867767954355,False,True
60690800,0.21060000,3885.50000000,103498887,103498893,1782867781060679,True,True
60690801,0.21060000,1114.50000000,103498894,103498894,1782867781062100,False,True
60690802,0.21060000,49.20000000,103498895,103498895,1782867781062462,False,True
60690803,0.21050000,78.50000000,103498896,103498898,1782867843199338,True,True
60690804,0.21040000,123.30000000,103498899,103498901,1782867852188802,True,True
60690805,0.21030000,51.00000000,103498902,103498903,1782867856041849,True,True
60690806,0.21020000,51.00000000,103498904,103498905,1782867857624601,True,True
60690807,0.21010000,51.00000000,103498906,103498907,1782867859220400,True,True
60690808,0.21000000,129.00000000,103498908,103498908,1782867859220400,True,True
60690809,0.21000000,179.00000000,103498909,103498909,1782867859220443,True,True
60690810,0.21000000,176.40000000,103498910,103498913,1782867859220486,True,True
60690811,0.20990000,0.60000000,103498914,103498914,1782867859220486,True,True
60690812,0.20990000,95.00000000,103498915,103498915,1782867859220669,True,True
60690813,0.20990000,95.00000000,103498916,103498916,1782867859220839,True,True
60690814,0.20990000,95.00000000,103498917,103498917,1782867859262068,True,True
60690815,0.20990000,141.90000000,103498918,103498921,1782867862721360,True,True
60690816,0.20990000,28.60000000,103498922,103498922,1782867863570262,False,True
60690817,0.20990000,1276.70000000,103498923,103498924,1782867865898106,False,True
60690818,0.21000000,306.30000000,103498925,103498925,1782867884254810,True,True
60690819,0.21000000,39.30000000,103498926,103498926,1782867888286816,True,True
60690820,0.20990000,1594.30000000,103498927,103498927,1782867903436714,False,True
60690821,0.20990000,9600.00000000,103498928,103498928,1782867903438108,False,True
60690822,0.20990000,3350.60000000,103498929,103498929,1782867903438232,False,True
60690823,0.20990000,7200.00000000,103498930,103498930,1782867903438352,False,True
60690824,0.20990000,2400.00000000,103498931,103498931,1782867903438569,False,True
60690825,0.20990000,1103.30000000,103498932,103498932,1782867903438776,False,True
60690826,0.20980000,837.60000000,103498933,103498937,1782867921755168,True,True
60690827,0.20970000,7.40000000,103498938,103498938,1782867921755168,True,True
60690828,0.20980000,290.90000000,103498939,103498940,1782867926278442,False,True
60690829,0.20990000,24.90000000,103498941,103498941,1782867957825379,False,True
60690830,0.21000000,51.10000000,103498942,103498943,1782867957825379,False,True
60690831,0.21010000,51.10000000,103498944,103498945,1782867961780491,False,True
60690832,0.21010000,104.70000000,103498946,103498946,1782867989962195,True,True
60690833,0.21000000,24.80000000,103498947,103498947,1782867990041207,True,True
60690834,0.20990000,51.10000000,103498948,103498949,1782867997560262,True,True
60690835,0.20980000,97.70000000,103498950,103498952,1782868018137226,True,True
60690836,0.20980000,50.00000000,103498953,103498953,1782868031339153,False,True
60690837,0.20970000,50.00000000,103498954,103498955,1782868038370732,True,True
60690838,0.20970000,88.70000000,103498956,103498957,1782868075078910,True,True
60690839,0.20970000,135.30000000,103498958,103498958,1782868076058822,False,True
60690840,0.20980000,30.00000000,103498959,103498959,1782868088845090,True,True
60690841,0.20970000,52.80000000,103498960,103498960,1782868104008297,True,True
60690842,0.20960000,1404.50000000,103498961,103498963,1782868108236993,True,True
60690843,0.20950000,51.20000000,103498964,103498965,1782868108675736,True,True
60690844,0.20950000,200.30000000,103498966,103498966,1782868108680157,False,True
60690845,0.20950000,190.80000000,103498967,103498967,1782868108684003,False,True
60690846,0.20940000,51.20000000,103498968,103498969,1782868114785157,True,True
60690847,0.20940000,200.40000000,103498970,103498971,1782868114796987,False,True
60690848,0.20940000,200.40000000,103498972,103498972,1782868114799992,False,True
60690849,0.20950000,47.70000000,103498973,103498973,1782868115135325,False,True
60690850,0.20940000,30.80000000,103498974,103498974,1782868121700791,True,True
60690851,0.20930000,51.20000000,103498975,103498976,1782868127316862,True,True
60690852,0.20920000,51.20000000,103498977,103498978,1782868131114935,True,True
60690853,0.20920000,30.00000000,103498979,103498979,1782868140229562,True,True
60690854,0.20910000,81.30000000,103498980,103498982,1782868169878843,True,True
60690855,0.20900000,238.90000000,103498983,103498986,1782868188847552,True,True
60690856,0.20900000,99.60000000,103498987,103498987,1782868189758846,False,True
60690857,0.20900000,570.00000000,103498988,103498989,1782868198131593,True,True
60690858,0.20900000,877.30000000,103498990,103498990,1782868204208576,False,True
60690859,0.20900000,2400.00000000,103498991,103498991,1782868204209992,False,True
60690860,0.20900000,6654.50000000,103498992,103498992,1782868204843624,False,True
60690861,0.20900000,46.70000000,103498993,103498993,1782868205359851,True,True
60690862,0.20900000,177.60000000,103498994,103498995,1782868215813030,True,True
60690863,0.20890000,31.50000000,103498996,103498997,1782868215946844,True,True
60690864,0.20890000,31.10000000,103498998,103498998,1782868217161539,True,True
60690865,0.20880000,512.00000000,103498999,103499001,1782868217172688,True,True
60690866,0.20870000,547.00000000,103499002,103499005,1782868217177088,True,True
60690867,0.20860000,57.00000000,103499006,103499008,1782868217322295,True,True
60690868,0.20870000,28.70000000,103499009,103499009,1782868217565790,False,True
60690869,0.20870000,770.00000000,103499010,103499010,1782868217938528,False,True
60690870,0.20880000,5464.90000000,103499011,103499014,1782868217938528,False,True
60690871,0.20890000,1667.70000000,103499015,103499017,1782868217938528,False,True
60690872,0.20890000,87.20000000,103499018,103499018,1782868217963178,False,True
60690873,0.20890000,176.40000000,103499019,103499021,1782868223572983,False,True
60690874,0.20880000,25.00000000,103499022,103499022,1782868227906220,True,True
60690875,0.20870000,51.40000000,103499023,103499024,1782868227906220,True,True
60690876,0.20860000,31.50000000,103499025,103499025,1782868228049040,True,True
60690877,0.20860000,68.20000000,103499026,103499028,1782868228051034,True,True
60690878,0.20860000,57.50000000,103499029,103499030,1782868235247874,True,True
60690879,0.20850000,83.20000000,103499031,103499033,1782868238152598,True,True
60690880,0.20840000,51.40000000,103499034,103499035,1782868238859684,True,True
60690881,0.20830000,202.50000000,103499036,103499038,1782868238897874,True,True
60690882,0.20830000,25.00000000,103499039,103499039,1782868244891740,True,True
60690883,0.20820000,1614.70000000,103499040,103499042,1782868247546737,True,True
60690884,0.20820000,77.30000000,103499043,103499043,1782868248036171,False,True
60690885,0.20820000,27.80000000,103499044,103499044,1782868251822800,True,True
60690886,0.20810000,82.70000000,103499045,103499047,1782868257084081,True,True
60690887,0.20800000,1048.60000000,103499048,103499051,1782868257248810,True,True
60690888,0.20810000,60.90000000,103499052,103499052,1782868257820064,False,True
60690889,0.20810000,82.40000000,103499053,103499053,1782868257832650,False,True
60690890,0.20810000,197.80000000,103499054,103499055,1782868266200031,False,True
60690891,0.20820000,51.60000000,103499056,103499057,1782868268930372,False,True
60690892,0.20810000,107.10000000,103499058,103499060,1782868273897254,True,True
60690893,0.20800000,74.20000000,103499061,103499063,1782868273915044,True,True
60690894,0.20800000,177.40000000,103499064,103499064,1782868273915905,True,True
60690895,0.20810000,75.30000000,103499065,103499066,1782868290622998,False,True
60690896,0.20800000,72.00000000,103499067,103499068,1782868303341979,True,True
60690897,0.20790000,255.60000000,103499069,103499072,1782868304698879,True,True
60690898,0.20810000,51.60000000,103499073,103499074,1782868319830287,False,True
60690899,0.20820000,51.60000000,103499075,103499076,1782868321843884,False,True
60690900,0.20820000,540.00000000,103499077,103499077,1782868341384263,False,True
60690901,0.20810000,90.20000000,103499078,103499079,1782868344432890,True,True
60690902,0.20800000,51.60000000,103499080,103499081,1782868353648382,True,True
60690903,0.20790000,79.50000000,103499082,103499084,1782868362900227,True,True
60690904,0.20780000,251.50000000,103499085,103499087,1782868364633814,True,True
60690905,0.20770000,251.50000000,103499088,103499090,1782868364937068,True,True
60690906,0.20760000,1403.40000000,103499091,103499095,1782868365042561,True,True
60690907,0.20750000,2219.40000000,103499096,103499099,1782868365077668,True,True
60690908,0.20750000,1133.30000000,103499100,103499100,1782868365078145,True,True
60690909,0.20750000,711.00000000,103499101,103499101,1782868365079868,True,True
60690910,0.20740000,25.00000000,103499102,103499102,1782868365406323,True,True
60690911,0.20760000,81.80000000,103499103,103499103,1782868365569876,False,True
60690912,0.20740000,178.30000000,103499104,103499107,1782868365627558,True,True
60690913,0.20740000,647.70000000,103499108,103499108,1782868365637665,True,True
60690914,0.20730000,1638.10000000,103499109,103499113,1782868365717658,True,True
60690915,0.20720000,395.00000000,103499114,103499117,1782868365942526,True,True
60690916,0.20710000,51.60000000,103499118,103499119,1782868365997174,True,True
60690917,0.20700000,174.90000000,103499120,103499123,1782868366045610,True,True
60690918,0.20690000,105.90000000,103499124,103499126,1782868366597939,True,True
60690919,0.20710000,267.70000000,103499127,103499128,1782868367966835,False,True
60690920,0.20700000,437.20000000,103499129,103499130,1782868372562268,True,True
60690921,0.20700000,1736.90000000,103499131,103499133,1782868372577399,True,True
60690922,0.20710000,48.20000000,103499134,103499135,1782868373264683,False,True
60690923,0.20700000,68.00000000,103499136,103499136,1782868373398674,True,True
60690924,0.20700000,68.00000000,103499137,103499137,1782868373398801,True,True
60690925,0.20690000,68.00000000,103499138,103499140,1782868373398942,True,True
60690926,0.20690000,68.00000000,103499141,103499141,1782868373399174,True,True
60690927,0.20680000,602.20000000,103499142,103499145,1782868375749135,True,True
60690928,0.20670000,79.60000000,103499146,103499148,1782868379175536,True,True
60690929,0.20680000,25.30000000,103499149,103499149,1782868380019601,False,True
60690930,0.20680000,66.00000000,103499150,103499151,1782868383476659,False,True
60690931,0.20670000,70.70000000,103499152,103499152,1782868387983247,False,True
60690932,0.20660000,51.70000000,103499153,103499154,1782868390388243,True,True
60690933,0.20670000,28.90000000,103499155,103499155,1782868390639559,False,True
60690934,0.20670000,53.80000000,103499156,103499156,1782868391922794,False,True
60690935,0.20670000,270.00000000,103499157,103499157,1782868393450752,False,True
60690936,0.20650000,434.10000000,103499158,103499160,1782868393674828,True,True
60690937,0.20640000,83.80000000,103499161,103499163,1782868393690532,True,True
60690938,0.20630000,255.00000000,103499164,103499166,1782868393711615,True,True
60690939,0.20630000,202.50000000,103499167,103499167,1782868393712588,True,True
60690940,0.20630000,134.10000000,103499168,103499168,1782868393727365,True,True
60690941,0.20620000,116.00000000,103499169,103499171,1782868393727365,True,True
60690942,0.20610000,51.70000000,103499172,103499173,1782868393743618,True,True
60690943,0.20600000,1540.30000000,103499174,103499178,1782868393743618,True,True
60690944,0.20610000,722.00000000,103499179,103499180,1782868393745884,False,True
60690945,0.20590000,68.00000000,103499181,103499183,1782868393759994,True,True
60690946,0.20580000,66.00000000,103499184,103499185,1782868393784884,True,True
60690947,0.20580000,97.00000000,103499186,103499188,1782868393791326,True,True
60690948,0.20580000,97.00000000,103499189,103499189,1782868393820061,True,True
60690949,0.20600000,83.00000000,103499190,103499190,1782868393848135,False,True
60690950,0.20570000,199.00000000,103499191,103499193,1782868393860227,True,True
60690951,0.20570000,199.00000000,103499194,103499194,1782868393860288,True,True
60690952,0.20570000,199.00000000,103499195,103499196,1782868393860820,True,True
60690953,0.20570000,199.00000000,103499197,103499197,1782868393861280,True,True
60690954,0.20570000,2400.00000000,103499198,103499199,1782868393870290,True,True
60690955,0.20570000,818.40000000,103499200,103499200,1782868393870294,True,True
60690956,0.20590000,200.00000000,103499201,103499201,1782868393878688,False,True
60690957,0.20570000,68.00000000,103499202,103499202,1782868393899535,True,True
60690958,0.20560000,203.00000000,103499203,103499204,1782868393901886,True,True
60690959,0.20560000,326.00000000,103499205,103499205,1782868393956795,True,True
60690960,0.20560000,174.00000000,103499206,103499208,1782868393958368,True,True
60690961,0.20560000,174.00000000,103499209,103499209,1782868393958633,True,True
60690962,0.20560000,174.00000000,103499210,103499210,1782868393958840,True,True
60690963,0.20560000,1132.80000000,103499211,103499211,1782868393959007,True,True
60690964,0.20570000,540.00000000,103499212,103499212,1782868393966205,False,True
60690965,0.20580000,125.00000000,103499213,103499213,1782868393966205,False,True
60690966,0.20550000,74.00000000,103499214,103499216,1782868393968826,True,True
60690967,0.20550000,74.00000000,103499217,103499217,1782868393968887,True,True
60690968,0.20540000,74.00000000,103499218,103499220,1782868393969102,True,True
60690969,0.20540000,74.00000000,103499221,103499221,1782868393972195,True,True
60690970,0.20540000,97.00000000,103499222,103499222,1782868393973943,True,True
60690971,0.20530000,56.00000000,103499223,103499225,1782868394041523,True,True
60690972,0.20520000,67.00000000,103499226,103499228,1782868394054844,True,True
60690973,0.20520000,1951.20000000,103499229,103499230,1782868394054844,True,True
60690974,0.20520000,340.00000000,103499231,103499231,1782868394055061,True,True
60690975,0.20520000,67.00000000,103499232,103499232,1782868394059404,True,True
60690976,0.20520000,3667.20000000,103499233,103499235,1782868394064299,True,True
60690977,0.20520000,2522.80000000,103499236,103499237,1782868394068797,True,True
60690978,0.20510000,950.60000000,103499238,103499241,1782868394105201,True,True
60690979,0.20510000,2277.20000000,103499242,103499243,1782868394105212,True,True
60690980,0.20500000,202.50000000,103499244,103499246,1782868394110164,True,True
60690981,0.20510000,48.70000000,103499247,103499247,1782868394114923,False,True
60690982,0.20500000,3360.20000000,103499248,103499249,1782868394126156,True,True
60690983,0.20490000,3279.20000000,103499250,103499255,1782868394135551,True,True
60690984,0.20480000,106.40000000,103499256,103499258,1782868394138309,True,True
60690985,0.20470000,1412.00000000,103499259,103499265,1782868394138309,True,True
60690986,0.20460000,95.00000000,103499266,103499266,1782868394138383,True,True
60690987,0.20460000,95.00000000,103499267,103499269,1782868394138570,True,True
60690988,0.20480000,340.00000000,103499270,103499270,1782868394138754,True,True
60690989,0.20490000,235.00000000,103499271,103499271,1782868394156611,False,True
60690990,0.20480000,1518.40000000,103499272,103499272,1782868394180956,True,True
60690991,0.20490000,319.00000000,103499273,103499273,1782868394198249,False,True
60690992,0.20490000,221.00000000,103499274,103499274,1782868394198835,False,True
60690993,0.20480000,540.00000000,103499275,103499275,1782868394205348,True,True
60690994,0.20490000,84.00000000,103499276,103499276,1782868394222493,False,True
60690995,0.20490000,228.00000000,103499277,103499278,1782868394224822,False,True
60690996,0.20490000,265.00000000,103499279,103499279,1782868394226756,False,True
60690997,0.20490000,166.00000000,103499280,103499280,1782868394230686,False,True
60690998,0.20490000,98.00000000,103499281,103499281,1782868394234866,False,True
60690999,0.20500000,1225.80000000,103499282,103499282,1782868394252051,False,True
60691000,0.20500000,294.80000000,103499283,103499283,1782868394252277,False,True
60691001,0.20480000,68.00000000,103499284,103499284,1782868394255632,True,True
60691002,0.20480000,68.00000000,103499285,103499285,1782868394256453,True,True
60691003,0.20480000,68.00000000,103499286,103499286,1782868394256798,True,True
60691004,0.20490000,98.00000000,103499287,103499287,1782868394260309,False,True
60691005,0.20490000,62.00000000,103499288,103499288,1782868394261308,False,True
60691006,0.20480000,31.90000000,103499289,103499289,1782868394294593,True,True
60691007,0.20490000,62.00000000,103499290,103499290,1782868394333889,False,True
60691008,0.20490000,62.00000000,103499291,103499291,1782868394334353,False,True
60691009,0.20490000,62.00000000,103499292,103499292,1782868394335591,False,True
60691010,0.20490000,62.00000000,103499293,103499293,1782868394337092,False,True
60691011,0.20500000,2681.30000000,103499294,103499295,1782868394447403,False,True
60691012,0.20500000,1768.30000000,103499296,103499296,1782868394452130,False,True
60691013,0.20510000,1736.30000000,103499297,103499298,1782868394532884,False,True
60691014,0.20510000,1242.70000000,103499299,103499299,1782868394537034,False,True
60691015,0.20520000,55.70000000,103499300,103499302,1782868394551966,False,True
60691016,0.20520000,71.00000000,103499303,103499303,1782868394559534,False,True
60691017,0.20520000,1054.00000000,103499304,103499304,1782868394589360,False,True
60691018,0.20520000,1726.10000000,103499305,103499305,1782868394592414,False,True
60691019,0.20530000,25.50000000,103499306,103499306,1782868394627091,False,True
60691020,0.20540000,1744.40000000,103499307,103499309,1782868394627091,False,True
60691021,0.20520000,68.00000000,103499310,103499310,1782868394656560,True,True
60691022,0.20520000,68.00000000,103499311,103499311,1782868394656849,True,True
60691023,0.20520000,68.00000000,103499312,103499312,1782868394656984,True,True
60691024,0.20540000,851.80000000,103499313,103499314,1782868394786309,False,True
60691025,0.20540000,697.50000000,103499315,103499315,1782868394786394,False,True
60691026,0.20520000,1203.00000000,103499316,103499317,1782868394787813,True,True
60691027,0.20550000,1180.60000000,103499318,103499320,1782868395268187,False,True
60691028,0.20550000,1112.40000000,103499321,103499321,1782868395272116,False,True
60691029,0.20560000,25.40000000,103499322,103499322,1782868395804339,False,True
60691030,0.20570000,52.20000000,103499323,103499324,1782868396088326,False,True
60691031,0.20580000,52.20000000,103499325,103499326,1782868396096845,False,True
60691032,0.20590000,25.40000000,103499327,103499327,1782868396266539,False,True
60691033,0.20590000,25.40000000,103499328,103499328,1782868397557335,False,True
60691034,0.20580000,33.00000000,103499329,103499329,1782868398021807,True,True
60691035,0.20570000,25.40000000,103499330,103499330,1782868398104133,True,True
60691036,0.20560000,1981.80000000,103499331,103499334,1782868398104133,True,True
60691037,0.20550000,4237.60000000,103499335,103499337,1782868398104723,True,True
60691038,0.20550000,186.00000000,103499338,103499340,1782868398115705,False,True
60691039,0.20550000,2725.80000000,103499341,103499341,1782868398118825,False,True
60691040,0.20560000,565.40000000,103499342,103499343,1782868398137897,False,True
60691041,0.20550000,540.00000000,103499344,103499344,1782868398150284,False,True
60691042,0.20550000,647.60000000,103499345,103499345,1782868398152092,False,True
60691043,0.20550000,998.20000000,103499346,103499346,1782868398152533,False,True
60691044,0.20540000,52.20000000,103499347,103499348,1782868398453742,True,True
60691045,0.20530000,15.80000000,103499349,103499349,1782868398453742,True,True
60691046,0.20530000,36.40000000,103499350,103499351,1782868398454577,True,True
60691047,0.20520000,38.60000000,103499352,103499353,1782868398454577,True,True
60691048,0.20520000,75.00000000,103499354,103499355,1782868398454854,True,True
60691049,0.20510000,75.00000000,103499356,103499358,1782868398455629,True,True
60691050,0.20530000,45.00000000,103499359,103499359,1782868398461729,True,True
60691051,0.20530000,85.00000000,103499360,103499360,1782868398464558,True,True
60691052,0.20530000,98.00000000,103499361,103499361,1782868398468325,True,True
60691053,0.20530000,98.00000000,103499362,103499362,1782868398479477,True,True
60691054,0.20540000,267.50000000,103499363,103499364,1782868398837929,False,True
60691055,0.20550000,5496.60000000,103499365,103499367,1782868398862348,False,True
60691056,0.20550000,54.00000000,103499368,103499368,1782868399107864,True,True
60691057,0.20560000,25.40000000,103499369,103499369,1782868399367216,False,True
60691058,0.20570000,52.20000000,103499370,103499371,1782868399449199,False,True
60691059,0.20580000,29.20000000,103499372,103499373,1782868399783749,False,True
60691060,0.20580000,23.00000000,103499374,103499374,1782868400131328,False,True
60691061,0.20590000,153.00000000,103499375,103499377,1782868400131328,False,True
60691062,0.20590000,159.20000000,103499378,103499378,1782868400131591,False,True
60691063,0.20600000,191.00000000,103499379,103499379,1782868400131786,False,True
60691064,0.20600000,165.00000000,103499380,103499380,1782868400131802,False,True
60691065,0.20600000,48.50000000,103499381,103499382,1782868400283706,False,True
60691066,0.20580000,25.40000000,103499383,103499383,1782868400915281,True,True
60691067,0.20580000,73.80000000,103499384,103499384,1782868400962527,True,True
60691068,0.20570000,52.20000000,103499385,103499386,1782868401292186,True,True
60691069,0.20560000,25.30000000,103499387,103499387,1782868401554679,True,True
60691070,0.20560000,26.90000000,103499388,103499389,1782868403662033,True,True
60691071,0.20550000,52.20000000,103499390,103499391,1782868404234007,True,True
60691072,0.20540000,52.20000000,103499392,103499393,1782868405241020,True,True
60691073,0.20530000,26.80000000,103499394,103499394,1782868405311160,True,True
60691074,0.20540000,25.40000000,103499395,103499395,1782868406208502,False,True
60691075,0.20550000,52.20000000,103499396,103499397,1782868406704238,False,True
60691076,0.20550000,540.00000000,103499398,103499398,1782868409761711,True,True
60691077,0.20550000,29.10000000,103499399,103499399,1782868410574612,False,True
60691078,0.20540000,1229.80000000,103499400,103499400,1782868411648635,True,True
60691079,0.20540000,777.40000000,103499401,103499401,1782868411648729,True,True
60691080,0.20560000,52.20000000,103499402,103499403,1782868413184265,False,True
60691081,0.20550000,53.50000000,103499404,103499405,1782868415066425,True,True
60691082,0.20540000,71.00000000,103499406,103499408,1782868415067781,True,True
60691083,0.20540000,71.00000000,103499409,103499409,1782868415067950,True,True
60691084,0.20540000,71.00000000,103499410,103499410,1782868415069439,True,True
60691085,0.20540000,71.00000000,103499411,103499411,1782868415074662,True,True
60691086,0.20560000,25.30000000,103499412,103499412,1782868418072177,False,True
60691087,0.20560000,0.10000000,103499413,103499413,1782868420976801,False,True
60691088,0.20570000,52.20000000,103499414,103499415,1782868420976801,False,True
60691089,0.20560000,711.20000000,103499416,103499417,1782868422830251,True,True
60691090,0.20570000,540.00000000,103499418,103499418,1782868424805869,False,True
60691091,0.20580000,625.10000000,103499419,103499422,1782868424805869,False,True
60691092,0.20590000,52.20000000,103499423,103499424,1782868427524043,False,True
60691093,0.20590000,314.60000000,103499425,103499425,1782868428005104,True,True
60691094,0.20600000,29.00000000,103499426,103499427,1782868429060267,False,True
60691095,0.20610000,52.10000000,103499428,103499429,1782868429531838,False,True
60691096,0.20610000,202.50000000,103499430,103499430,1782868429647364,True,True
60691097,0.20620000,148.40000000,103499431,103499434,1782868430030304,False,True
60691098,0.20620000,49.90000000,103499435,103499435,1782868430069505,True,True
60691099,0.20630000,52.00000000,103499436,103499437,1782868430086113,False,True
60691100,0.20640000,52.00000000,103499438,103499439,1782868433925252,False,True
60691101,0.20650000,52.10000000,103499440,103499441,1782868434328972,False,True
60691102,0.20660000,52.00000000,103499442,103499443,1782868436730817,False,True
60691103,0.20670000,52.00000000,103499444,103499445,1782868437021088,False,True
60691104,0.20680000,51.90000000,103499446,103499447,1782868437352912,False,True
60691105,0.20690000,51.90000000,103499448,103499449,1782868437574798,False,True
60691106,0.20690000,178.20000000,103499450,103499450,1782868437825740,True,True
60691107,0.20700000,106.80000000,103499451,103499453,1782868440710721,False,True
60691108,0.20710000,51.80000000,103499454,103499455,1782868441398866,False,True
60691109,0.20720000,51.80000000,103499456,103499457,1782868441563983,False,True
60691110,0.20720000,75.80000000,103499458,103499458,1782868442128206,True,True
60691111,0.20730000,51.80000000,103499459,103499460,1782868443681090,False,True
60691112,0.20740000,116.10000000,103499461,103499463,1782868445423094,False,True
60691113,0.20750000,31.90000000,103499464,103499465,1782868445523580,False,True
60691114,0.20730000,179.40000000,103499466,103499468,1782868448774100,True,True
60691115,0.20720000,251.80000000,103499469,103499471,1782868451411981,True,True
60691116,0.20720000,29.00000000,103499472,103499472,1782868452396021,False,True
60691117,0.20710000,51.80000000,103499473,103499474,1782868453832395,True,True
60691118,0.20720000,202.50000000,103499475,103499475,1782868459691671,False,True
60691119,0.20730000,25.20000000,103499476,103499476,1782868462382270,False,True
60691120,0.20740000,51.80000000,103499477,103499478,1782868462382270,False,True
60691121,0.20750000,199.00000000,103499479,103499479,1782868462382270,False,True
60691122,0.20750000,37.00000000,103499480,103499480,1782868462382507,False,True
60691123,0.20750000,239.00000000,103499481,103499481,1782868462382631,False,True
60691124,0.20750000,286.00000000,103499482,103499485,1782868462384369,False,True
60691125,0.20730000,55.60000000,103499486,103499487,1782868467794043,True,True
60691126,0.20740000,1077.00000000,103499488,103499491,1782868468173614,False,True
60691127,0.20750000,4426.30000000,103499492,103499496,1782868468173614,False,True
60691128,0.20760000,275.20000000,103499497,103499497,1782868468173614,False,True
60691129,0.20720000,51.80000000,103499498,103499499,1782868472315912,True,True
60691130,0.20710000,51.80000000,103499500,103499501,1782868473222580,True,True
60691131,0.20700000,51.80000000,103499502,103499503,1782868476673249,True,True
60691132,0.20700000,31.70000000,103499504,103499504,1782868478677154,True,True
60691133,0.20700000,53.10000000,103499505,103499506,1782868484832642,True,True
60691134,0.20690000,51.80000000,103499507,103499508,1782868485392967,True,True
60691135,0.20690000,77.40000000,103499509,103499509,1782868486297281,False,True
60691136,0.20680000,591.70000000,103499510,103499512,1782868486443444,True,True
60691137,0.20690000,29.00000000,103499513,103499513,1782868486841237,False,True
60691138,0.20680000,156.60000000,103499514,103499514,1782868487373412,True,True
60691139,0.20710000,51.80000000,103499515,103499516,1782868491531722,False,True
60691140,0.20720000,51.80000000,103499517,103499518,1782868493078693,False,True
60691141,0.20730000,51.80000000,103499519,103499520,1782868499707340,False,True
60691142,0.20740000,51.80000000,103499521,103499522,1782868500118121,False,True
60691143,0.20750000,51.80000000,103499523,103499524,1782868500779015,False,True
60691144,0.20760000,51.70000000,103499525,103499526,1782868501403662,False,True
60691145,0.20770000,51.70000000,103499527,103499528,1782868502833165,False,True
60691146,0.20770000,81.80000000,103499529,103499529,1782868503621010,True,True
60691147,0.20780000,51.60000000,103499530,103499531,1782868504062106,False,True
60691148,0.20780000,51.60000000,103499532,103499533,1782868507313081,False,True
60691149,0.20790000,2221.80000000,103499534,103499537,1782868507542109,False,True
60691150,0.20790000,29.10000000,103499538,103499538,1782868507799816,True,True
60691151,0.20800000,51.60000000,103499539,103499540,1782868507936762,False,True
60691152,0.20810000,51.60000000,103499541,103499542,1782868509091220,False,True
60691153,0.20820000,51.60000000,103499543,103499544,1782868510388937,False,True
60691154,0.20830000,225.10000000,103499545,103499548,1782868510929862,False,True
60691155,0.20840000,51.50000000,103499549,103499550,1782868511105683,False,True
60691156,0.20840000,146.60000000,103499551,103499551,1782868511586737,True,True
60691157,0.20830000,25.00000000,103499552,103499552,1782868511996198,True,True
60691158,0.20820000,4.00000000,103499553,103499553,1782868511996198,True,True
60691159,0.20820000,47.50000000,103499554,103499555,1782868512518053,True,True
60691160,0.20810000,51.60000000,103499556,103499557,1782868513709265,True,True
60691161,0.20800000,96.90000000,103499558,103499560,1782868514646179,True,True
60691162,0.20810000,25.10000000,103499561,103499561,1782868516054612,False,True
60691163,0.20820000,99.10000000,103499562,103499564,1782868516066377,False,True
60691164,0.20830000,51.60000000,103499565,103499566,1782868518719050,False,True
60691165,0.20840000,478.10000000,103499567,103499569,1782868518896893,False,True
60691166,0.20840000,113.30000000,103499570,103499570,1782868518899046,False,True
60691167,0.20850000,51.50000000,103499571,103499572,1782868525395649,False,True
60691168,0.20830000,101.90000000,103499573,103499575,1782868529113464,True,True
60691169,0.20820000,48.50000000,103499576,103499577,1782868532156274,True,True
60691170,0.20820000,30.80000000,103499578,103499579,1782868534477497,True,True
60691171,0.20810000,4.20000000,103499580,103499580,1782868534477497,True,True
60691172,0.20810000,35.00000000,103499581,103499582,1782868534477631,True,True
60691173,0.20810000,12.40000000,103499583,103499583,1782868534479257,True,True
60691174,0.20820000,25.10000000,103499584,103499584,1782868543183235,False,True
60691175,0.20830000,51.60000000,103499585,103499586,1782868543183235,False,True
60691176,0.20810000,79.40000000,103499587,103499589,1782868548833102,True,True
60691177,0.20800000,51.60000000,103499590,103499591,1782868557763200,True,True
60691178,0.20790000,51.60000000,103499592,103499593,1782868561306868,True,True
60691179,0.20780000,51.60000000,103499594,103499595,1782868562541870,True,True
60691180,0.20770000,51.60000000,103499596,103499597,1782868565103028,True,True
60691181,0.20760000,215.40000000,103499598,103499600,1782868568529718,True,True
60691182,0.20770000,1543.40000000,103499601,103499602,1782868568808735,False,True
60691183,0.20750000,51.70000000,103499603,103499604,1782868569002302,True,True
60691184,0.20740000,49.40000000,103499605,103499606,1782868577562217,True,True
60691185,0.20740000,2.30000000,103499607,103499607,1782868578265299,True,True
60691186,0.20730000,51.80000000,103499608,103499609,1782868578521759,True,True
60691187,0.20720000,51.80000000,103499610,103499611,1782868580717149,True,True
60691188,0.20710000,79.70000000,103499612,103499614,1782868583607145,True,True
60691189,0.20700000,51.80000000,103499615,103499616,1782868592980846,True,True
60691190,0.20690000,25.20000000,103499617,103499617,1782868593129088,True,True
60691191,0.20680000,111.00000000,103499618,103499621,1782868602945385,True,True
60691192,0.20670000,51.90000000,103499622,103499623,1782868608337492,True,True
60691193,0.20680000,52.80000000,103499624,103499625,1782868614234039,False,True
60691194,0.20690000,51.90000000,103499626,103499627,1782868628449292,False,True
60691195,0.20700000,51.90000000,103499628,103499629,1782868629234870,False,True
60691196,0.20710000,51.80000000,103499630,103499631,1782868630581964,False,True
60691197,0.20720000,51.80000000,103499632,103499633,1782868639833470,False,True
60691198,0.20730000,51.80000000,103499634,103499635,1782868640327562,False,True
60691199,0.20740000,51.80000000,103499636,103499637,1782868640754724,False,True
60691200,0.20750000,258.00000000,103499638,103499638,1782868640754776,False,True
60691201,0.20750000,216.00000000,103499639,103499639,1782868640755031,False,True
60691202,0.20750000,117.80000000,103499640,103499642,1782868640755037,False,True
60691203,0.20760000,92.20000000,103499643,103499643,1782868640755037,False,True
60691204,0.20730000,125.90000000,103499644,103499646,1782868651231460,True,True
60691205,0.20720000,51.80000000,103499647,103499648,1782868654707727,True,True
60691206,0.20710000,51.80000000,103499649,103499650,1782868657267141,True,True
60691207,0.20700000,51.80000000,103499651,103499652,1782868658495266,True,True
60691208,0.20700000,242.50000000,103499653,103499653,1782868659401213,False,True
60691209,0.20710000,25.20000000,103499654,103499654,1782868670049800,False,True
60691210,0.20720000,51.80000000,103499655,103499656,1782868670049800,False,True
60691211,0.20730000,51.80000000,103499657,103499658,1782868672003363,False,True
60691212,0.20740000,51.80000000,103499659,103499660,1782868678829937,False,True
60691213,0.20730000,75.50000000,103499661,103499662,1782868681997144,True,True
60691214,0.20750000,51.80000000,103499663,103499664,1782868696225905,False,True
60691215,0.20750000,95.20000000,103499665,103499666,1782868697166419,True,True
60691216,0.20760000,51.70000000,103499667,103499668,1782868703435877,False,True
60691217,0.20760000,2045.60000000,103499669,103499670,1782868709651146,False,True
60691218,0.20770000,5018.10000000,103499671,103499676,1782868709651146,False,True
60691219,0.20750000,25.10000000,103499677,103499677,1782868709701640,True,True
60691220,0.20780000,51.60000000,103499678,103499679,1782868715902011,False,True
60691221,0.20790000,51.60000000,103499680,103499681,1782868719785691,False,True
60691222,0.20780000,66.50000000,103499682,103499683,1782868725918218,True,True
60691223,0.20800000,1837.40000000,103499684,103499686,1782868747857259,False,True
60691224,0.20800000,208.10000000,103499687,103499687,1782868747858438,False,True
60691225,0.20810000,51.60000000,103499688,103499689,1782868749730184,False,True
60691226,0.20820000,51.60000000,103499690,103499691,1782868762286347,False,True
60691227,0.20830000,82.80000000,103499692,103499694,1782868770039123,False,True
60691228,0.20840000,2409.90000000,103499695,103499697,1782868776320522,False,True
60691229,0.20840000,920.50000000,103499698,103499698,1782868776324716,False,True
60691230,0.20850000,51.50000000,103499699,103499700,1782868776427937,False,True
60691231,0.20850000,741.00000000,103499701,103499702,1782868777130083,True,True
60691232,0.20840000,2564.50000000,103499703,103499704,1782868777130083,True,True
60691233,0.20850000,540.00000000,103499705,103499705,1782868777824023,False,True
60691234,0.20860000,419.00000000,103499706,103499708,1782868777824023,False,True
60691235,0.20830000,117.80000000,103499709,103499710,1782868783526700,True,True
60691236,0.20820000,51.50000000,103499711,103499712,1782868785950690,True,True
60691237,0.20830000,45.70000000,103499713,103499713,1782868790025923,False,True
60691238,0.20830000,250.00000000,103499714,103499714,1782868819518614,False,True
60691239,0.20810000,673.20000000,103499715,103499718,1782868821247593,True,True
60691240,0.20800000,51.60000000,103499719,103499720,1782868823668888,True,True
60691241,0.20790000,145.80000000,103499721,103499723,1782868832963463,True,True
60691242,0.20810000,25.10000000,103499724,103499724,1782868839480498,False,True
60691243,0.20820000,51.60000000,103499725,103499726,1782868839480498,False,True
60691244,0.20830000,230.00000000,103499727,103499729,1782868839490088,False,True
60691245,0.20830000,177.00000000,103499730,103499730,1782868839490884,False,True
60691246,0.20830000,269.00000000,103499731,103499731,1782868839490886,False,True
60691247,0.20830000,247.00000000,103499732,103499732,1782868839490887,False,True
60691248,0.20830000,267.00000000,103499733,103499733,1782868839490930,False,True
60691249,0.20830000,104.00000000,103499734,103499734,1782868839491036,False,True
60691250,0.20810000,75.00000000,103499735,103499736,1782868851217821,True,True
60691251,0.20800000,51.60000000,103499737,103499738,1782868857678649,True,True
60691252,0.20810000,25.10000000,103499739,103499739,1782868868839792,False,True
60691253,0.20820000,146.90000000,103499740,103499740,1782868868839792,False,True
60691254,0.20820000,51.60000000,103499741,103499742,1782868868840329,False,True
60691255,0.20830000,114.40000000,103499743,103499743,1782868868840329,False,True
60691256,0.20830000,183.00000000,103499744,103499744,1782868868841175,False,True
60691257,0.20830000,51.60000000,103499745,103499746,1782868868843378,False,True
60691258,0.20830000,56.40000000,103499747,103499747,1782868883300348,True,True
60691259,0.20840000,51.50000000,103499748,103499749,1782868889136450,False,True
60691260,0.20830000,52.70000000,103499750,103499751,1782868899460507,True,True
60691261,0.20820000,51.50000000,103499752,103499753,1782868901508734,True,True
60691262,0.20810000,51.50000000,103499754,103499755,1782868903477615,True,True
60691263,0.20800000,591.50000000,103499756,103499758,1782868904512763,True,True
60691264,0.20790000,2297.30000000,103499759,103499762,1782868904512763,True,True
60691265,0.20810000,133.40000000,103499763,103499764,1782868926252077,False,True
60691266,0.20820000,51.60000000,103499765,103499766,1782868934954392,False,True
60691267,0.20830000,591.60000000,103499767,103499769,1782868942812704,False,True
60691268,0.20840000,632.60000000,103499770,103499772,1782868942812704,False,True
60691269,0.20840000,479.80000000,103499773,103499774,1782868949662952,False,True
60691270,0.20850000,51.50000000,103499775,103499776,1782868951105998,False,True
60691271,0.20860000,105.80000000,103499777,103499779,1782868962542328,False,True
60691272,0.20870000,115.40000000,103499780,103499782,1782868962936692,False,True
60691273,0.20880000,591.40000000,103499783,103499785,1782868962936692,False,True
60691274,0.20880000,29.00000000,103499786,103499786,1782868963304082,True,True
60691275,0.20880000,133.60000000,103499787,103499787,1782868964774865,True,True
60691276,0.20880000,89.70000000,103499788,103499788,1782868964782358,True,True
60691277,0.20880000,40.50000000,103499789,103499789,1782868964792509,True,True
60691278,0.20870000,19.60000000,103499790,103499790,1782868964792509,True,True
60691279,0.20880000,31.50000000,103499791,103499791,1782868970749730,True,True
60691280,0.20860000,173.50000000,103499792,103499794,1782868980070763,True,True
60691281,0.20850000,97.40000000,103499795,103499797,1782869013305844,True,True
60691282,0.20840000,131.50000000,103499798,103499800,1782869076277742,True,True
60691283,0.20830000,83.20000000,103499801,103499803,1782869077709318,True,True
60691284,0.20820000,102.30000000,103499804,103499806,1782869083624673,True,True
60691285,0.20810000,51.60000000,103499807,103499808,1782869088418984,True,True
60691286,0.20800000,51.60000000,103499809,103499810,1782869089227178,True,True
60691287,0.20810000,25.10000000,103499811,103499811,1782869103599927,False,True
60691288,0.20820000,1014.80000000,103499812,103499814,1782869103599927,False,True
60691289,0.20830000,51.60000000,103499815,103499816,1782869105897779,False,True
60691290,0.20820000,540.00000000,103499817,103499817,1782869122871468,False,True
60691291,0.20820000,5104.40000000,103499818,103499818,1782869122872678,True,True
60691292,0.20810000,95.80000000,103499819,103499820,1782869124402760,True,True
60691293,0.20800000,105.60000000,103499821,103499823,1782869158008213,True,True
60691294,0.20790000,51.60000000,103499824,103499825,1782869160131081,True,True
60691295,0.20780000,51.60000000,103499826,103499827,1782869162274879,True,True
60691296,0.20790000,353.20000000,103499828,103499829,1782869165353240,False,True
60691297,0.20800000,51.60000000,103499830,103499831,1782869173707217,False,True
60691298,0.20810000,591.60000000,103499832,103499834,1782869179272039,False,True
60691299,0.20820000,51.60000000,103499835,103499836,1782869205663335,False,True
60691300,0.20830000,51.60000000,103499837,103499838,1782869267887485,False,True
60691301,0.20840000,51.50000000,103499839,103499840,1782869276740904,False,True
60691302,0.20850000,51.50000000,103499841,103499842,1782869308561895,False,True
60691303,0.20860000,203.00000000,103499843,103499845,1782869310512529,False,True
60691304,0.20870000,51.40000000,103499846,103499847,1782869310641642,False,True
60691305,0.20870000,172.30000000,103499848,103499848,1782869316478753,True,True
60691306,0.20860000,108.60000000,103499849,103499850,1782869317592902,True,True
60691307,0.20850000,51.40000000,103499851,103499852,1782869318003842,True,True
60691308,0.20850000,27.80000000,103499853,103499853,1782869335302238,True,True
60691309,0.20860000,70.30000000,103499854,103499855,1782869378734308,False,True
60691310,0.20860000,74.50000000,103499856,103499856,1782869380755289,True,True
60691311,0.20850000,744.40000000,103499857,103499859,1782869387102360,True,True
60691312,0.20840000,4607.60000000,103499860,103499860,1782869400842193,True,True
60691313,0.20840000,2400.00000000,103499861,103499861,1782869400842331,True,True
60691314,0.20840000,14400.00000000,103499862,103499862,1782869400843560,True,True
60691315,0.20840000,2400.00000000,103499863,103499863,1782869400843637,True,True
60691316,0.20840000,25.40000000,103499864,103499864,1782869400845826,True,True
60691317,0.20840000,47.90000000,103499865,103499865,1782869400845858,True,True
60691318,0.20840000,347.80000000,103499866,103499866,1782869400847566,True,True
60691319,0.20840000,405.00000000,103499867,103499867,1782869400853943,True,True
60691320,0.20850000,3989.30000000,103499868,103499870,1782869400865683,False,True
60691321,0.20860000,825.00000000,103499871,103499873,1782869403850991,False,True
60691322,0.20870000,31.60000000,103499874,103499875,1782869405216031,False,True
60691323,0.20880000,153.00000000,103499876,103499878,1782869412311054,False,True
60691324,0.20880000,540.00000000,103499879,103499879,1782869413931951,True,True
60691325,0.20890000,51.40000000,103499880,103499881,1782869419313816,False,True
60691326,0.20900000,169.50000000,103499882,103499884,1782869420890765,False,True
60691327,0.20900000,29.00000000,103499885,103499885,1782869421449124,True,True
60691328,0.20910000,105.70000000,103499886,103499888,1782869424656699,False,True
60691329,0.20920000,51.30000000,103499889,103499890,1782869433780033,False,True
60691330,0.20930000,51.30000000,103499891,103499892,1782869442590241,False,True
60691331,0.20940000,51.20000000,103499893,103499894,1782869445298306,False,True
60691332,0.20940000,24.90000000,103499895,103499895,1782869464206384,False,True
60691333,0.20950000,615.10000000,103499896,103499899,1782869474587628,False,True
60691334,0.20950000,405.00000000,103499900,103499900,1782869475339259,True,True
60691335,0.20950000,429.10000000,103499901,103499901,1782869479613028,True,True
60691336,0.20950000,79.90000000,103499902,103499902,1782869479616222,True,True
60691337,0.20950000,429.10000000,103499903,103499904,1782869479867403,True,True
60691338,0.20930000,78.80000000,103499905,103499907,1782869492403297,True,True
60691339,0.20920000,51.20000000,103499908,103499909,1782869499889900,True,True
60691340,0.20910000,79.00000000,103499910,103499912,1782869513044122,True,True
60691341,0.20900000,51.40000000,103499913,103499914,1782869514314267,True,True
60691342,0.20910000,216.30000000,103499915,103499916,1782869522175110,False,True
60691343,0.20920000,591.30000000,103499917,103499919,1782869537416491,False,True
60691344,0.20930000,15495.30000000,103499920,103499925,1782869537416491,False,True
60691345,0.20930000,338.10000000,103499926,103499927,1782869571681807,True,True
60691346,0.20920000,473.80000000,103499928,103499928,1782869571885580,True,True
60691347,0.20920000,540.00000000,103499929,103499929,1782869587303223,False,True
60691348,0.20930000,5784.40000000,103499930,103499933,1782869587303223,False,True
60691349,0.20940000,6905.10000000,103499934,103499941,1782869587303425,False,True
60691350,0.20940000,1793.10000000,103499942,103499942,1782869587303466,False,True
60691351,0.20950000,9506.80000000,103499943,103499949,1782869587303466,False,True
60691352,0.20960000,2185.10000000,103499950,103499952,1782869587303466,False,True
60691353,0.20940000,465.00000000,103499953,103499953,1782869587304966,False,True
60691354,0.20950000,875.00000000,103499954,103499954,1782869587306237,False,True
60691355,0.20950000,313.00000000,103499955,103499955,1782869587306576,False,True
60691356,0.20950000,60.40000000,103499956,103499956,1782869587306621,False,True
60691357,0.20960000,3700.40000000,103499957,103499957,1782869587306621,False,True
60691358,0.20960000,3458.90000000,103499958,103499958,1782869587306706,False,True
60691359,0.20960000,3189.10000000,103499959,103499959,1782869587306716,False,True
60691360,0.20960000,334.00000000,103499960,103499960,1782869587306857,False,True
60691361,0.20960000,410.00000000,103499961,103499961,1782869587307912,False,True
60691362,0.20960000,682.90000000,103499962,103499962,1782869587308127,False,True
60691363,0.20960000,356.70000000,103499963,103499963,1782869587308237,False,True
60691364,0.20960000,465.00000000,103499964,103499964,1782869587309150,False,True
60691365,0.20960000,540.00000000,103499965,103499965,1782869587309399,False,True
60691366,0.20960000,47.00000000,103499966,103499966,1782869587309659,False,True
60691367,0.20960000,373.40000000,103499967,103499967,1782869587309893,False,True
60691368,0.20960000,43.30000000,103499968,103499969,1782869587310700,False,True
60691369,0.20970000,243.70000000,103499970,103499972,1782869587310700,False,True
60691370,0.20970000,35.00000000,103499973,103499973,1782869587310860,False,True
60691371,0.20960000,2874.30000000,103499974,103499974,1782869587352575,True,True
60691372,0.20970000,877.80000000,103499975,103499976,1782869587370139,False,True
60691373,0.20980000,1074.10000000,103499977,103499980,1782869587370139,False,True
60691374,0.20990000,654.70000000,103499981,103499984,1782869587494440,False,True
60691375,0.20990000,0.10000000,103499985,103499985,1782869587516914,False,True
60691376,0.20990000,540.00000000,103499986,103499986,1782869587587972,False,True
60691377,0.20990000,540.00000000,103499987,103499987,1782869587656994,False,True
60691378,0.21000000,2348.10000000,103499988,103499993,1782869587657377,False,True
60691379,0.21000000,1327.80000000,103499994,103499994,1782869587657596,False,True
60691380,0.21010000,440.60000000,103499995,103499998,1782869588048835,False,True
60691381,0.21010000,1624.10000000,103499999,103500000,1782869588048912,False,True
60691382,0.21010000,125.50000000,103500001,103500001,1782869588061623,True,True
60691383,0.21010000,63.30000000,103500002,103500002,1782869588066997,True,True
60691384,0.21010000,177.70000000,103500003,103500004,1782869588070565,True,True
60691385,0.21010000,320.80000000,103500005,103500005,1782869588070843,True,True
60691386,0.21010000,337.70000000,103500006,103500007,1782869588088892,True,True
60691387,0.21010000,2359.10000000,103500008,103500008,1782869588120334,False,True
60691388,0.21010000,242.50000000,103500009,103500009,1782869588478141,True,True
60691389,0.21000000,59.90000000,103500010,103500010,1782869588771277,True,True
60691390,0.21010000,295.40000000,103500011,103500012,1782869594720489,True,True
60691391,0.21000000,24.80000000,103500013,103500013,1782869594727413,True,True
60691392,0.20990000,1516.00000000,103500014,103500016,1782869594750635,True,True
60691393,0.20980000,48.20000000,103500017,103500018,1782869594896733,True,True
60691394,0.20970000,24.90000000,103500019,103500019,1782869602902001,True,True
60691395,0.20960000,78.80000000,103500020,103500022,1782869626138111,True,True
60691396,0.20950000,107.80000000,103500023,103500025,1782869633714635,True,True
60691397,0.20950000,3457.70000000,103500026,103500028,1782869641745987,True,True
60691398,0.20950000,1542.30000000,103500029,103500029,1782869641747197,False,True
60691399,0.20950000,845.40000000,103500030,103500030,1782869642252051,False,True
60691400,0.20940000,78.80000000,103500031,103500033,1782869656462219,True,True
60691401,0.20930000,51.20000000,103500034,103500035,1782869661086865,True,True
60691402,0.20920000,51.20000000,103500036,103500037,1782869664995728,True,True
60691403,0.20930000,33.80000000,103500038,103500038,1782869671467624,False,True
60691404,0.20930000,4398.50000000,103500039,103500040,1782869679655003,False,True
60691405,0.20930000,276.00000000,103500041,103500042,1782869680910720,True,True
60691406,0.20910000,1063.30000000,103500043,103500045,1782869687695958,True,True
60691407,0.20910000,828.40000000,103500046,103500046,1782869698229796,False,True
60691408,0.20920000,25.00000000,103500047,103500047,1782869702642914,False,True
60691409,0.20930000,304.30000000,103500048,103500050,1782869702942979,False,True
60691410,0.20930000,396.30000000,103500051,103500051,1782869703089714,True,True
60691411,0.20930000,4492.10000000,103500052,103500053,1782869753779126,False,True
60691412,0.20940000,51.20000000,103500054,103500055,1782869756613603,False,True
60691413,0.20940000,816.80000000,103500056,103500056,1782869756646013,False,True
60691414,0.20940000,123.10000000,103500057,103500057,1782869761500381,True,True
60691415,0.20940000,815.00000000,103500058,103500058,1782869771896742,False,True
60691416,0.20950000,863.20000000,103500059,103500061,1782869795698649,False,True
60691417,0.20940000,123.10000000,103500062,103500062,1782869823745269,False,True
60691418,0.20950000,464.10000000,103500063,103500063,1782869823797609,True,True
60691419,0.20940000,390.10000000,103500064,103500064,1782869828832979,True,True
60691420,0.20940000,104.20000000,103500065,103500065,1782869828834936,True,True
60691421,0.20930000,290.20000000,103500066,103500068,1782869837594965,True,True
60691422,0.20930000,4445.90000000,103500069,103500072,1782869848641215,True,True
60691423,0.20930000,554.10000000,103500073,103500073,1782869848642892,False,True
60691424,0.20940000,24.90000000,103500074,103500074,1782869884037438,False,True
60691425,0.20950000,256.10000000,103500075,103500077,1782869884037438,False,True
60691426,0.20960000,51.20000000,103500078,103500079,1782869891963922,False,True
60691427,0.20970000,1308.50000000,103500080,103500081,1782869908969082,False,True
60691428,0.20970000,43.40000000,103500082,103500083,1782869908976154,False,True
60691429,0.20980000,51.20000000,103500084,103500085,1782869908991111,False,True
60691430,0.20970000,1231.00000000,103500086,103500088,1782869918482550,True,True
60691431,0.20990000,820.90000000,103500089,103500091,1782869926260286,False,True
60691432,0.21000000,35.80000000,103500092,103500093,1782869926637782,False,True
60691433,0.21000000,35.80000000,103500094,103500095,1782869926637966,False,True
60691434,0.21000000,35.80000000,103500096,103500096,1782869926638361,False,True
60691435,0.21000000,901.10000000,103500097,103500097,1782869927708538,False,True
60691436,0.21010000,51.10000000,103500098,103500099,1782869930444746,False,True
60691437,0.21020000,202.50000000,103500100,103500102,1782869930447214,False,True
60691438,0.21010000,224.30000000,103500103,103500103,1782869931159820,True,True
60691439,0.21020000,1436.60000000,103500104,103500105,1782869935616105,False,True
60691440,0.21030000,714.20000000,103500106,103500109,1782869946150824,False,True
60691441,0.21040000,82.10000000,103500110,103500112,1782869946253361,False,True
60691442,0.21050000,51.00000000,103500113,103500114,1782869946403315,False,True
60691443,0.21060000,47.40000000,103500115,103500116,1782869946529753,False,True
60691444,0.21060000,3.60000000,103500117,103500117,1782869946613876,False,True
60691445,0.21060000,28.70000000,103500118,103500118,1782869947626778,True,True
60691446,0.21070000,51.00000000,103500119,103500120,1782869948396417,False,True
60691447,0.21070000,102.00000000,103500121,103500121,1782869949894941,True,True
60691448,0.21070000,43.20000000,103500122,103500122,1782869949897964,True,True
60691449,0.21070000,71.40000000,103500123,103500123,1782869957052687,True,True
60691450,0.21060000,24.80000000,103500124,103500124,1782869960186805,True,True
60691451,0.21050000,51.00000000,103500125,103500126,1782869960193809,True,True
60691452,0.21070000,24.80000000,103500127,103500127,1782869968881214,False,True
60691453,0.21080000,50.90000000,103500128,103500129,1782869968881214,False,True
60691454,0.21090000,145.30000000,103500130,103500133,1782869968881214,False,True
60691455,0.21090000,315.00000000,103500134,103500134,1782869968886277,False,True
60691456,0.21090000,428.00000000,103500135,103500136,1782869968886697,False,True
60691457,0.21100000,95.00000000,103500137,103500139,1782869968902155,False,True
60691458,0.21100000,95.00000000,103500140,103500140,1782869968905264,False,True
60691459,0.21100000,94.00000000,103500141,103500141,1782869968908653,False,True
60691460,0.21090000,42.90000000,103500142,103500142,1782869969129663,True,True
60691461,0.21080000,82.20000000,103500143,103500145,1782869974247144,True,True
60691462,0.21070000,50.90000000,103500146,103500147,1782869976008047,True,True
60691463,0.21060000,50.90000000,103500148,103500149,1782869978011758,True,True
60691464,0.21060000,384.00000000,103500150,103500150,1782869979996936,True,True
60691465,0.21070000,70.30000000,103500151,103500152,1782869985189264,False,True
60691466,0.21080000,50.90000000,103500153,103500154,1782869986828620,False,True
60691467,0.21070000,36.10000000,103500155,103500155,1782869997534631,True,True
60691468,0.21060000,51.00000000,103500156,103500157,1782869998024642,True,True
60691469,0.21050000,51.00000000,103500158,103500159,1782870000294073,True,True
60691470,0.21050000,472.50000000,103500160,103500160,1782870005174399,True,True
60691471,0.21040000,78.50000000,103500161,103500163,1782870031728123,True,True
60691472,0.21030000,78.50000000,103500164,103500166,1782870034915321,True,True
60691473,0.21040000,24.80000000,103500167,103500167,1782870052312677,False,True
60691474,0.21050000,34.50000000,103500168,103500169,1782870052312677,False,True
60691475,0.21050000,16.50000000,103500170,103500170,1782870052319265,False,True
60691476,0.21060000,284.50000000,103500171,103500173,1782870052319265,False,True
60691477,0.21060000,416.00000000,103500174,103500174,1782870052319699,False,True
60691478,0.21070000,51.00000000,103500175,103500176,1782870061484365,False,True
60691479,0.21070000,99.20000000,103500177,103500177,1782870067248253,True,True
60691480,0.21080000,47.40000000,103500178,103500179,1782870067490736,False,True
60691481,0.21080000,3.50000000,103500180,103500180,1782870067490759,False,True
60691482,0.21090000,24.80000000,103500181,103500181,1782870068155825,False,True
60691483,0.21100000,50.90000000,103500182,103500183,1782870068219468,False,True
60691484,0.21110000,50.80000000,103500184,103500185,1782870068324039,False,True
60691485,0.21120000,114.00000000,103500186,103500188,1782870068488463,False,True
60691486,0.21120000,63.40000000,103500189,103500189,1782870073781213,True,True
60691487,0.21110000,52.10000000,103500190,103500191,1782870095735400,True,True
60691488,0.21100000,156.90000000,103500192,103500194,1782870103031965,True,True
60691489,0.21090000,50.80000000,103500195,103500196,1782870104949233,True,True
60691490,0.21080000,720.00000000,103500197,103500202,1782870112155460,True,True
60691491,0.21070000,50.90000000,103500203,103500204,1782870120542540,True,True
60691492,0.21060000,125.00000000,103500205,103500207,1782870122391179,True,True
60691493,0.21070000,24.80000000,103500208,103500208,1782870208767337,False,True
60691494,0.21080000,95.00000000,103500209,103500209,1782870208782308,False,True
60691495,0.21080000,72.00000000,103500210,103500210,1782870208801032,False,True
60691496,0.21080000,95.00000000,103500211,103500211,1782870208823901,False,True
60691497,0.21080000,95.00000000,103500212,103500212,1782870208832303,False,True
60691498,0.21080000,2400.00000000,103500213,103500213,1782870212579798,False,True
60691499,0.21080000,1573.90000000,103500214,103500216,1782870212580307,False,True
60691500,0.21090000,50.90000000,103500217,103500218,1782870240877474,False,True
60691501,0.21080000,321.90000000,103500219,103500220,1782870305734177,True,True
60691502,0.21090000,24.80000000,103500221,103500221,1782870332058125,False,True
60691503,0.21100000,50.90000000,103500222,103500223,1782870332058125,False,True
60691504,0.21110000,19.30000000,103500224,103500224,1782870332058125,False,True
60691505,0.21110000,192.50000000,103500225,103500227,1782870340812131,False,True
60691506,0.21120000,25.00000000,103500228,103500229,1782870340855607,False,True
60691507,0.21100000,105.40000000,103500230,103500231,1782870350086904,True,True
60691508,0.21090000,50.80000000,103500232,103500233,1782870354896080,True,True
60691509,0.21080000,50.80000000,103500234,103500235,1782870359882033,True,True
60691510,0.21070000,78.30000000,103500236,103500238,1782870390671193,True,True
60691511,0.21070000,27.40000000,103500239,103500239,1782870390686595,True,True
60691512,0.21060000,51.00000000,103500240,103500241,1782870395723933,True,True
60691513,0.21050000,78.60000000,103500242,103500244,1782870404479629,True,True
60691514,0.21050000,1432.30000000,103500245,103500246,1782870442804823,True,True
60691515,0.21060000,24.80000000,103500247,103500247,1782870476124356,False,True
60691516,0.21070000,51.00000000,103500248,103500249,1782870489556430,False,True
60691517,0.21080000,50.90000000,103500250,103500251,1782870495074336,False,True
60691518,0.21060000,348.90000000,103500252,103500256,1782870509074206,True,True
60691519,0.21050000,51.00000000,103500257,103500258,1782870512651283,True,True
60691520,0.21050000,540.00000000,103500259,103500259,1782870517962320,True,True
60691521,0.21040000,343.30000000,103500260,103500262,1782870517962320,True,True
60691522,0.21040000,92.70000000,103500263,103500263,1782870567955334,True,True
60691523,0.21030000,51.00000000,103500264,103500265,1782870569979511,True,True
60691524,0.21020000,119.40000000,103500266,103500268,1782870612551877,True,True
60691525,0.21020000,45.00000000,103500269,103500269,1782870634054540,False,True
60691526,0.21020000,100.10000000,103500270,103500271,1782870643465141,True,True
60691527,0.21010000,91.90000000,103500272,103500274,1782870669854670,True,True
60691528,0.21020000,24.80000000,103500275,103500275,1782870702903974,False,True
60691529,0.21020000,92.40000000,103500276,103500277,1782870725026576,True,True
60691530,0.21030000,51.00000000,103500278,103500279,1782870759987025,False,True
60691531,0.21040000,51.00000000,103500280,103500281,1782870789926706,False,True
60691532,0.21040000,128.90000000,103500282,103500282,1782870795500378,True,True
60691533,0.21050000,51.00000000,103500283,103500284,1782870824018088,False,True
60691534,0.21060000,423.80000000,103500285,103500285,1782870824018088,False,True
60691535,0.21060000,51.00000000,103500286,103500287,1782870878190855,False,True
60691536,0.21070000,2201.90000000,103500288,103500293,1782870878190855,False,True
60691537,0.21080000,50.90000000,103500294,103500295,1782870899823445,False,True
60691538,0.21090000,50.90000000,103500296,103500297,1782870903232019,False,True
60691539,0.21100000,24.80000000,103500298,103500298,1782870921465709,False,True
60691540,0.21110000,590.70000000,103500299,103500301,1782870921514583,False,True
60691541,0.21110000,23.70000000,103500302,103500303,1782870921538530,False,True
60691542,0.21110000,516.30000000,103500304,103500304,1782870921606628,False,True
60691543,0.21110000,0.10000000,103500305,103500305,1782870921609570,False,True
60691544,0.21120000,590.50000000,103500306,103500308,1782870929009193,False,True
60691545,0.21130000,1268.40000000,103500309,103500313,1782870929009193,False,True
60691546,0.21140000,590.70000000,103500314,103500316,1782870950596732,False,True
60691547,0.21150000,472.80000000,103500317,103500319,1782870956887709,False,True
60691548,0.21130000,304.00000000,103500320,103500321,1782870972106426,True,True
60691549,0.21140000,1146.60000000,103500322,103500323,1782870972995029,False,True
60691550,0.21150000,6334.90000000,103500324,103500328,1782870972995029,False,True
60691551,0.21160000,12468.00000000,103500329,103500337,1782870972995029,False,True
60691552,0.21170000,10028.40000000,103500338,103500345,1782870972995029,False,True
60691553,0.21180000,21322.70000000,103500346,103500353,1782870972995029,False,True
60691554,0.21190000,15353.70000000,103500354,103500360,1782870972995029,False,True
60691555,0.21150000,82.90000000,103500361,103500361,1782870973563853,True,True
60691556,0.21150000,481.70000000,103500362,103500363,1782870973567808,True,True
60691557,0.21140000,5890.50000000,103500364,103500368,1782870973567808,True,True
60691558,0.21130000,495.30000000,103500369,103500369,1782870973567808,True,True
60691559,0.21130000,66.90000000,103500370,103500371,1782870973895043,True,True
60691560,0.21140000,162.30000000,103500372,103500372,1782870986671599,True,True
60691561,0.21160000,47.20000000,103500373,103500373,1782870987333439,False,True
60691562,0.21160000,308.90000000,103500374,103500375,1782870988726190,False,True
60691563,0.21160000,28.60000000,103500376,103500376,1782870990213954,True,True
60691564,0.21160000,31.20000000,103500377,103500377,1782870993476119,True,True
60691565,0.21170000,329.60000000,103500378,103500378,1782871016412728,False,True
60691566,0.21170000,50.70000000,103500379,103500380,1782871016787191,False,True
60691567,0.21180000,243.20000000,103500381,103500381,1782871021743882,False,True
60691568,0.21180000,385.60000000,103500382,103500384,1782871024147597,False,True
60691569,0.21190000,50.70000000,103500385,103500386,1782871029570065,False,True
60691570,0.21200000,945.10000000,103500387,103500390,1782871044982824,False,True
60691571,0.21180000,111.30000000,103500391,103500392,1782871046394195,True,True
60691572,0.21190000,1415.70000000,103500393,103500395,1782871049203000,False,True
60691573,0.21200000,2949.50000000,103500396,103500402,1782871054098496,False,True
60691574,0.21190000,376.50000000,103500403,103500403,1782871058277733,False,True
60691575,0.21180000,271.30000000,103500404,103500405,1782871063458309,True,True
60691576,0.21180000,272.20000000,103500406,103500407,1782871083479740,True,True
60691577,0.21170000,232.40000000,103500408,103500410,1782871089568427,True,True
60691578,0.21170000,62.50000000,103500411,103500411,1782871127329216,True,True
60691579,0.21180000,573.50000000,103500412,103500413,1782871145081262,True,True
60691580,0.21180000,370.70000000,103500414,103500414,1782871145082642,False,True
60691581,0.21160000,47.30000000,103500415,103500416,1782871181942463,True,True
60691582,0.21170000,44.60000000,103500417,103500417,1782871205949089,False,True
60691583,0.21180000,47.20000000,103500418,103500418,1782871266575670,False,True
60691584,0.21180000,75.40000000,103500419,103500419,1782871283739263,True,True
60691585,0.21190000,50.60000000,103500420,103500421,1782871289364828,False,True
60691586,0.21200000,303.40000000,103500422,103500422,1782871289364828,False,True
60691587,0.21180000,254.90000000,103500423,103500424,1782871299377016,True,True
60691588,0.21170000,50.60000000,103500425,103500426,1782871304107330,True,True
60691589,0.21160000,297.70000000,103500427,103500430,1782871318585003,True,True
60691590,0.21150000,108.20000000,103500431,103500431,1782871324908545,True,True
60691591,0.21150000,50.70000000,103500432,103500433,1782871325073316,True,True
60691592,0.21150000,31.10000000,103500434,103500434,1782871325321125,False,True
60691593,0.21150000,508.90000000,103500435,103500435,1782871325321203,False,True
60691594,0.21150000,269.90000000,103500436,103500437,1782871327510283,True,True
60691595,0.21160000,24.70000000,103500438,103500438,1782871355031402,False,True
60691596,0.21170000,50.70000000,103500439,103500440,1782871355031402,False,True
60691597,0.21180000,50.70000000,103500441,103500442,1782871370296237,False,True
60691598,0.21190000,50.60000000,103500443,103500444,1782871372887111,False,True
60691599,0.21190000,99.00000000,103500445,103500445,1782871386256552,True,True
60691600,0.21190000,99.00000000,103500446,103500447,1782871386256788,True,True
60691601,0.21190000,31.00000000,103500448,103500448,1782871386256812,True,True
60691602,0.21190000,16.20000000,103500449,103500449,1782871386256971,True,True
60691603,0.21180000,14.80000000,103500450,103500450,1782871386256971,True,True
60691604,0.21180000,51.90000000,103500451,103500452,1782871393632748,True,True
60691605,0.21170000,50.60000000,103500453,103500454,1782871395476747,True,True
60691606,0.21160000,77.90000000,103500455,103500457,1782871409062735,True,True
60691607,0.21170000,24.70000000,103500458,103500458,1782871427943826,False,True
60691608,0.21180000,50.70000000,103500459,103500460,1782871427943826,False,True
60691609,0.21170000,83.00000000,103500461,103500463,1782871431859828,True,True
60691610,0.21190000,50.60000000,103500464,103500465,1782871445895552,False,True
60691611,0.21180000,51.90000000,103500466,103500467,1782871454344333,True,True
60691612,0.21170000,250.60000000,103500468,103500470,1782871455003574,True,True
60691613,0.21160000,78.00000000,103500471,103500473,1782871470054704,True,True
60691614,0.21150000,50.70000000,103500474,103500475,1782871474956473,True,True
60691615,0.21140000,3325.50000000,103500476,103500479,1782871477280767,True,True
60691616,0.21130000,78.20000000,103500480,103500482,1782871482375699,True,True
60691617,0.21130000,540.00000000,103500483,103500483,1782871483685381,False,True
60691618,0.21130000,540.00000000,103500484,103500484,1782871488675304,False,True
60691619,0.21140000,540.00000000,103500485,103500485,1782871493162569,False,True
60691620,0.21120000,97.70000000,103500486,103500488,1782871517024158,True,True
60691621,0.21110000,50.80000000,103500489,103500490,1782871524500627,True,True
60691622,0.21110000,75.20000000,103500491,103500491,1782871560491588,True,True
60691623,0.21100000,50.80000000,103500492,103500493,1782871566335028,True,True
60691624,0.21090000,31.20000000,103500494,103500495,1782871569118710,True,True
60691625,0.21090000,1207.10000000,103500496,103500496,1782871569143017,True,True
60691626,0.21110000,246.40000000,103500497,103500498,1782871591590274,False,True
60691627,0.21110000,49.30000000,103500499,103500499,1782871597313905,True,True
60691628,0.21100000,24.70000000,103500500,103500500,1782871605221771,True,True
60691629,0.21090000,4899.60000000,103500501,103500501,1782871605221771,True,True
60691630,0.21090000,1020.70000000,103500502,103500502,1782871605222652,True,True
60691631,0.21090000,2400.00000000,103500503,103500505,1782871605224249,True,True
60691632,0.21100000,473.90000000,103500506,103500508,1782871619526474,False,True
60691633,0.21090000,163.00000000,103500509,103500509,1782871629096996,True,True
60691634,0.21080000,76.50000000,103500510,103500512,1782871634572839,True,True
60691635,0.21080000,37.80000000,103500513,103500513,1782871639272845,True,True
60691636,0.21070000,47.20000000,103500514,103500515,1782871652979028,True,True
60691637,0.21080000,604.60000000,103500516,103500516,1782871672151836,False,True
60691638,0.21090000,98.90000000,103500517,103500518,1782871687282497,False,True
60691639,0.21100000,921.80000000,103500519,103500521,1782871693381859,False,True
60691640,0.21090000,68.00000000,103500522,103500522,1782871759681042,True,True
60691641,0.21090000,68.00000000,103500523,103500523,1782871759681120,True,True
60691642,0.21090000,68.00000000,103500524,103500524,1782871759681301,True,True
60691643,0.21090000,68.00000000,103500525,103500525,1782871759681409,True,True
60691644,0.21100000,624.50000000,103500526,103500527,1782871803719667,False,True
60691645,0.21080000,403.70000000,103500528,103500530,1782871819019122,True,True
60691646,0.21090000,24.80000000,103500531,103500531,1782871843042417,False,True
60691647,0.21100000,50.90000000,103500532,103500533,1782871843042417,False,True
