72356536,0.09660000,207.25000000,160085839,160085839,1782864000312779,False,True
72356537,0.09650000,1000.00000000,160085840,160085840,1782864016235082,True,True
72356538,0.09650000,903.64000000,160085841,160085841,1782864016245709,True,True
72356539,0.09660000,2087.61000000,160085842,160085846,1782864023355291,False,True
72356540,0.09660000,1202.63000000,160085847,160085847,1782864052186436,True,True
72356541,0.09660000,8687.96000000,160085848,160085851,1782864074321299,False,True
72356542,0.09660000,1000.00000000,160085852,160085852,1782864083794762,True,True
72356543,0.09660000,27916.00000000,160085853,160085853,1782864083796233,True,True
72356544,0.09650000,312.77000000,160085854,160085855,1782864094342192,True,True
72356545,0.09650000,3238.55000000,160085856,160085857,1782864120436663,False,True
72356546,0.09660000,4291.98000000,160085858,160085861,1782864127553164,False,True
72356547,0.09660000,1000.00000000,160085862,160085863,1782864127555920,True,True
72356548,0.09660000,125.00000000,160085864,160085864,1782864128117282,True,True
72356549,0.09660000,149.17000000,160085865,160085866,1782864146204064,False,True
72356550,0.09660000,1758.40000000,160085867,160085867,1782864154297579,False,True
72356551,0.09660000,270.24000000,160085868,160085869,1782864154300927,False,True
72356552,0.09660000,164.83000000,160085870,160085870,1782864155172390,True,True
72356553,0.09660000,7363.62000000,160085871,160085873,1782864160226065,True,True
72356554,0.09660000,125.00000000,160085874,160085874,1782864168567156,True,True
72356555,0.09660000,8264.79000000,160085875,160085879,1782864203195394,False,True
72356556,0.09660000,5175.98000000,160085880,160085881,1782864236815845,False,True
72356557,0.09660000,2280.66000000,160085882,160085882,1782864239327726,False,True
72356558,0.09660000,631.69000000,160085883,160085883,1782864239328246,False,True
72356559,0.09660000,1780.52000000,160085884,160085884,1782864239328965,False,True
72356560,0.09660000,294.93000000,160085885,160085885,1782864239330150,False,True
72356561,0.09660000,1000.00000000,160085886,160085886,1782864239333169,False,True
72356562,0.09660000,553.60000000,160085887,160085888,1782864239334534,False,True
72356563,0.09670000,11793.23000000,160085889,160085893,1782864301532012,False,True
72356564,0.09670000,125.00000000,160085894,160085894,1782864328004465,True,True
72356565,0.09660000,3286.83000000,160085895,160085898,1782864350385442,True,True
72356566,0.09660000,2070.39000000,160085899,160085899,1782864367764392,False,True
72356567,0.09650000,181.52000000,160085900,160085901,1782864374732776,True,True
72356568,0.09650000,9371.10000000,160085902,160085906,1782864376069614,False,True
72356569,0.09650000,5374.20000000,160085907,160085910,1782864378257909,False,True
72356570,0.09650000,1199.80000000,160085911,160085913,1782864382050778,False,True
72356571,0.09650000,364.90000000,160085914,160085916,1782864384062292,False,True
72356572,0.09650000,4200.00000000,160085917,160085920,1782864386508798,False,True
72356573,0.09650000,2239.20000000,160085921,160085923,1782864388074659,False,True
72356574,0.09650000,4368.00000000,160085924,160085926,1782864396937135,False,True
72356575,0.09650000,1170.46000000,160085927,160085927,1782864414611893,True,True
72356576,0.09650000,27820.46000000,160085928,160085928,1782864414613602,True,True
72356577,0.09650000,1170.46000000,160085929,160085930,1782864415688906,True,True
72356578,0.09650000,1393.70000000,160085931,160085933,1782864430394340,False,True
72356579,0.09660000,103.52000000,160085934,160085934,1782864434709646,False,True
72356580,0.09650000,125.00000000,160085935,160085935,1782864600059380,True,True
72356581,0.09640000,634.14000000,160085936,160085936,1782864608176771,True,True
72356582,0.09640000,181.59000000,160085937,160085938,1782864608205610,True,True
72356583,0.09630000,743.61000000,160085939,160085939,1782864608205610,True,True
72356584,0.09630000,925.20000000,160085940,160085940,1782864608205854,True,True
72356585,0.09630000,925.20000000,160085941,160085941,1782864608205859,True,True
72356586,0.09630000,925.20000000,160085942,160085943,1782864608205938,True,True
72356587,0.09630000,925.10000000,160085944,160085944,1782864608206203,True,True
72356588,0.09630000,5676.33000000,160085945,160085949,1782864624833217,True,True
72356589,0.09630000,125.00000000,160085950,160085950,1782864625222820,True,True
72356590,0.09630000,353.46000000,160085951,160085951,1782864627275378,False,True
72356591,0.09630000,2101.35000000,160085952,160085957,1782864635441044,False,True
72356592,0.09630000,913.07000000,160085958,160085959,1782864654241921,False,True
72356593,0.09630000,182.61000000,160085960,160085960,1782864654244732,False,True
72356594,0.09630000,150.06000000,160085961,160085961,1782864660311527,True,True
72356595,0.09630000,125.00000000,160085962,160085962,1782864710867348,True,True
72356596,0.09630000,6522.80000000,160085963,160085968,1782864812140808,False,True
72356597,0.09630000,5153.25000000,160085969,160085969,1782864812143442,False,True
72356598,0.09630000,2342.00000000,160085970,160085970,1782864814732535,True,True
72356599,0.09630000,2342.00000000,160085971,160085972,1782864818232814,True,True
72356600,0.09630000,507.22000000,160085973,160085973,1782864819065807,False,True
72356601,0.09630000,3140.49000000,160085974,160085976,1782864819067252,False,True
72356602,0.09630000,2342.00000000,160085977,160085977,1782864822209998,True,True
72356603,0.09640000,3424.10000000,160085978,160085981,1782864878223748,False,True
72356604,0.09640000,684.82000000,160085982,160085982,1782864878228784,False,True
72356605,0.09640000,125.00000000,160085983,160085983,1782864878230620,False,True
72356606,0.09640000,133.82000000,160085984,160085984,1782864878230694,False,True
72356607,0.09640000,3.14000000,160085985,160085985,1782864878231800,False,True
72356608,0.09640000,125.00000000,160085986,160085986,1782864893564708,True,True
72356609,0.09640000,125.00000000,160085987,160085987,1782864914336560,False,True
72356610,0.09650000,963.73000000,160085988,160085988,1782864927009942,False,True
72356611,0.09640000,125.00000000,160085989,160085989,1782864944882519,True,True
72356612,0.09630000,687.41000000,160085990,160085990,1782864944882519,True,True
72356613,0.09630000,1000.00000000,160085991,160085993,1782865032415262,True,True
72356614,0.09630000,903.84000000,160085994,160085994,1782865032425690,True,True
72356615,0.09630000,795.23000000,160085995,160085996,1782865032436959,True,True
72356616,0.09630000,125.00000000,160085997,160085997,1782865056656313,False,True
72356617,0.09630000,125.00000000,160085998,160085998,1782865077342771,True,True
72356618,0.09620000,1000.00000000,160085999,160085999,1782865092805414,True,True
72356619,0.09620000,239.27000000,160086000,160086002,1782865151293810,True,True
72356620,0.09620000,2142.56000000,160086003,160086003,1782865151297722,False,True
72356621,0.09620000,2142.56000000,160086004,160086004,1782865151301262,False,True
72356622,0.09620000,2142.56000000,160086005,160086006,1782865151301449,False,True
72356623,0.09620000,2142.56000000,160086007,160086007,1782865151301612,False,True
72356624,0.09620000,125.00000000,160086008,160086008,1782865167051564,False,True
72356625,0.09620000,266.89000000,160086009,160086009,1782865211196910,True,True
72356626,0.09630000,181.84000000,160086010,160086011,1782865222959967,False,True
72356627,0.09630000,1508.39000000,160086012,160086012,1782865223343622,True,True
72356628,0.09630000,1632.83000000,160086013,160086013,1782865223845447,True,True
72356629,0.09630000,119.62000000,160086014,160086014,1782865226059819,True,True
72356630,0.09630000,57.49000000,160086015,160086016,1782865226122950,True,True
72356631,0.09630000,67.51000000,160086017,160086017,1782865226123654,True,True
72356632,0.09620000,82.35000000,160086018,160086018,1782865226123654,True,True
72356633,0.09620000,190.31000000,160086019,160086019,1782865287347293,True,True
72356634,0.09620000,9066.81000000,160086020,160086023,1782865312628426,True,True
72356635,0.09620000,1384.32000000,160086024,160086024,1782865312635031,True,True
72356636,0.09620000,3559.35000000,160086025,160086026,1782865312703193,False,True
72356637,0.09620000,1423.49000000,160086027,160086028,1782865312710226,False,True
72356638,0.09620000,1096.56000000,160086029,160086030,1782865313135173,False,True
72356639,0.09620000,219.31000000,160086031,160086031,1782865313138744,False,True
72356640,0.09620000,125.00000000,160086032,160086032,1782865313153893,False,True
72356641,0.09620000,3500.00000000,160086033,160086034,1782865322584257,True,True
72356642,0.09610000,554.94000000,160086035,160086035,1782865322584257,True,True
72356643,0.09620000,1192.59000000,160086036,160086036,1782865323352243,True,True
72356644,0.09620000,899.60000000,160086037,160086038,1782865329350789,True,True
72356645,0.09620000,1700.80000000,160086039,160086039,1782865329355295,True,True
72356646,0.09620000,1024.60000000,160086040,160086041,1782865329357266,True,True
72356647,0.09620000,1537.31000000,160086042,160086044,1782865334329888,False,True
72356648,0.09620000,3500.00000000,160086045,160086046,1782865344523403,True,True
72356649,0.09610000,556.69000000,160086047,160086047,1782865344523403,True,True
72356650,0.09620000,125.00000000,160086048,160086048,1782865345731735,False,True
72356651,0.09620000,4054.69000000,160086049,160086051,1782865390238361,True,True
72356652,0.09620000,125.00000000,160086052,160086052,1782865400892132,True,True
72356653,0.09610000,437.10000000,160086053,160086055,1782865402392311,True,True
72356654,0.09610000,135.42000000,160086056,160086056,1782865403401492,False,True
72356655,0.09610000,3251.57000000,160086057,160086058,1782865439766288,False,True
72356656,0.09610000,125.00000000,160086059,160086059,1782865459979720,True,True
72356657,0.09610000,125.00000000,160086060,160086060,1782865511837849,False,True
72356658,0.09610000,2342.00000000,160086061,160086061,1782865522285473,True,True
72356659,0.09610000,125.00000000,160086062,160086062,1782865537786497,True,True
72356660,0.09600000,15329.17000000,160086063,160086067,1782865539923304,True,True
72356661,0.09600000,3875.07000000,160086068,160086070,1782865539952618,True,True
72356662,0.09590000,484.40000000,160086071,160086071,1782865540091004,True,True
72356663,0.09590000,2240.70000000,160086072,160086072,1782865540189976,True,True
72356664,0.09590000,484.30000000,160086073,160086073,1782865540190082,True,True
72356665,0.09590000,405.07000000,160086074,160086077,1782865540203868,True,True
72356666,0.09580000,1418.93000000,160086078,160086078,1782865540203868,True,True
72356667,0.09590000,2067.19000000,160086079,160086079,1782865540216429,False,True
72356668,0.09590000,170.07000000,160086080,160086080,1782865540216760,False,True
72356669,0.09590000,960.24000000,160086081,160086082,1782865540237117,False,True
72356670,0.09600000,104.28000000,160086083,160086083,1782865540930925,False,True
72356671,0.09600000,62.57000000,160086084,160086084,1782865542671723,False,True
72356672,0.09600000,10013.75000000,160086085,160086086,1782865548338824,False,True
72356673,0.09600000,14313.65000000,160086087,160086087,1782865548340920,False,True
72356674,0.09600000,851.43000000,160086088,160086088,1782865548341096,False,True
72356675,0.09600000,5216.67000000,160086089,160086090,1782865551837939,True,True
72356676,0.09600000,26576.21000000,160086091,160086094,1782865552397467,True,True
72356677,0.09590000,2366.92000000,160086095,160086095,1782865552397467,True,True
72356678,0.09600000,2895.74000000,160086096,160086096,1782865552402300,True,True
72356679,0.09590000,260.41000000,160086097,160086097,1782865552695903,True,True
72356680,0.09590000,5216.67000000,160086098,160086100,1782865552708883,True,True
72356681,0.09590000,260.68000000,160086101,160086101,1782865554494037,True,True
72356682,0.09590000,521.37000000,160086102,160086102,1782865555741364,True,True
72356683,0.09590000,1042.75000000,160086103,160086103,1782865556918090,True,True
72356684,0.09590000,9199.89000000,160086104,160086107,1782865558648697,True,True
72356685,0.09590000,31002.04000000,160086108,160086113,1782865559714417,True,True
72356686,0.09590000,10500.00000000,160086114,160086114,1782865562195078,True,True
72356687,0.09600000,25034.06000000,160086115,160086118,1782865578135143,False,True
72356688,0.09600000,125.00000000,160086119,160086119,1782865578142177,False,True
72356689,0.09600000,125.00000000,160086120,160086120,1782865578203702,False,True
72356690,0.09600000,125.00000000,160086121,160086121,1782865578209562,False,True
72356691,0.09600000,125.00000000,160086122,160086122,1782865578235288,False,True
72356692,0.09600000,125.00000000,160086123,160086123,1782865578254593,False,True
72356693,0.09600000,125.00000000,160086124,160086124,1782865579156803,False,True
72356694,0.09600000,125.00000000,160086125,160086125,1782865579167335,False,True
72356695,0.09600000,125.00000000,160086126,160086126,1782865579210739,False,True
72356696,0.09600000,125.00000000,160086127,160086127,1782865579229880,False,True
72356697,0.09600000,125.00000000,160086128,160086128,1782865579240665,False,True
72356698,0.09600000,125.00000000,160086129,160086129,1782865580166875,False,True
72356699,0.09600000,125.00000000,160086130,160086130,1782865580192933,False,True
72356700,0.09600000,125.00000000,160086131,160086131,1782865580212538,False,True
72356701,0.09600000,125.00000000,160086132,160086132,1782865580228882,False,True
72356702,0.09600000,125.00000000,160086133,160086133,1782865580241544,False,True
72356703,0.09600000,125.00000000,160086134,160086134,1782865581182601,False,True
72356704,0.09600000,125.00000000,160086135,160086135,1782865581217104,False,True
72356705,0.09600000,125.00000000,160086136,160086136,1782865581228673,False,True
72356706,0.09600000,125.00000000,160086137,160086137,1782865581242523,False,True
72356707,0.09600000,125.00000000,160086138,160086138,1782865581254743,False,True
72356708,0.09600000,940.09000000,160086139,160086139,1782865581596530,False,True
72356709,0.09600000,520.83000000,160086140,160086140,1782865614075198,False,True
72356710,0.09600000,125.00000000,160086141,160086141,1782865686788922,False,True
72356711,0.09600000,398.57000000,160086142,160086143,1782865777214155,True,True
72356712,0.09600000,568.07000000,160086144,160086144,1782865804504894,True,True
72356713,0.09610000,523.81000000,160086145,160086145,1782865838289071,False,True
72356714,0.09610000,3033.16000000,160086146,160086148,1782865838289462,False,True
72356715,0.09610000,20947.48000000,160086149,160086150,1782865838930781,True,True
72356716,0.09610000,1000.00000000,160086151,160086151,1782865838933661,False,True
72356717,0.09610000,125.00000000,160086152,160086152,1782865855503258,False,True
72356718,0.09620000,21274.42000000,160086153,160086157,1782865870916426,False,True
72356719,0.09620000,1050.47000000,160086158,160086158,1782865871398607,True,True
72356720,0.09620000,305.75000000,160086159,160086159,1782865876324279,True,True
72356721,0.09620000,125.00000000,160086160,160086160,1782865880272407,True,True
72356722,0.09620000,125.00000000,160086161,160086161,1782865952105136,False,True
72356723,0.09620000,103.06000000,160086162,160086162,1782865971198267,True,True
72356724,0.09620000,125.00000000,160086163,160086164,1782865991875312,True,True
72356725,0.09620000,125.00000000,160086165,160086165,1782866023970948,False,True
72356726,0.09620000,125.00000000,160086166,160086166,1782866050024778,True,True
72356727,0.09610000,8552.61000000,160086167,160086167,1782866050024778,True,True
72356728,0.09610000,57.67000000,160086168,160086168,1782866050412603,True,True
72356729,0.09620000,197.38000000,160086169,160086170,1782866078259279,False,True
72356730,0.09620000,125.00000000,160086171,160086171,1782866109093909,True,True
72356731,0.09610000,181.78000000,160086172,160086173,1782866133422472,True,True
72356732,0.09610000,177.10000000,160086174,160086174,1782866135236985,False,True
72356733,0.09610000,1000.00000000,160086175,160086175,1782866164484653,False,True
72356734,0.09600000,73.46000000,160086176,160086176,1782866242074280,True,True
72356735,0.09600000,205.81000000,160086177,160086177,1782866245414029,True,True
72356736,0.09600000,2000.00000000,160086178,160086178,1782866264537222,True,True
72356737,0.09610000,125.00000000,160086179,160086179,1782866301719392,False,True
72356738,0.09620000,41687.51000000,160086180,160086189,1782866324276114,False,True
72356739,0.09610000,125.00000000,160086190,160086190,1782866366694287,True,True
72356740,0.09600000,658.94000000,160086191,160086194,1782866405117094,True,True
72356741,0.09600000,125.00000000,160086195,160086195,1782866531703499,False,True
72356742,0.09600000,472.37000000,160086196,160086197,1782866569297520,True,True
72356743,0.09600000,2555.25000000,160086198,160086198,1782866569297670,True,True
72356744,0.09600000,52.09000000,160086199,160086199,1782866569298014,True,True
72356745,0.09590000,8750.36000000,160086200,160086201,1782866584144916,True,True
72356746,0.09600000,125.00000000,160086202,160086202,1782866642141387,False,True
72356747,0.09600000,149.02000000,160086203,160086204,1782866658756130,True,True
72356748,0.09610000,181.97000000,160086205,160086206,1782866686780923,False,True
72356749,0.09610000,794.57000000,160086207,160086207,1782866688084326,True,True
72356750,0.09610000,157.87000000,160086208,160086208,1782866689353229,True,True
72356751,0.09610000,57.80000000,160086209,160086209,1782866689374773,True,True
72356752,0.09610000,804.90000000,160086210,160086211,1782866691163036,True,True
72356753,0.09610000,560.48000000,160086212,160086212,1782866700430657,False,True
72356754,0.09610000,125.00000000,160086213,160086213,1782866760913854,False,True
72356755,0.09610000,125.00000000,160086214,160086214,1782866786508089,True,True
72356756,0.09610000,1000.00000000,160086215,160086215,1782866793992887,False,True
72356757,0.09610000,125.00000000,160086216,160086216,1782866794017213,False,True
72356758,0.09610000,125.00000000,160086217,160086217,1782866795066947,True,True
72356759,0.09610000,1000.00000000,160086218,160086218,1782866795068931,False,True
72356760,0.09610000,125.00000000,160086219,160086219,1782866797972068,False,True
72356761,0.09610000,125.00000000,160086220,160086220,1782866869499663,True,True
72356762,0.09610000,1000.00000000,160086221,160086221,1782866870717465,False,True
72356763,0.09610000,125.00000000,160086222,160086222,1782866870734764,False,True
72356764,0.09620000,1000.00000000,160086223,160086225,1782866944496449,False,True
72356765,0.09620000,978.81000000,160086226,160086227,1782866944848833,True,True
72356766,0.09620000,903.94000000,160086228,160086228,1782866944851676,False,True
72356767,0.09620000,125.00000000,160086229,160086229,1782866945107085,False,True
72356768,0.09620000,3822.93000000,160086230,160086231,1782866957200890,True,True
72356769,0.09620000,125.00000000,160086232,160086232,1782866961172469,True,True
72356770,0.09620000,125.00000000,160086233,160086233,1782866965275096,False,True
72356771,0.09620000,799.59000000,160086234,160086234,1782866976594046,True,True
72356772,0.09620000,4778.16000000,160086235,160086237,1782867088112201,True,True
72356773,0.09620000,1000.00000000,160086238,160086238,1782867088113925,False,True
72356774,0.09620000,1000.00000000,160086239,160086239,1782867091292239,False,True
72356775,0.09620000,903.94000000,160086240,160086240,1782867091338613,False,True
72356776,0.09620000,817.12000000,160086241,160086242,1782867091372484,False,True
72356777,0.09620000,738.63000000,160086243,160086243,1782867091392116,False,True
72356778,0.09620000,667.68000000,160086244,160086246,1782867091429440,False,True
72356779,0.09620000,603.55000000,160086247,160086247,1782867091440894,False,True
72356780,0.09620000,430.73000000,160086248,160086248,1782867091460967,False,True
72356781,0.09620000,247.79000000,160086249,160086249,1782867091498070,False,True
72356782,0.09620000,460.34000000,160086250,160086250,1782867091542283,False,True
72356783,0.09620000,176.91000000,160086251,160086251,1782867091565646,False,True
72356784,0.09620000,1000.00000000,160086252,160086252,1782867092028959,False,True
72356785,0.09620000,141.79000000,160086253,160086254,1782867092048038,False,True
72356786,0.09630000,2301.52000000,160086255,160086258,1782867135225454,False,True
72356787,0.09630000,695.41000000,160086259,160086259,1782867135592886,True,True
72356788,0.09640000,66.64000000,160086260,160086260,1782867152222077,False,True
72356789,0.09630000,125.00000000,160086261,160086261,1782867162343789,True,True
72356790,0.09630000,125.00000000,160086262,160086262,1782867164887932,False,True
72356791,0.09630000,1158.46000000,160086263,160086264,1782867165330371,True,True
72356792,0.09630000,1000.00000000,160086265,160086265,1782867169356216,False,True
72356793,0.09630000,903.84000000,160086266,160086266,1782867169365218,False,True
72356794,0.09630000,816.94000000,160086267,160086267,1782867169384231,False,True
72356795,0.09630000,738.39000000,160086268,160086268,1782867169454573,False,True
72356796,0.09630000,557.35000000,160086269,160086270,1782867169469575,False,True
72356797,0.09630000,613.80000000,160086271,160086271,1782867169543771,False,True
72356798,0.09630000,554.78000000,160086272,160086272,1782867169645263,False,True
72356799,0.09630000,501.44000000,160086273,160086273,1782867169685560,False,True
72356800,0.09630000,453.22000000,160086274,160086274,1782867169744008,False,True
72356801,0.09630000,409.64000000,160086275,160086275,1782867169773725,False,True
72356802,0.09630000,846.34000000,160086276,160086277,1782867170354825,False,True
72356803,0.09630000,1000.00000000,160086278,160086278,1782867177152803,False,True
72356804,0.09630000,903.84000000,160086279,160086279,1782867177222203,False,True
72356805,0.09630000,816.94000000,160086280,160086280,1782867177248355,False,True
72356806,0.09630000,738.39000000,160086281,160086282,1782867177281590,False,True
72356807,0.09630000,667.39000000,160086283,160086283,1782867177310416,False,True
72356808,0.09630000,603.22000000,160086284,160086284,1782867177336368,False,True
72356809,0.09630000,383.88000000,160086285,160086285,1782867177348463,False,True
72356810,0.09630000,508.30000000,160086286,160086286,1782867177405686,False,True
72356811,0.09630000,459.43000000,160086287,160086287,1782867177452027,False,True
72356812,0.09630000,264.39000000,160086288,160086289,1782867177490288,False,True
72356813,0.09630000,125.00000000,160086290,160086290,1782867256567508,True,True
72356814,0.09630000,125.00000000,160086291,160086291,1782867330325010,False,True
72356815,0.09640000,181.78000000,160086292,160086293,1782867364528906,False,True
72356816,0.09640000,422.20000000,160086294,160086294,1782867374854923,True,True
72356817,0.09640000,125.00000000,160086295,160086295,1782867406267266,True,True
72356818,0.09640000,333.04000000,160086296,160086296,1782867422591354,False,True
72356819,0.09640000,125.00000000,160086297,160086297,1782867422592517,False,True
72356820,0.09650000,181.71000000,160086298,160086299,1782867479549525,False,True
72356821,0.09650000,305.14000000,160086300,160086301,1782867480092379,True,True
72356822,0.09650000,162.16000000,160086302,160086302,1782867480092686,True,True
72356823,0.09650000,125.00000000,160086303,160086303,1782867513467305,True,True
72356824,0.09650000,125.00000000,160086304,160086304,1782867574214981,False,True
72356825,0.09660000,198.86000000,160086305,160086306,1782867598428912,False,True
72356826,0.09650000,125.00000000,160086307,160086307,1782867730662064,True,True
72356827,0.09640000,181.59000000,160086308,160086309,1782867745038764,True,True
72356828,0.09640000,125.00000000,160086310,160086310,1782867760403545,False,True
72356829,0.09650000,264.72000000,160086311,160086311,1782867806779949,False,True
72356830,0.09640000,125.00000000,160086312,160086312,1782867838781335,True,True
72356831,0.09630000,437.77000000,160086313,160086315,1782867857705495,True,True
72356832,0.09630000,125.00000000,160086316,160086316,1782867874939272,False,True
72356833,0.09630000,3935.32000000,160086317,160086318,1782867876012741,True,True
72356834,0.09630000,802.90000000,160086319,160086320,1782867892098988,True,True
72356835,0.09630000,955.46000000,160086321,160086322,1782867896864985,True,True
72356836,0.09630000,124.54000000,160086323,160086323,1782867906861020,True,True
72356837,0.09630000,125.00000000,160086324,160086325,1782867911214907,True,True
72356838,0.09620000,133.07000000,160086326,160086327,1782867917884999,True,True
72356839,0.09620000,125.00000000,160086328,160086329,1782867944608350,True,True
72356840,0.09620000,125.00000000,160086330,160086330,1782867966637104,False,True
72356841,0.09620000,821.20000000,160086331,160086331,1782867967304148,True,True
72356842,0.09620000,125.00000000,160086332,160086332,1782867990078868,True,True
72356843,0.09610000,181.78000000,160086333,160086334,1782867998342222,True,True
72356844,0.09600000,1000.00000000,160086335,160086336,1782868023812166,True,True
72356845,0.09600000,904.14000000,160086337,160086337,1782868023824934,True,True
72356846,0.09600000,817.48000000,160086338,160086339,1782868023838584,True,True
72356847,0.09600000,739.12000000,160086340,160086341,1782868023866114,True,True
72356848,0.09600000,599.70000000,160086342,160086342,1782868023877918,True,True
72356849,0.09600000,120.87000000,160086343,160086344,1782868023889577,True,True
72356850,0.09600000,120.21000000,160086345,160086345,1782868023902539,True,True
72356851,0.09590000,1576.61000000,160086346,160086346,1782868025720313,True,True
72356852,0.09600000,3254.76000000,160086347,160086348,1782868035396271,False,True
72356853,0.09600000,125.00000000,160086349,160086349,1782868036017141,True,True
72356854,0.09600000,3254.76000000,160086350,160086351,1782868050136670,False,True
72356855,0.09600000,422.28000000,160086352,160086352,1782868060035733,True,True
72356856,0.09600000,102.40000000,160086353,160086353,1782868107503197,True,True
72356857,0.09600000,125.00000000,160086354,160086355,1782868114313099,True,True
72356858,0.09590000,107.40000000,160086356,160086356,1782868114313099,True,True
72356859,0.09590000,239.47000000,160086357,160086359,1782868130267110,True,True
72356860,0.09590000,125.00000000,160086360,160086360,1782868152874904,False,True
72356861,0.09590000,125.00000000,160086361,160086361,1782868205185177,True,True
72356862,0.09580000,242.42000000,160086362,160086364,1782868215909097,True,True
72356863,0.09570000,4898.29000000,160086365,160086369,1782868216710741,True,True
72356864,0.09570000,1044.93000000,160086370,160086371,1782868216713218,False,True
72356865,0.09570000,1044.93000000,160086372,160086372,1782868216713238,False,True
72356866,0.09570000,1044.93000000,160086373,160086373,1782868216713489,False,True
72356867,0.09570000,3927.63000000,160086374,160086375,1782868216713661,False,True
72356868,0.09570000,3927.63000000,160086376,160086376,1782868216713691,False,True
72356869,0.09570000,3888.07000000,160086377,160086377,1782868216714598,False,True
72356870,0.09570000,1555.95000000,160086378,160086378,1782868216714905,False,True
72356871,0.09570000,548.39000000,160086379,160086379,1782868216715013,False,True
72356872,0.09570000,3215.45000000,160086380,160086381,1782868216717822,True,True
72356873,0.09570000,1897.19000000,160086382,160086382,1782868216723222,True,True
72356874,0.09570000,2709.81000000,160086383,160086385,1782868217252283,True,True
72356875,0.09570000,1522.24000000,160086386,160086386,1782868217263734,True,True
72356876,0.09570000,125.00000000,160086387,160086387,1782868217264435,True,True
72356877,0.09560000,272.20000000,160086388,160086389,1782868217266299,True,True
72356878,0.09560000,56.10000000,160086390,160086390,1782868217266333,True,True
72356879,0.09560000,272.20000000,160086391,160086391,1782868217266350,True,True
72356880,0.09560000,272.20000000,160086392,160086392,1782868217266391,True,True
72356881,0.09560000,272.20000000,160086393,160086393,1782868217266395,True,True
72356882,0.09560000,272.20000000,160086394,160086394,1782868217266428,True,True
72356883,0.09560000,1829.70000000,160086395,160086395,1782868217266443,True,True
72356884,0.09560000,272.20000000,160086396,160086397,1782868217266518,True,True
72356885,0.09560000,56.10000000,160086398,160086398,1782868217266606,True,True
72356886,0.09560000,272.20000000,160086399,160086399,1782868217266683,True,True
72356887,0.09560000,2247.70000000,160086400,160086400,1782868217266684,True,True
72356888,0.09560000,56.10000000,160086401,160086401,1782868217266686,True,True
72356889,0.09560000,56.10000000,160086402,160086402,1782868217266829,True,True
72356890,0.09560000,56.10000000,160086403,160086404,1782868217266867,True,True
72356891,0.09560000,52.80000000,160086405,160086405,1782868217267938,True,True
72356892,0.09560000,272.20000000,160086406,160086406,1782868217268267,True,True
72356893,0.09560000,1047.10000000,160086407,160086407,1782868217270797,True,True
72356894,0.09570000,57.88000000,160086408,160086408,1782868219612822,False,True
72356895,0.09560000,125.00000000,160086409,160086409,1782868227908675,True,True
72356896,0.09550000,207.25000000,160086410,160086410,1782868228179576,True,True
72356897,0.09550000,198.66000000,160086411,160086411,1782868228964078,True,True
72356898,0.09560000,57.91000000,160086412,160086412,1782868229334919,False,True
72356899,0.09560000,239.14000000,160086413,160086415,1782868229430294,False,True
72356900,0.09570000,1653.13000000,160086416,160086416,1782868229430294,False,True
72356901,0.09560000,125.00000000,160086417,160086417,1782868235236898,True,True
72356902,0.09550000,239.73000000,160086418,160086420,1782868245617376,True,True
72356903,0.09540000,4508.40000000,160086421,160086426,1782868261525803,True,True
72356904,0.09540000,432.30000000,160086427,160086427,1782868261526104,True,True
72356905,0.09540000,125.00000000,160086428,160086428,1782868263475806,False,True
72356906,0.09540000,125.00000000,160086429,160086429,1782868263480861,False,True
72356907,0.09540000,125.00000000,160086430,160086430,1782868263582050,False,True
72356908,0.09540000,125.00000000,160086431,160086431,1782868263588871,False,True
72356909,0.09540000,125.00000000,160086432,160086432,1782868263599449,False,True
72356910,0.09540000,125.00000000,160086433,160086433,1782868263605163,False,True
72356911,0.09550000,1854.99000000,160086434,160086434,1782868269420154,False,True
72356912,0.09550000,468.02000000,160086435,160086437,1782868269921846,False,True
72356913,0.09550000,125.00000000,160086438,160086439,1782868269956158,False,True
72356914,0.09550000,125.00000000,160086440,160086440,1782868273609909,True,True
72356915,0.09550000,125.00000000,160086441,160086441,1782868279814694,False,True
72356916,0.09550000,4186.08000000,160086442,160086444,1782868291080422,True,True
72356917,0.09550000,1084.94000000,160086445,160086445,1782868291082973,True,True
72356918,0.09560000,488.99000000,160086446,160086448,1782868314298782,False,True
72356919,0.09560000,1504.45000000,160086449,160086449,1782868314298802,False,True
72356920,0.09560000,681.50000000,160086450,160086450,1782868314300164,False,True
72356921,0.09560000,2461.33000000,160086451,160086451,1782868314304644,False,True
72356922,0.09570000,1000.00000000,160086452,160086452,1782868321214897,False,True
72356923,0.09570000,904.44000000,160086453,160086454,1782868321236782,False,True
72356924,0.09570000,818.02000000,160086455,160086456,1782868321248314,False,True
72356925,0.09570000,579.45000000,160086457,160086458,1782868321258467,False,True
72356926,0.09570000,125.00000000,160086459,160086459,1782868323493878,True,True
72356927,0.09570000,125.00000000,160086460,160086460,1782868325242318,False,True
72356928,0.09570000,125.00000000,160086461,160086461,1782868325309435,True,True
72356929,0.09560000,164.79000000,160086462,160086462,1782868325309435,True,True
72356930,0.09570000,988.05000000,160086463,160086463,1782868325310656,False,True
72356931,0.09570000,125.00000000,160086464,160086464,1782868327850109,False,True
72356932,0.09570000,125.00000000,160086465,160086465,1782868334492675,True,True
72356933,0.09560000,182.10000000,160086466,160086467,1782868354688235,True,True
72356934,0.09560000,1000.00000000,160086468,160086468,1782868354690602,False,True
72356935,0.09560000,1000.00000000,160086469,160086469,1782868356940721,False,True
72356936,0.09560000,1000.00000000,160086470,160086470,1782868357125671,False,True
72356937,0.09560000,904.54000000,160086471,160086472,1782868357178369,False,True
72356938,0.09560000,818.20000000,160086473,160086473,1782868357200802,False,True
72356939,0.09560000,740.10000000,160086474,160086474,1782868357232387,False,True
72356940,0.09560000,669.45000000,160086475,160086475,1782868357256644,False,True
72356941,0.09560000,228.69000000,160086476,160086477,1782868357283926,False,True
72356942,0.09560000,125.00000000,160086478,160086478,1782868358592075,True,True
72356943,0.09560000,1000.00000000,160086479,160086479,1782868358593839,False,True
72356944,0.09550000,7121.57000000,160086480,160086484,1782868364247358,True,True
72356945,0.09550000,1000.00000000,160086485,160086485,1782868364249830,False,True
72356946,0.09540000,2301.91000000,160086486,160086489,1782868365034697,True,True
72356947,0.09530000,1356.10000000,160086490,160086490,1782868365050531,True,True
72356948,0.09530000,2484.50000000,160086491,160086493,1782868365052715,True,True
72356949,0.09530000,692.70000000,160086494,160086494,1782868365053245,True,True
72356950,0.09530000,287.70000000,160086495,160086495,1782868365053773,True,True
72356951,0.09530000,2254.80000000,160086496,160086497,1782868365055551,True,True
72356952,0.09530000,2239.35000000,160086498,160086498,1782868365059725,True,True
72356953,0.09530000,4938.75000000,160086499,160086502,1782868365098569,True,True
72356954,0.09530000,24986.70000000,160086503,160086506,1782868365114316,True,True
72356955,0.09520000,3567.00000000,160086507,160086510,1782868365150137,True,True
72356956,0.09520000,2254.80000000,160086511,160086512,1782868365150360,True,True
72356957,0.09530000,1546.46000000,160086513,160086513,1782868365201278,False,True
72356958,0.09530000,1546.46000000,160086514,160086514,1782868365201553,False,True
72356959,0.09520000,3566.30000000,160086515,160086515,1782868365204900,True,True
72356960,0.09530000,1546.46000000,160086516,160086517,1782868365258239,False,True
72356961,0.09530000,1546.46000000,160086518,160086519,1782868365258579,False,True
72356962,0.09520000,3500.00000000,160086520,160086521,1782868365580090,True,True
72356963,0.09510000,825.80000000,160086522,160086522,1782868365896605,True,True
72356964,0.09510000,1408.61000000,160086523,160086526,1782868365896605,True,True
72356965,0.09500000,642.06000000,160086527,160086527,1782868365896605,True,True
72356966,0.09500000,263.15000000,160086528,160086528,1782868365896605,True,True
72356967,0.09500000,700.90000000,160086529,160086529,1782868365897177,True,True
72356968,0.09500000,2261.90000000,160086530,160086532,1782868365897556,True,True
72356969,0.09500000,700.90000000,160086533,160086536,1782868365897588,True,True
72356970,0.09500000,825.80000000,160086537,160086537,1782868365898645,True,True
72356971,0.09500000,825.80000000,160086538,160086540,1782868365898787,True,True
72356972,0.09500000,2261.90000000,160086541,160086541,1782868365899692,True,True
72356973,0.09500000,486.20000000,160086542,160086542,1782868366074925,True,True
72356974,0.09500000,3529.73000000,160086543,160086547,1782868366075280,True,True
72356975,0.09490000,881.07000000,160086548,160086548,1782868366075280,True,True
72356976,0.09490000,4410.80000000,160086549,160086551,1782868366078848,True,True
72356977,0.09490000,4748.10000000,160086552,160086555,1782868366128332,True,True
72356978,0.09500000,2519.33000000,160086556,160086556,1782868366143199,False,True
72356979,0.09500000,894.25000000,160086557,160086558,1782868366274780,False,True
72356980,0.09490000,557.30000000,160086559,160086559,1782868366338131,True,True
72356981,0.09500000,222.06000000,160086560,160086560,1782868366404320,False,True
72356982,0.09490000,944.88000000,160086561,160086565,1782868366568482,True,True
72356983,0.09490000,125.00000000,160086566,160086566,1782868366677304,False,True
72356984,0.09500000,2140.82000000,160086567,160086567,1782868366677304,False,True
72356985,0.09490000,6554.22000000,160086568,160086569,1782868366683611,False,True
72356986,0.09490000,5274.26000000,160086570,160086571,1782868366822141,True,True
72356987,0.09490000,996.48000000,160086572,160086572,1782868366911537,True,True
72356988,0.09500000,105.38000000,160086573,160086573,1782868366984725,False,True
72356989,0.09500000,6978.46000000,160086574,160086578,1782868367022282,False,True
72356990,0.09500000,242.37000000,160086579,160086580,1782868367411184,False,True
72356991,0.09490000,361.80000000,160086581,160086581,1782868367439081,True,True
72356992,0.09490000,361.90000000,160086582,160086582,1782868367439188,True,True
72356993,0.09490000,4138.60000000,160086583,160086586,1782868367439519,True,True
72356994,0.09490000,1205.81000000,160086587,160086592,1782868367439758,True,True
72356995,0.09480000,361.80000000,160086593,160086593,1782868367440115,True,True
72356996,0.09490000,1000.00000000,160086594,160086594,1782868367443221,False,True
72356997,0.09490000,386.69000000,160086595,160086596,1782868367797031,False,True
72356998,0.09490000,105.10000000,160086597,160086597,1782868367847099,False,True
72356999,0.09490000,19.90000000,160086598,160086598,1782868367871023,False,True
72357000,0.09500000,15284.12000000,160086599,160086604,1782868367874452,False,True
72357001,0.09500000,105.38000000,160086605,160086605,1782868367935174,False,True
72357002,0.09500000,653.35000000,160086606,160086606,1782868368443143,False,True
72357003,0.09500000,252.91000000,160086607,160086607,1782868368964871,False,True
72357004,0.09500000,1537.45000000,160086608,160086608,1782868369271576,False,True
72357005,0.09500000,58.32000000,160086609,160086609,1782868369922258,False,True
72357006,0.09500000,9094.29000000,160086610,160086614,1782868370057925,False,True
72357007,0.09500000,283.57000000,160086615,160086616,1782868370107701,False,True
72357008,0.09500000,3500.00000000,160086617,160086618,1782868370686920,False,True
72357009,0.09500000,125.00000000,160086619,160086619,1782868371550317,True,True
72357010,0.09500000,73.76000000,160086620,160086620,1782868371730971,False,True
72357011,0.09490000,8890.00000000,160086621,160086623,1782868372573536,True,True
72357012,0.09490000,182.56000000,160086624,160086625,1782868372585991,True,True
72357013,0.09480000,254.74000000,160086626,160086626,1782868372585991,True,True
72357014,0.09480000,437.30000000,160086627,160086627,1782868372598117,True,True
72357015,0.09490000,1000.00000000,160086628,160086628,1782868372604549,False,True
72357016,0.09480000,437.30000000,160086629,160086630,1782868372607377,True,True
72357017,0.09480000,437.30000000,160086631,160086631,1782868372607929,True,True
72357018,0.09490000,2080.00000000,160086632,160086633,1782868372617853,False,True
72357019,0.09490000,2018.67000000,160086634,160086635,1782868373212395,False,True
72357020,0.09490000,1090.24000000,160086636,160086637,1782868373509773,False,True
72357021,0.09500000,182.69000000,160086638,160086639,1782868374692271,False,True
72357022,0.09500000,125.00000000,160086640,160086640,1782868375077928,True,True
72357023,0.09490000,3924.80000000,160086641,160086642,1782868375086678,True,True
72357024,0.09490000,3864.90000000,160086643,160086644,1782868375089289,True,True
72357025,0.09490000,4078.40000000,160086645,160086645,1782868375091918,True,True
72357026,0.09490000,1125.00000000,160086646,160086647,1782868375512483,True,True
72357027,0.09480000,2538.26000000,160086648,160086652,1782868378115616,True,True
72357028,0.09480000,104.77000000,160086653,160086653,1782868378434732,False,True
72357029,0.09480000,125.00000000,160086654,160086655,1782868378517618,False,True
72357030,0.09490000,116.04000000,160086656,160086656,1782868378947616,False,True
72357031,0.09480000,3500.00000000,160086657,160086658,1782868379122875,True,True
72357032,0.09480000,1142.58000000,160086659,160086659,1782868379718937,False,True
72357033,0.09480000,125.00000000,160086660,160086660,1782868380042590,False,True
72357034,0.09490000,115.95000000,160086661,160086661,1782868380715293,False,True
72357035,0.09490000,4643.76000000,160086662,160086665,1782868380803846,False,True
72357036,0.09490000,311.12000000,160086666,160086667,1782868381232329,False,True
72357037,0.09490000,58.37000000,160086668,160086668,1782868381575758,False,True
72357038,0.09490000,348.12000000,160086669,160086669,1782868382001591,False,True
72357039,0.09480000,993.32000000,160086670,160086671,1782868382493987,True,True
72357040,0.09480000,125.00000000,160086672,160086672,1782868384234655,True,True
72357041,0.09470000,1366.88000000,160086673,160086678,1782868384469341,True,True
72357042,0.09470000,125.00000000,160086679,160086679,1782868384867354,False,True
72357043,0.09480000,116.16000000,160086680,160086680,1782868385236723,False,True
72357044,0.09480000,58.43000000,160086681,160086681,1782868387591316,False,True
72357045,0.09470000,3497.23000000,160086682,160086683,1782868387703793,True,True
72357046,0.09470000,125.00000000,160086684,160086684,1782868389014753,False,True
72357047,0.09470000,125.00000000,160086685,160086685,1782868389600095,True,True
72357048,0.09470000,366.85000000,160086686,160086686,1782868390055855,False,True
72357049,0.09470000,125.00000000,160086687,160086687,1782868391693803,False,True
72357050,0.09470000,4928.93000000,160086688,160086688,1782868393622884,True,True
72357051,0.09470000,4373.07000000,160086689,160086689,1782868393622886,True,True
72357052,0.09470000,9233.20000000,160086690,160086691,1782868393622921,True,True
72357053,0.09470000,9658.77000000,160086692,160086692,1782868393622946,True,True
72357054,0.09470000,2149.07000000,160086693,160086693,1782868393623085,True,True
72357055,0.09470000,2143.62000000,160086694,160086694,1782868393623177,True,True
72357056,0.09470000,1850.37000000,160086695,160086695,1782868393623249,True,True
72357057,0.09460000,56295.69000000,160086696,160086704,1782868393833281,True,True
72357058,0.09460000,2895.74000000,160086705,160086705,1782868393841267,True,True
72357059,0.09450000,1349.32000000,160086706,160086707,1782868394043559,True,True
72357060,0.09450000,2388.04000000,160086708,160086712,1782868394830834,True,True
72357061,0.09450000,2951.15000000,160086713,160086713,1782868394831996,True,True
72357062,0.09450000,3375.00000000,160086714,160086714,1782868394834687,True,True
72357063,0.09450000,3375.00000000,160086715,160086715,1782868394837570,True,True
72357064,0.09450000,12457.27000000,160086716,160086718,1782868395079719,False,True
72357065,0.09450000,5722.95000000,160086719,160086719,1782868395079823,False,True
72357066,0.09450000,8673.65000000,160086720,160086721,1782868395079890,False,True
72357067,0.09450000,9087.13000000,160086722,160086724,1782868395079988,False,True
72357068,0.09440000,3493.56000000,160086725,160086728,1782868395080269,True,True
72357069,0.09450000,3560.99000000,160086729,160086729,1782868395082040,False,True
72357070,0.09440000,5302.22000000,160086730,160086731,1782868395084289,True,True
72357071,0.09450000,125.00000000,160086732,160086732,1782868395154981,False,True
72357072,0.09460000,126.90000000,160086733,160086733,1782868395737374,False,True
72357073,0.09460000,2304.59000000,160086734,160086734,1782868396139237,False,True
72357074,0.09460000,3504.43000000,160086735,160086738,1782868396159526,False,True
72357075,0.09460000,125.00000000,160086739,160086739,1782868396165955,False,True
72357076,0.09460000,125.00000000,160086740,160086740,1782868396211812,False,True
72357077,0.09460000,125.00000000,160086741,160086741,1782868396217494,False,True
72357078,0.09470000,116.20000000,160086742,160086742,1782868396662368,False,True
72357079,0.09470000,63.42000000,160086743,160086743,1782868397418650,False,True
72357080,0.09470000,63.38000000,160086744,160086744,1782868397537745,False,True
72357081,0.09460000,125.00000000,160086745,160086745,1782868397879701,False,True
72357082,0.09460000,460.03000000,160086746,160086746,1782868398069028,True,True
72357083,0.09460000,170.83000000,160086747,160086748,1782868400085484,False,True
72357084,0.09450000,3512.07000000,160086749,160086751,1782868401500719,True,True
72357085,0.09450000,296.38000000,160086752,160086753,1782868401888487,False,True
72357086,0.09460000,1144.43000000,160086754,160086754,1782868401907236,False,True
72357087,0.09460000,633.87000000,160086755,160086759,1782868402554815,False,True
72357088,0.09450000,1137.07000000,160086760,160086762,1782868403694578,True,True
72357089,0.09440000,9045.89000000,160086763,160086764,1782868405350653,True,True
72357090,0.09440000,100.00000000,160086765,160086765,1782868405533421,False,True
72357091,0.09440000,74.18000000,160086766,160086766,1782868405545197,False,True
72357092,0.09440000,84.78000000,160086767,160086768,1782868405549828,False,True
72357093,0.09440000,1886.53000000,160086769,160086771,1782868405581188,False,True
72357094,0.09440000,1732.81000000,160086772,160086774,1782868405594190,False,True
72357095,0.09450000,572.26000000,160086775,160086775,1782868405942577,False,True
72357096,0.09450000,58.64000000,160086776,160086776,1782868407366874,False,True
72357097,0.09450000,127.03000000,160086777,160086777,1782868407415893,False,True
72357098,0.09440000,5678.10000000,160086778,160086779,1782868409918942,True,True
72357099,0.09440000,14990.16000000,160086780,160086780,1782868409921887,True,True
72357100,0.09440000,108.60000000,160086781,160086781,1782868411472085,False,True
72357101,0.09440000,1547.24000000,160086782,160086783,1782868411559834,False,True
72357102,0.09440000,169.67000000,160086784,160086784,1782868411564739,False,True
72357103,0.09440000,18907.59000000,160086785,160086786,1782868412039052,False,True
72357104,0.09450000,497.33000000,160086787,160086789,1782868412322566,False,True
72357105,0.09460000,1374.77000000,160086790,160086790,1782868413431053,False,True
72357106,0.09450000,125.00000000,160086791,160086791,1782868414511591,False,True
72357107,0.09450000,125.00000000,160086792,160086792,1782868417150739,False,True
72357108,0.09460000,182.96000000,160086793,160086794,1782868418088006,False,True
72357109,0.09460000,1000.00000000,160086795,160086795,1782868418751778,False,True
72357110,0.09460000,125.00000000,160086796,160086796,1782868423865040,False,True
72357111,0.09470000,182.89000000,160086797,160086798,1782868425917503,False,True
72357112,0.09470000,328.84000000,160086799,160086800,1782868427378534,True,True
72357113,0.09480000,1000.00000000,160086801,160086803,1782868427878327,False,True
72357114,0.09480000,1673.77000000,160086804,160086807,1782868427881564,False,True
72357115,0.09480000,240.72000000,160086808,160086809,1782868428239213,True,True
72357116,0.09470000,159.37000000,160086810,160086810,1782868428239213,True,True
72357117,0.09480000,2077.93000000,160086811,160086811,1782868428241238,False,True
72357118,0.09480000,1000.00000000,160086812,160086812,1782868428242243,False,True
72357119,0.09490000,1280.00000000,160086813,160086814,1782868429527008,False,True
72357120,0.09490000,505.49000000,160086815,160086815,1782868429528805,False,True
72357121,0.09490000,971.20000000,160086816,160086816,1782868429529392,False,True
72357122,0.09490000,581.98000000,160086817,160086818,1782868429529563,False,True
72357123,0.09490000,57.86000000,160086819,160086819,1782868431352065,True,True
72357124,0.09500000,182.69000000,160086820,160086821,1782868433935193,False,True
72357125,0.09500000,1106.26000000,160086822,160086822,1782868434688192,True,True
72357126,0.09500000,457.36000000,160086823,160086823,1782868436263488,True,True
72357127,0.09510000,142.75000000,160086824,160086825,1782868436995919,False,True
72357128,0.09510000,1000.00000000,160086826,160086826,1782868437052768,False,True
72357129,0.09510000,1217.12000000,160086827,160086830,1782868437061566,False,True
72357130,0.09510000,526.03000000,160086831,160086831,1782868439564508,True,True
72357131,0.09520000,182.56000000,160086832,160086833,1782868440192638,False,True
72357132,0.09520000,1995.55000000,160086834,160086834,1782868440195893,True,True
72357133,0.09520000,7356.68000000,160086835,160086837,1782868440196483,True,True
72357134,0.09520000,3991.10000000,160086838,160086839,1782868440196632,True,True
72357135,0.09530000,26561.50000000,160086840,160086844,1782868440815397,False,True
72357136,0.09530000,1563.62000000,160086845,160086845,1782868440819594,False,True
72357137,0.09530000,125.00000000,160086846,160086846,1782868440824568,False,True
72357138,0.09540000,5341.80000000,160086847,160086850,1782868441489298,False,True
72357139,0.09540000,5832.88000000,160086851,160086852,1782868441500395,False,True
72357140,0.09550000,2232.81000000,160086853,160086855,1782868444654353,False,True
72357141,0.09550000,297.49000000,160086856,160086857,1782868444910462,True,True
72357142,0.09550000,125.00000000,160086858,160086858,1782868445422756,False,True
72357143,0.09550000,4020.74000000,160086859,160086861,1782868446277459,True,True
72357144,0.09540000,4020.74000000,160086862,160086864,1782868449426871,True,True
72357145,0.09540000,125.00000000,160086865,160086865,1782868449748986,False,True
72357146,0.09540000,125.00000000,160086866,160086866,1782868450603580,True,True
72357147,0.09530000,89.03000000,160086867,160086867,1782868451394660,True,True
72357148,0.09530000,141.23000000,160086868,160086868,1782868451501389,True,True
72357149,0.09530000,182.30000000,160086869,160086870,1782868452968892,True,True
72357150,0.09520000,100.00000000,160086871,160086871,1782868454178976,True,True
72357151,0.09530000,125.00000000,160086872,160086872,1782868457045093,False,True
72357152,0.09530000,125.00000000,160086873,160086873,1782868457094352,False,True
72357153,0.09530000,125.00000000,160086874,160086874,1782868457111398,False,True
72357154,0.09530000,125.00000000,160086875,160086875,1782868457135157,False,True
72357155,0.09530000,125.00000000,160086876,160086876,1782868457146464,False,True
72357156,0.09530000,125.00000000,160086877,160086877,1782868457156269,False,True
72357157,0.09530000,635.94000000,160086878,160086878,1782868457933901,False,True
72357158,0.09530000,765.10000000,160086879,160086879,1782868457934934,False,True
72357159,0.09530000,125.00000000,160086880,160086880,1782868458873393,True,True
72357160,0.09530000,125.00000000,160086881,160086881,1782868459765828,False,True
72357161,0.09530000,125.00000000,160086882,160086882,1782868459771756,False,True
72357162,0.09530000,125.00000000,160086883,160086883,1782868459782568,False,True
72357163,0.09530000,125.00000000,160086884,160086884,1782868459788495,False,True
72357164,0.09530000,125.00000000,160086885,160086885,1782868459990621,False,True
72357165,0.09530000,125.00000000,160086886,160086886,1782868460237256,False,True
72357166,0.09530000,125.00000000,160086887,160086887,1782868460819417,False,True
72357167,0.09530000,125.00000000,160086888,160086888,1782868460834570,False,True
72357168,0.09530000,125.00000000,160086889,160086889,1782868460876200,False,True
72357169,0.09530000,125.00000000,160086890,160086890,1782868460890438,False,True
72357170,0.09530000,3500.00000000,160086891,160086892,1782868463932320,True,True
72357171,0.09520000,237.47000000,160086893,160086895,1782868469093918,True,True
72357172,0.09510000,2302.24000000,160086896,160086899,1782868476484302,True,True
72357173,0.09510000,63.16000000,160086900,160086900,1782868479417423,False,True
72357174,0.09510000,125.00000000,160086901,160086902,1782868479589430,False,True
72357175,0.09510000,3393.06000000,160086903,160086904,1782868485357277,True,True
72357176,0.09500000,2500.00000000,160086905,160086905,1782868487714020,True,True
72357177,0.09510000,125.00000000,160086906,160086906,1782868491529843,False,True
72357178,0.09510000,125.00000000,160086907,160086907,1782868491535977,False,True
72357179,0.09510000,3000.00000000,160086908,160086908,1782868496630750,True,True
72357180,0.09520000,182.56000000,160086909,160086910,1782868500019936,False,True
72357181,0.09520000,125.00000000,160086911,160086911,1782868500058511,False,True
72357182,0.09520000,125.00000000,160086912,160086912,1782868500065858,False,True
72357183,0.09530000,3490.62000000,160086913,160086914,1782868500712792,False,True
72357184,0.09530000,692.59000000,160086915,160086915,1782868500800640,False,True
72357185,0.09530000,588.81000000,160086916,160086916,1782868500800659,False,True
72357186,0.09530000,182.50000000,160086917,160086918,1782868500839849,False,True
72357187,0.09540000,8398.68000000,160086919,160086921,1782868504439548,False,True
72357188,0.09540000,1176.57000000,160086922,160086923,1782868504440899,False,True
72357189,0.09540000,125.00000000,160086924,160086924,1782868504781121,True,True
72357190,0.09540000,1660.51000000,160086925,160086926,1782868507538738,False,True
72357191,0.09540000,1403.20000000,160086927,160086927,1782868507539144,False,True
72357192,0.09540000,349.08000000,160086928,160086928,1782868507539313,False,True
72357193,0.09550000,2290.92000000,160086929,160086932,1782868509734902,False,True
72357194,0.09560000,182.30000000,160086933,160086934,1782868510965238,False,True
72357195,0.09560000,992.00000000,160086935,160086937,1782868511860933,True,True
72357196,0.09550000,182.17000000,160086938,160086939,1782868513304887,True,True
72357197,0.09540000,8606.01000000,160086940,160086945,1782868514944172,True,True
72357198,0.09550000,282.10000000,160086946,160086947,1782868518728255,False,True
72357199,0.09550000,125.00000000,160086948,160086948,1782868518734077,False,True
72357200,0.09560000,182.30000000,160086949,160086950,1782868524019208,False,True
72357201,0.09560000,709.37000000,160086951,160086952,1782868525288052,True,True
72357202,0.09560000,125.00000000,160086953,160086953,1782868527998095,True,True
72357203,0.09560000,6736.85000000,160086954,160086957,1782868537901239,False,True
72357204,0.09570000,10170.71000000,160086958,160086966,1782868537973151,False,True
72357205,0.09570000,3826.80000000,160086967,160086968,1782868538696965,False,True
72357206,0.09570000,3500.00000000,160086969,160086970,1782868538740090,False,True
72357207,0.09570000,1221.51000000,160086971,160086971,1782868539610962,True,True
72357208,0.09570000,1462.16000000,160086972,160086972,1782868540376691,True,True
72357209,0.09580000,128.86000000,160086973,160086973,1782868541416654,False,True
72357210,0.09580000,242.62000000,160086974,160086976,1782868543191408,False,True
72357211,0.09580000,1136.88000000,160086977,160086977,1782868543622701,True,True
72357212,0.09580000,125.00000000,160086978,160086978,1782868544609489,True,True
72357213,0.09580000,104.38000000,160086979,160086979,1782868546172858,False,True
72357214,0.09580000,3000.00000000,160086980,160086981,1782868546175118,False,True
72357215,0.09570000,182.04000000,160086982,160086983,1782868548617363,True,True
72357216,0.09560000,125.00000000,160086984,160086984,1782868558005032,True,True
72357217,0.09550000,3075.34000000,160086985,160086985,1782868558775727,True,True
72357218,0.09550000,182.17000000,160086986,160086987,1782868565171314,True,True
72357219,0.09550000,3271.18000000,160086988,160086989,1782868572188836,False,True
72357220,0.09550000,125.00000000,160086990,160086990,1782868576227348,True,True
72357221,0.09540000,2301.91000000,160086991,160086994,1782868580317163,True,True
72357222,0.09530000,182.30000000,160086995,160086996,1782868583616524,True,True
72357223,0.09530000,63.03000000,160086997,160086997,1782868586692320,False,True
72357224,0.09530000,125.00000000,160086998,160086998,1782868587970200,False,True
72357225,0.09530000,125.00000000,160086999,160086999,1782868589420372,True,True
72357226,0.09520000,3557.36000000,160087000,160087002,1782868593125100,True,True
72357227,0.09520000,125.00000000,160087003,160087003,1782868593629830,False,True
72357228,0.09530000,1892.09000000,160087004,160087005,1782868593629830,False,True
72357229,0.09520000,2214.85000000,160087006,160087006,1782868595602317,True,True
72357230,0.09520000,125.00000000,160087007,160087007,1782868595603827,True,True
72357231,0.09510000,1035.36000000,160087008,160087010,1782868596543475,True,True
72357232,0.09520000,1545.86000000,160087011,160087013,1782868597179741,False,True
72357233,0.09520000,125.00000000,160087014,160087014,1782868598274945,False,True
72357234,0.09520000,3106.57000000,160087015,160087015,1782868598775033,True,True
72357235,0.09520000,13248.35000000,160087016,160087017,1782868608277888,True,True
72357236,0.09520000,3408.48000000,160087018,160087019,1782868622681156,False,True
72357237,0.09520000,91.52000000,160087020,160087020,1782868626049927,False,True
72357238,0.09530000,182.50000000,160087021,160087022,1782868628456204,False,True
72357239,0.09530000,962.31000000,160087023,160087023,1782868629240720,True,True
72357240,0.09530000,138.70000000,160087024,160087024,1782868629256066,True,True
72357241,0.09530000,135.61000000,160087025,160087025,1782868629256433,True,True
72357242,0.09540000,182.43000000,160087026,160087027,1782868630556064,False,True
72357243,0.09540000,125.00000000,160087028,160087028,1782868630942374,True,True
72357244,0.09540000,125.00000000,160087029,160087029,1782868631982160,False,True
72357245,0.09540000,3648.41000000,160087030,160087031,1782868632754352,True,True
72357246,0.09540000,125.00000000,160087032,160087032,1782868639942788,False,True
72357247,0.09540000,125.00000000,160087033,160087033,1782868651395272,True,True
72357248,0.09540000,125.00000000,160087034,160087034,1782868652216256,False,True
72357249,0.09540000,125.00000000,160087035,160087035,1782868654135270,True,True
72357250,0.09530000,76.84000000,160087036,160087037,1782868655398828,True,True
72357251,0.09530000,105.46000000,160087038,160087038,1782868657594939,True,True
72357252,0.09530000,200.00000000,160087039,160087039,1782868664742799,False,True
72357253,0.09530000,1795.92000000,160087040,160087042,1782868666092949,False,True
72357254,0.09530000,1664.56000000,160087043,160087044,1782868666097576,False,True
72357255,0.09530000,125.00000000,160087045,160087046,1782868666134659,False,True
72357256,0.09540000,182.43000000,160087047,160087048,1782868678837742,False,True
72357257,0.09540000,125.00000000,160087049,160087049,1782868680711915,True,True
72357258,0.09540000,125.00000000,160087050,160087050,1782868683726010,False,True
72357259,0.09540000,125.00000000,160087051,160087051,1782868691976383,True,True
72357260,0.09540000,125.00000000,160087052,160087052,1782868693604778,False,True
72357261,0.09550000,439.69000000,160087053,160087055,1782868695727268,False,True
72357262,0.09550000,104.88000000,160087056,160087056,1782868697637242,True,True
72357263,0.09550000,658.05000000,160087057,160087059,1782868697647477,True,True
72357264,0.09550000,125.00000000,160087060,160087060,1782868705235311,True,True
72357265,0.09550000,64.87000000,160087061,160087061,1782868712421277,False,True
72357266,0.09550000,452.80000000,160087062,160087065,1782868714055329,False,True
72357267,0.09560000,182.30000000,160087066,160087067,1782868719220064,False,True
72357268,0.09560000,125.00000000,160087068,160087068,1782868720452959,True,True
72357269,0.09550000,756.72000000,160087069,160087069,1782868722606447,True,True
72357270,0.09560000,125.00000000,160087070,160087070,1782868725731914,False,True
72357271,0.09560000,125.00000000,160087071,160087071,1782868725898115,True,True
72357272,0.09560000,125.00000000,160087072,160087072,1782868727899128,False,True
72357273,0.09560000,125.00000000,160087073,160087073,1782868731434620,False,True
72357274,0.09560000,125.00000000,160087074,160087074,1782868739156682,True,True
72357275,0.09560000,532.60000000,160087075,160087076,1782868739739486,False,True
72357276,0.09560000,125.00000000,160087077,160087077,1782868743458040,True,True
72357277,0.09550000,3604.71000000,160087078,160087080,1782868744397367,True,True
72357278,0.09550000,125.00000000,160087081,160087081,1782868745857813,False,True
72357279,0.09560000,182.30000000,160087082,160087083,1782868749815246,False,True
72357280,0.09560000,107.74000000,160087084,160087084,1782868753078111,True,True
72357281,0.09570000,1000.00000000,160087085,160087086,1782868770574827,False,True
72357282,0.09570000,904.44000000,160087087,160087088,1782868770595915,False,True
72357283,0.09570000,397.47000000,160087089,160087090,1782868770617247,False,True
72357284,0.09570000,125.00000000,160087091,160087091,1782868770724372,True,True
72357285,0.09560000,99.68000000,160087092,160087092,1782868773264488,True,True
72357286,0.09560000,793.51000000,160087093,160087093,1782868773264893,True,True
72357287,0.09570000,125.00000000,160087094,160087094,1782868775114302,False,True
72357288,0.09570000,125.00000000,160087095,160087095,1782868775120931,False,True
72357289,0.09570000,125.00000000,160087096,160087096,1782868781701328,True,True
72357290,0.09570000,125.00000000,160087097,160087097,1782868789570958,False,True
72357291,0.09580000,182.17000000,160087098,160087099,1782868792034061,False,True
72357292,0.09580000,2444.02000000,160087100,160087100,1782868792833561,True,True
72357293,0.09580000,125.00000000,160087101,160087101,1782868793362787,True,True
72357294,0.09580000,125.00000000,160087102,160087102,1782868798378248,False,True
72357295,0.09580000,125.00000000,160087103,160087103,1782868800428170,True,True
72357296,0.09570000,105.11000000,160087104,160087104,1782868801225401,True,True
72357297,0.09580000,125.00000000,160087105,160087105,1782868803736427,False,True
72357298,0.09580000,125.00000000,160087106,160087106,1782868807244490,True,True
72357299,0.09570000,182.04000000,160087107,160087108,1782868823589100,True,True
72357300,0.09570000,125.00000000,160087109,160087109,1782868830214894,False,True
72357301,0.09570000,125.00000000,160087110,160087110,1782868831310691,True,True
72357302,0.09570000,125.00000000,160087111,160087111,1782868833176385,False,True
72357303,0.09580000,182.17000000,160087112,160087113,1782868835241078,False,True
72357304,0.09580000,125.00000000,160087114,160087114,1782868836445118,True,True
72357305,0.09570000,717.38000000,160087115,160087115,1782868837249166,True,True
72357306,0.09580000,125.00000000,160087116,160087116,1782868839595114,False,True
72357307,0.09580000,125.00000000,160087117,160087117,1782868847136664,True,True
72357308,0.09580000,125.00000000,160087118,160087118,1782868859151705,False,True
72357309,0.09580000,125.00000000,160087119,160087119,1782868860799683,True,True
72357310,0.09580000,125.00000000,160087120,160087120,1782868867850186,False,True
72357311,0.09580000,1350.49000000,160087121,160087122,1782868881239998,True,True
72357312,0.09580000,65.31000000,160087123,160087123,1782868883270030,True,True
72357313,0.09580000,58.10000000,160087124,160087124,1782868885193168,True,True
72357314,0.09590000,239.66000000,160087125,160087127,1782868889131223,False,True
72357315,0.09590000,156.65000000,160087128,160087128,1782868889614848,True,True
72357316,0.09590000,554.42000000,160087129,160087129,1782868891333716,True,True
72357317,0.09590000,99.92000000,160087130,160087130,1782868891334757,True,True
72357318,0.09590000,125.00000000,160087131,160087131,1782868892797466,True,True
72357319,0.09580000,181.97000000,160087132,160087133,1782868903344706,True,True
72357320,0.09570000,182.04000000,160087134,160087135,1782868920231041,True,True
72357321,0.09570000,3752.43000000,160087136,160087137,1782868924029615,False,True
72357322,0.09570000,125.00000000,160087138,160087138,1782868928894354,True,True
72357323,0.09570000,125.00000000,160087139,160087139,1782868934877039,False,True
72357324,0.09580000,3735.70000000,160087140,160087144,1782868951104183,False,True
72357325,0.09580000,1036.96000000,160087145,160087146,1782868951105956,False,True
72357326,0.09580000,2626.34000000,160087147,160087147,1782868951107580,False,True
72357327,0.09580000,125.00000000,160087148,160087148,1782868951144105,False,True
72357328,0.09580000,125.00000000,160087149,160087149,1782868954829566,True,True
72357329,0.09580000,125.00000000,160087150,160087150,1782868962854969,False,True
72357330,0.09590000,182.10000000,160087151,160087152,1782868963523933,False,True
72357331,0.09600000,1947.91000000,160087153,160087153,1782868963778782,False,True
72357332,0.09590000,125.00000000,160087154,160087154,1782868964239349,True,True
72357333,0.09590000,125.00000000,160087155,160087155,1782868968755219,False,True
72357334,0.09590000,11026.43000000,160087156,160087157,1782868970739306,True,True
72357335,0.09590000,8381.48000000,160087158,160087159,1782868970741057,True,True
72357336,0.09590000,125.00000000,160087160,160087160,1782868971377377,False,True
72357337,0.09590000,125.00000000,160087161,160087161,1782868976212619,True,True
72357338,0.09580000,181.97000000,160087162,160087163,1782868981687766,True,True
72357339,0.09580000,125.00000000,160087164,160087164,1782868982894802,False,True
72357340,0.09580000,125.00000000,160087165,160087165,1782868986174740,True,True
72357341,0.09580000,125.00000000,160087166,160087166,1782868990260954,False,True
72357342,0.09580000,125.00000000,160087167,160087167,1782868991978617,True,True
72357343,0.09580000,125.00000000,160087168,160087168,1782868996775204,False,True
72357344,0.09580000,125.00000000,160087169,160087169,1782869005413647,True,True
72357345,0.09580000,125.00000000,160087170,160087170,1782869007398720,False,True
72357346,0.09580000,125.00000000,160087171,160087171,1782869010325357,True,True
72357347,0.09570000,182.04000000,160087172,160087173,1782869029946869,True,True
72357348,0.09570000,125.00000000,160087174,160087174,1782869030543502,False,True
72357349,0.09570000,125.00000000,160087175,160087175,1782869077636216,True,True
72357350,0.09570000,1000.00000000,160087176,160087176,1782869077643425,False,True
72357351,0.09560000,182.10000000,160087177,160087178,1782869089171062,True,True
72357352,0.09560000,125.00000000,160087179,160087179,1782869095655081,False,True
72357353,0.09570000,295.98000000,160087180,160087182,1782869105146997,False,True
72357354,0.09570000,125.00000000,160087183,160087183,1782869110020914,True,True
72357355,0.09570000,125.00000000,160087184,160087184,1782869118174991,False,True
72357356,0.09570000,125.00000000,160087185,160087185,1782869122973032,True,True
72357357,0.09560000,4304.45000000,160087186,160087189,1782869150032959,True,True
72357358,0.09560000,125.00000000,160087190,160087190,1782869157827581,True,True
72357359,0.09560000,2125.00000000,160087191,160087192,1782869173702474,False,True
72357360,0.09560000,523.01000000,160087193,160087193,1782869190068825,True,True
72357361,0.09570000,539.55000000,160087194,160087196,1782869192339149,False,True
72357362,0.09570000,838.14000000,160087197,160087197,1782869193233571,True,True
72357363,0.09570000,125.00000000,160087198,160087198,1782869207957971,True,True
72357364,0.09570000,125.00000000,160087199,160087199,1782869210835030,False,True
72357365,0.09570000,3500.00000000,160087200,160087201,1782869212344334,True,True
72357366,0.09570000,125.00000000,160087202,160087202,1782869217055462,False,True
72357367,0.09570000,125.00000000,160087203,160087203,1782869220762360,True,True
72357368,0.09560000,2182.10000000,160087204,160087206,1782869253853309,True,True
72357369,0.09560000,125.00000000,160087207,160087207,1782869267474895,False,True
72357370,0.09570000,182.23000000,160087208,160087209,1782869309289807,False,True
72357371,0.09570000,229.60000000,160087210,160087211,1782869317485685,True,True
72357372,0.09570000,626.81000000,160087212,160087213,1782869340321271,False,True
72357373,0.09570000,498.19000000,160087214,160087214,1782869340326268,False,True
72357374,0.09570000,125.00000000,160087215,160087215,1782869340343319,False,True
72357375,0.09580000,182.17000000,160087216,160087217,1782869351878654,False,True
72357376,0.09580000,125.00000000,160087218,160087218,1782869353232465,True,True
72357377,0.09570000,810.53000000,160087219,160087219,1782869353232465,True,True
72357378,0.09580000,125.00000000,160087220,160087220,1782869353903157,False,True
72357379,0.09580000,125.00000000,160087221,160087221,1782869355105564,True,True
72357380,0.09580000,125.00000000,160087222,160087222,1782869365419922,False,True
72357381,0.09580000,125.00000000,160087223,160087223,1782869367725820,True,True
72357382,0.09580000,125.00000000,160087224,160087224,1782869371961434,False,True
72357383,0.09580000,125.00000000,160087225,160087225,1782869374359099,True,True
72357384,0.09580000,125.00000000,160087226,160087226,1782869377907484,False,True
72357385,0.09580000,125.00000000,160087227,160087227,1782869379151801,True,True
72357386,0.09580000,1000.00000000,160087228,160087229,1782869403094350,False,True
72357387,0.09580000,904.34000000,160087230,160087230,1782869403105125,False,True
72357388,0.09580000,817.84000000,160087231,160087231,1782869403117316,False,True
72357389,0.09580000,501.12000000,160087232,160087232,1782869403128525,False,True
72357390,0.09580000,125.00000000,160087233,160087233,1782869403147751,False,True
72357391,0.09590000,182.10000000,160087234,160087235,1782869413615045,False,True
72357392,0.09590000,831.00000000,160087236,160087236,1782869415303669,True,True
72357393,0.09600000,167.50000000,160087237,160087237,1782869422409798,False,True
72357394,0.09600000,445.38000000,160087238,160087239,1782869424662235,False,True
72357395,0.09600000,3276.90000000,160087240,160087242,1782869424671968,False,True
72357396,0.09600000,618.43000000,160087243,160087244,1782869424741070,False,True
72357397,0.09600000,125.00000000,160087245,160087245,1782869425038660,True,True
72357398,0.09600000,125.00000000,160087246,160087246,1782869425369986,False,True
72357399,0.09600000,125.00000000,160087247,160087247,1782869427009812,True,True
72357400,0.09590000,57.91000000,160087248,160087248,1782869427424623,True,True
72357401,0.09590000,178.92000000,160087249,160087249,1782869427625914,True,True
72357402,0.09600000,1851.75000000,160087250,160087252,1782869433780790,False,True
72357403,0.09600000,956.11000000,160087253,160087253,1782869433783119,False,True
72357404,0.09600000,319.27000000,160087254,160087254,1782869433786412,False,True
72357405,0.09600000,486.59000000,160087255,160087255,1782869433811544,False,True
72357406,0.09600000,125.00000000,160087256,160087256,1782869436055887,True,True
72357407,0.09600000,125.00000000,160087257,160087257,1782869437755174,False,True
72357408,0.09600000,125.00000000,160087258,160087258,1782869443470202,True,True
72357409,0.09600000,668.38000000,160087259,160087260,1782869444538152,False,True
72357410,0.09600000,125.00000000,160087261,160087261,1782869453200819,True,True
72357411,0.09600000,125.00000000,160087262,160087262,1782869455528696,False,True
72357412,0.09600000,125.00000000,160087263,160087263,1782869458758795,True,True
72357413,0.09600000,125.00000000,160087264,160087264,1782869463418770,False,True
72357414,0.09600000,125.00000000,160087265,160087265,1782869503680741,True,True
72357415,0.09600000,125.00000000,160087266,160087266,1782869520422204,False,True
72357416,0.09600000,125.00000000,160087267,160087267,1782869522382584,True,True
72357417,0.09600000,125.00000000,160087268,160087268,1782869532501057,False,True
72357418,0.09600000,125.00000000,160087269,160087269,1782869545029160,True,True
72357419,0.09600000,6629.80000000,160087270,160087272,1782869560776888,False,True
72357420,0.09600000,430.89000000,160087273,160087273,1782869570329062,False,True
72357421,0.09600000,19450.00000000,160087274,160087277,1782869570329188,False,True
72357422,0.09600000,125.00000000,160087278,160087278,1782869570637083,True,True
72357423,0.09590000,16604.33000000,160087279,160087282,1782869582711946,True,True
72357424,0.09590000,125.00000000,160087283,160087283,1782869591674241,False,True
72357425,0.09590000,10291.71000000,160087284,160087286,1782869601567368,True,True
72357426,0.09590000,1830.70000000,160087287,160087288,1782869601568930,True,True
72357427,0.09580000,181.97000000,160087289,160087290,1782869627149138,True,True
72357428,0.09580000,125.00000000,160087291,160087291,1782869640798141,False,True
72357429,0.09580000,3500.00000000,160087292,160087293,1782869649860311,True,True
72357430,0.09570000,3347.07000000,160087294,160087296,1782869661086846,True,True
72357431,0.09570000,104.43000000,160087297,160087297,1782869661109969,True,True
72357432,0.09570000,3204.67000000,160087298,160087301,1782869661202782,True,True
72357433,0.09580000,76.00000000,160087302,160087302,1782869671821468,False,True
72357434,0.09580000,845.89000000,160087303,160087303,1782869676339298,False,True
72357435,0.09580000,1827.52000000,160087304,160087305,1782869680106680,False,True
72357436,0.09580000,160.77000000,160087306,160087306,1782869689803052,False,True
72357437,0.09570000,125.00000000,160087307,160087307,1782869696186451,True,True
72357438,0.09570000,125.00000000,160087308,160087308,1782869697315451,False,True
72357439,0.09580000,187.71000000,160087309,160087309,1782869697315451,False,True
72357440,0.09570000,125.00000000,160087310,160087310,1782869700376800,False,True
72357441,0.09580000,918.98000000,160087311,160087311,1782869726336080,False,True
72357442,0.09580000,182.17000000,160087312,160087313,1782869737978764,False,True
72357443,0.09580000,125.00000000,160087314,160087314,1782869742534265,True,True
72357444,0.09580000,125.00000000,160087315,160087315,1782869754402090,False,True
72357445,0.09590000,695.94000000,160087316,160087318,1782869808268171,False,True
72357446,0.09590000,1133.59000000,160087319,160087320,1782869808857874,True,True
72357447,0.09590000,120.22000000,160087321,160087321,1782869809323405,True,True
72357448,0.09590000,251.19000000,160087322,160087323,1782869831058050,True,True
72357449,0.09590000,125.00000000,160087324,160087324,1782869832235900,True,True
72357450,0.09590000,1000.00000000,160087325,160087325,1782869832239279,False,True
72357451,0.09580000,102.98000000,160087326,160087326,1782869835848938,True,True
72357452,0.09590000,3258.10000000,160087327,160087328,1782869852446926,False,True
72357453,0.09600000,1000.00000000,160087329,160087330,1782869885376885,False,True
72357454,0.09600000,904.14000000,160087331,160087332,1782869885407690,False,True
72357455,0.09600000,397.58000000,160087333,160087334,1782869885418644,False,True
72357456,0.09600000,1074.74000000,160087335,160087336,1782869887379022,True,True
72357457,0.09610000,326.97000000,160087337,160087339,1782869908943607,False,True
72357458,0.09610000,1286.56000000,160087340,160087340,1782869909869889,True,True
72357459,0.09610000,125.00000000,160087341,160087341,1782869909967323,True,True
72357460,0.09600000,57.86000000,160087342,160087342,1782869911390088,True,True
72357461,0.09600000,257.32000000,160087343,160087343,1782869911462176,True,True
72357462,0.09610000,125.00000000,160087344,160087344,1782869911715073,False,True
72357463,0.09610000,125.00000000,160087345,160087345,1782869912223334,True,True
72357464,0.09600000,57.79000000,160087346,160087346,1782869913252741,True,True
72357465,0.09600000,57.79000000,160087347,160087347,1782869913252785,True,True
72357466,0.09600000,76.44000000,160087348,160087348,1782869916021605,True,True
72357467,0.09610000,125.00000000,160087349,160087349,1782869917898879,False,True
72357468,0.09610000,125.00000000,160087350,160087350,1782869919646231,True,True
72357469,0.09610000,125.00000000,160087351,160087351,1782869920149099,False,True
72357470,0.09610000,104.55000000,160087352,160087352,1782869921316971,True,True
72357471,0.09620000,239.47000000,160087353,160087355,1782869925947225,False,True
72357472,0.09620000,2305.19000000,160087356,160087357,1782869926380712,True,True
72357473,0.09620000,587.29000000,160087358,160087358,1782869926380939,True,True
72357474,0.09630000,559.57000000,160087359,160087359,1782869927706733,False,True
72357475,0.09630000,889.37000000,160087360,160087361,1782869927710127,False,True
72357476,0.09630000,2860.84000000,160087362,160087364,1782869927710452,False,True
72357477,0.09630000,583.37000000,160087365,160087366,1782869927710858,False,True
72357478,0.09630000,1833.47000000,160087367,160087368,1782869928418232,True,True
72357479,0.09630000,125.00000000,160087369,160087369,1782869928920409,True,True
72357480,0.09630000,125.00000000,160087370,160087370,1782869930305792,False,True
72357481,0.09630000,1470.41000000,160087371,160087371,1782869930918349,True,True
72357482,0.09630000,125.00000000,160087372,160087372,1782869931240339,True,True
72357483,0.09630000,125.00000000,160087373,160087373,1782869931862752,False,True
72357484,0.09630000,125.00000000,160087374,160087374,1782869933755703,True,True
72357485,0.09630000,125.00000000,160087375,160087375,1782869935234619,False,True
72357486,0.09640000,1000.00000000,160087376,160087377,1782869940538298,False,True
72357487,0.09640000,77.85000000,160087378,160087378,1782869940544128,False,True
72357488,0.09640000,1539.41000000,160087379,160087379,1782869940544144,False,True
72357489,0.09640000,77.85000000,160087380,160087380,1782869940544203,False,True
72357490,0.09640000,77.85000000,160087381,160087381,1782869940544420,False,True
72357491,0.09640000,77.85000000,160087382,160087382,1782869940544456,False,True
72357492,0.09640000,77.85000000,160087383,160087383,1782869940544661,False,True
72357493,0.09640000,77.85000000,160087384,160087385,1782869940544702,False,True
72357494,0.09640000,119.75000000,160087386,160087386,1782869940545656,False,True
72357495,0.09640000,199.11000000,160087387,160087388,1782869941161862,True,True
72357496,0.09650000,3739.26000000,160087389,160087391,1782869946260516,False,True
72357497,0.09650000,3560.38000000,160087392,160087394,1782869946263633,False,True
72357498,0.09650000,3500.00000000,160087395,160087396,1782869946374276,True,True
72357499,0.09660000,2419.34000000,160087397,160087402,1782869948323881,False,True
72357500,0.09660000,1000.00000000,160087403,160087403,1782869948554393,True,True
72357501,0.09660000,125.00000000,160087404,160087404,1782869950157822,True,True
72357502,0.09660000,125.00000000,160087405,160087405,1782869952659884,False,True
72357503,0.09660000,125.00000000,160087406,160087406,1782869959025533,True,True
72357504,0.09660000,125.00000000,160087407,160087407,1782869961809235,False,True
72357505,0.09670000,419.49000000,160087408,160087410,1782869968685016,False,True
72357506,0.09670000,1910.30000000,160087411,160087411,1782869968685513,False,True
72357507,0.09670000,11301.34000000,160087412,160087417,1782869968686100,False,True
72357508,0.09680000,260.50000000,160087418,160087420,1782869968899683,False,True
72357509,0.09690000,2359.41000000,160087421,160087425,1782869969371293,False,True
72357510,0.09700000,1648.16000000,160087426,160087427,1782869969570232,False,True
72357511,0.09700000,12399.08000000,160087428,160087431,1782869969571198,False,True
72357512,0.09700000,3442.04000000,160087432,160087434,1782869969571745,False,True
72357513,0.09700000,12520.58000000,160087435,160087436,1782869969736535,True,True
72357514,0.09700000,1222.35000000,160087437,160087438,1782869969740187,True,True
72357515,0.09700000,1000.00000000,160087439,160087439,1782869969748902,False,True
72357516,0.09690000,181.27000000,160087440,160087441,1782869970919979,True,True
72357517,0.09680000,181.33000000,160087442,160087443,1782869972065349,True,True
72357518,0.09680000,2567.45000000,160087444,160087445,1782869972553836,False,True
72357519,0.09680000,3500.00000000,160087446,160087447,1782869972792516,True,True
72357520,0.09670000,181.40000000,160087448,160087449,1782869976013474,True,True
72357521,0.09670000,125.00000000,160087450,160087450,1782869985155195,False,True
72357522,0.09670000,3500.00000000,160087451,160087452,1782869985786721,True,True
72357523,0.09670000,125.00000000,160087453,160087453,1782869993996697,True,True
72357524,0.09660000,2261.05000000,160087454,160087458,1782869998794951,True,True
72357525,0.09660000,3472.65000000,160087459,160087460,1782869999344590,True,True
72357526,0.09660000,2078.52000000,160087461,160087462,1782869999371798,False,True
72357527,0.09660000,125.00000000,160087463,160087463,1782870000461615,True,True
72357528,0.09650000,3076.68000000,160087464,160087464,1782870000703423,True,True
72357529,0.09660000,333.19000000,160087465,160087466,1782870007864386,False,True
72357530,0.09660000,125.00000000,160087467,160087467,1782870008455675,True,True
72357531,0.09660000,125.00000000,160087468,160087468,1782870009015439,False,True
72357532,0.09660000,125.00000000,160087469,160087469,1782870012960556,True,True
72357533,0.09650000,2161.71000000,160087470,160087472,1782870019707667,True,True
72357534,0.09650000,4292.02000000,160087473,160087474,1782870032112245,True,True
72357535,0.09640000,181.59000000,160087475,160087476,1782870039197345,True,True
72357536,0.09640000,255.38000000,160087477,160087478,1782870041338727,False,True
72357537,0.09650000,159.86000000,160087479,160087479,1782870041338727,False,True
72357538,0.09640000,2088.78000000,160087480,160087480,1782870041340699,True,True
72357539,0.09640000,1367.12000000,160087481,160087482,1782870041383204,True,True
72357540,0.09640000,3500.00000000,160087483,160087485,1782870042187612,True,True
72357541,0.09640000,125.00000000,160087486,160087486,1782870042882808,False,True
72357542,0.09650000,181.71000000,160087487,160087488,1782870051593894,False,True
72357543,0.09660000,22482.42000000,160087489,160087495,1782870064496141,False,True
72357544,0.09660000,10600.41000000,160087496,160087496,1782870064497801,True,True
72357545,0.09660000,125.00000000,160087497,160087497,1782870067952400,False,True
72357546,0.09670000,2912.99000000,160087498,160087498,1782870068165021,False,True
72357547,0.09670000,1914.87000000,160087499,160087500,1782870068166693,False,True
72357548,0.09670000,1923.90000000,160087501,160087502,1782870068166849,False,True
72357549,0.09670000,1901.23000000,160087503,160087503,1782870068169041,False,True
72357550,0.09670000,1428.08000000,160087504,160087507,1782870068169498,False,True
72357551,0.09670000,10689.05000000,160087508,160087508,1782870068178147,False,True
72357552,0.09670000,181.59000000,160087509,160087510,1782870068235180,False,True
72357553,0.09680000,3364.72000000,160087511,160087514,1782870068522707,False,True
72357554,0.09680000,2789.85000000,160087515,160087516,1782870069663538,True,True
72357555,0.09680000,21201.83000000,160087517,160087519,1782870069832661,True,True
72357556,0.09680000,125.00000000,160087520,160087520,1782870071010160,False,True
72357557,0.09680000,2097.00000000,160087521,160087521,1782870071642779,True,True
72357558,0.09680000,125.00000000,160087522,160087522,1782870073648470,True,True
72357559,0.09680000,125.00000000,160087523,160087523,1782870074821278,True,True
72357560,0.09680000,3375.00000000,160087524,160087524,1782870075334385,True,True
72357561,0.09680000,3500.00000000,160087525,160087526,1782870076251973,True,True
72357562,0.09680000,125.00000000,160087527,160087527,1782870076901025,False,True
72357563,0.09680000,122.48000000,160087528,160087528,1782870077298127,True,True
72357564,0.09680000,125.00000000,160087529,160087529,1782870077942273,True,True
72357565,0.09670000,181.40000000,160087530,160087531,1782870104089942,True,True
72357566,0.09670000,148.91000000,160087532,160087532,1782870110445359,False,True
72357567,0.09660000,181.46000000,160087533,160087534,1782870115039088,True,True
72357568,0.09650000,125.00000000,160087535,160087536,1782870125651180,True,True
72357569,0.09660000,310.55000000,160087537,160087537,1782870125814778,False,True
72357570,0.09650000,125.00000000,160087538,160087539,1782870128477671,True,True
72357571,0.09650000,125.00000000,160087540,160087540,1782870151027131,False,True
72357572,0.09650000,125.00000000,160087541,160087541,1782870157872452,True,True
72357573,0.09650000,1191.29000000,160087542,160087543,1782870180547399,True,True
72357574,0.09650000,205.00000000,160087544,160087545,1782870191647242,False,True
72357575,0.09650000,3164.04000000,160087546,160087547,1782870212588972,False,True
72357576,0.09640000,4298.54000000,160087548,160087551,1782870216720881,True,True
72357577,0.09640000,125.00000000,160087552,160087552,1782870248575618,True,True
72357578,0.09640000,125.00000000,160087553,160087553,1782870251274910,False,True
72357579,0.09650000,196.40000000,160087554,160087554,1782870269571355,False,True
72357580,0.09650000,181.71000000,160087555,160087556,1782870283295020,False,True
72357581,0.09650000,517.15000000,160087557,160087558,1782870284102677,True,True
72357582,0.09640000,855.86000000,160087559,160087559,1782870284102677,True,True
72357583,0.09640000,181.59000000,160087560,160087561,1782870308661760,True,True
72357584,0.09640000,1000.00000000,160087562,160087562,1782870308668544,False,True
72357585,0.09640000,125.00000000,160087563,160087563,1782870309139970,False,True
72357586,0.09640000,125.00000000,160087564,160087564,1782870319341046,True,True
72357587,0.09640000,207.46000000,160087565,160087565,1782870320162528,False,True
72357588,0.09640000,125.00000000,160087566,160087566,1782870323873935,False,True
72357589,0.09640000,125.00000000,160087567,160087567,1782870323954866,True,True
72357590,0.09640000,125.00000000,160087568,160087568,1782870324190651,False,True
72357591,0.09640000,125.00000000,160087569,160087569,1782870325243679,False,True
72357592,0.09650000,181.71000000,160087570,160087571,1782870335117937,False,True
72357593,0.09660000,181.65000000,160087572,160087573,1782870341226763,False,True
72357594,0.09660000,125.00000000,160087574,160087574,1782870341847153,True,True
72357595,0.09650000,181.52000000,160087575,160087576,1782870349331816,True,True
72357596,0.09640000,181.59000000,160087577,160087578,1782870360943593,True,True
72357597,0.09640000,125.00000000,160087579,160087579,1782870366128185,False,True
72357598,0.09640000,125.00000000,160087580,160087580,1782870389010052,True,True
72357599,0.09630000,2301.33000000,160087581,160087584,1782870400106367,True,True
72357600,0.09630000,540.60000000,160087585,160087585,1782870401352402,False,True
72357601,0.09630000,125.00000000,160087586,160087586,1782870413170510,False,True
72357602,0.09630000,125.00000000,160087587,160087587,1782870417719539,True,True
72357603,0.09630000,125.00000000,160087588,160087588,1782870420974956,False,True
72357604,0.09630000,1000.00000000,160087589,160087589,1782870425832010,False,True
72357605,0.09630000,5192.10000000,160087590,160087592,1782870443738360,True,True
72357606,0.09640000,20746.88000000,160087593,160087597,1782870451339192,False,True
72357607,0.09640000,125.00000000,160087598,160087598,1782870475975098,False,True
72357608,0.09640000,2046.25000000,160087599,160087599,1782870476362804,True,True
72357609,0.09640000,103.90000000,160087600,160087600,1782870477220857,True,True
72357610,0.09640000,1349.85000000,160087601,160087602,1782870477742982,True,True
72357611,0.09640000,125.00000000,160087603,160087603,1782870483105944,False,True
72357612,0.09640000,1996.15000000,160087604,160087604,1782870487572623,True,True
72357613,0.09640000,125.00000000,160087605,160087605,1782870499942649,True,True
72357614,0.09630000,694.43000000,160087606,160087608,1782870511390414,True,True
72357615,0.09620000,415.98000000,160087609,160087612,1782870604808926,True,True
72357616,0.09610000,104.00000000,160087613,160087614,1782870614965273,True,True
72357617,0.09610000,3452.78000000,160087615,160087616,1782870615026812,True,True
72357618,0.09610000,416.70000000,160087617,160087617,1782870617326547,False,True
72357619,0.09610000,406.29000000,160087618,160087618,1782870619432952,False,True
72357620,0.09610000,957.79000000,160087619,160087621,1782870623252248,False,True
72357621,0.09610000,6502.65000000,160087622,160087623,1782870634069296,False,True
72357622,0.09620000,1341.59000000,160087624,160087624,1782870634609491,False,True
72357623,0.09610000,125.00000000,160087625,160087625,1782870669554915,True,True
72357624,0.09610000,104.05000000,160087626,160087626,1782870688698408,False,True
72357625,0.09610000,104.05000000,160087627,160087627,1782870697140509,False,True
72357626,0.09610000,125.00000000,160087628,160087628,1782870708805652,False,True
72357627,0.09620000,102.58000000,160087629,160087630,1782870754613963,False,True
72357628,0.09620000,79.33000000,160087631,160087631,1782870765470012,False,True
72357629,0.09620000,344.88000000,160087632,160087632,1782870767238438,True,True
72357630,0.09620000,67.66000000,160087633,160087633,1782870773837758,True,True
72357631,0.09630000,181.84000000,160087634,160087635,1782870893033621,False,True
72357632,0.09640000,2776.16000000,160087636,160087636,1782870903137989,False,True
72357633,0.09640000,275.00000000,160087637,160087639,1782870903140194,False,True
72357634,0.09640000,162.50000000,160087640,160087640,1782870903145710,False,True
72357635,0.09640000,903.54000000,160087641,160087641,1782870903629923,True,True
72357636,0.09640000,684.80000000,160087642,160087642,1782870903631093,True,True
72357637,0.09640000,125.00000000,160087643,160087643,1782870906071595,True,True
72357638,0.09630000,208.26000000,160087644,160087644,1782870906590999,True,True
72357639,0.09640000,125.00000000,160087645,160087645,1782870950290739,False,True
72357640,0.09640000,3520.50000000,160087646,160087646,1782870994314482,True,True
72357641,0.09640000,3475.62000000,160087647,160087649,1782870997933081,True,True
72357642,0.09640000,125.00000000,160087650,160087650,1782871029197238,False,True
72357643,0.09650000,103.62000000,160087651,160087651,1782871044901590,False,True
72357644,0.09640000,125.00000000,160087652,160087652,1782871046958202,True,True
72357645,0.09630000,636.18000000,160087653,160087654,1782871075583230,True,True
72357646,0.09620000,181.71000000,160087655,160087656,1782871195055144,True,True
72357647,0.09620000,30735.74000000,160087657,160087660,1782871219179512,False,True
72357648,0.09620000,197.08000000,160087661,160087662,1782871222599063,False,True
72357649,0.09620000,615.89000000,160087663,160087664,1782871241940847,False,True
72357650,0.09630000,437.70000000,160087665,160087667,1782871288952301,False,True
72357651,0.09630000,125.00000000,160087668,160087668,1782871297593507,True,True
72357652,0.09620000,181.71000000,160087669,160087670,1782871312054585,True,True
72357653,0.09620000,125.00000000,160087671,160087671,1782871318249837,False,True
72357654,0.09620000,103.96000000,160087672,160087672,1782871335457242,False,True
72357655,0.09620000,125.00000000,160087673,160087674,1782871345641602,False,True
72357656,0.09630000,181.84000000,160087675,160087676,1782871372882934,False,True
72357657,0.09630000,125.00000000,160087677,160087677,1782871383392431,True,True
72357658,0.09630000,125.00000000,160087678,160087678,1782871424897121,False,True
72357659,0.09630000,1000.00000000,160087679,160087679,1782871424907377,True,True
72357660,0.09630000,125.00000000,160087680,160087680,1782871431833449,True,True
72357661,0.09620000,608.49000000,160087681,160087684,1782871476616764,True,True
72357662,0.09610000,136.05000000,160087685,160087686,1782871497798779,True,True
72357663,0.09610000,125.00000000,160087687,160087688,1782871500383943,True,True
72357664,0.09600000,2301.52000000,160087689,160087692,1782871520426138,True,True
72357665,0.09600000,1428.72000000,160087693,160087693,1782871520880225,False,True
72357666,0.09600000,125.00000000,160087694,160087694,1782871521164981,False,True
72357667,0.09610000,510.61000000,160087695,160087695,1782871521164981,False,True
72357668,0.09610000,57.63000000,160087696,160087696,1782871524493894,False,True
72357669,0.09610000,57.63000000,160087697,160087697,1782871524495358,False,True
72357670,0.09610000,277.19000000,160087698,160087698,1782871525226368,False,True
72357671,0.09610000,148.18000000,160087699,160087699,1782871529866543,False,True
72357672,0.09610000,1217.73000000,160087700,160087700,1782871556649342,False,True
72357673,0.09600000,125.00000000,160087701,160087701,1782871557578171,True,True
72357674,0.09590000,233.16000000,160087702,160087702,1782871560105329,True,True
72357675,0.09600000,4352.24000000,160087703,160087706,1782871575431202,False,True
72357676,0.09600000,10879.00000000,160087707,160087709,1782871575434237,True,True
72357677,0.09600000,744.24000000,160087710,160087711,1782871575465206,True,True
72357678,0.09600000,2551.97000000,160087712,160087712,1782871575570871,True,True
72357679,0.09600000,2887.00000000,160087713,160087714,1782871575571360,True,True
72357680,0.09610000,104.05000000,160087715,160087715,1782871589067954,False,True
72357681,0.09610000,459.73000000,160087716,160087719,1782871680345070,False,True
72357682,0.09610000,125.00000000,160087720,160087720,1782871685984675,True,True
72357683,0.09610000,125.00000000,160087721,160087721,1782871693175861,False,True
72357684,0.09610000,125.00000000,160087722,160087722,1782871720516128,True,True
72357685,0.09610000,1439.25000000,160087723,160087723,1782871723044333,False,True
72357686,0.09610000,1649.29000000,160087724,160087724,1782871723044393,False,True
72357687,0.09610000,411.46000000,160087725,160087726,1782871723044466,False,True
72357688,0.09610000,125.00000000,160087727,160087727,1782871730351756,True,True
72357689,0.09610000,1054.90000000,160087728,160087729,1782871730354740,False,True
72357690,0.09610000,125.00000000,160087730,160087730,1782871776073216,False,True
72357691,0.09620000,73.85000000,160087731,160087731,1782871776073216,False,True
72357692,0.09620000,238.11000000,160087732,160087734,1782871803994006,False,True
72357693,0.09620000,763.07000000,160087735,160087735,1782871803996347,False,True
72357694,0.09620000,278.74000000,160087736,160087736,1782871804000482,False,True
72357695,0.09620000,7564.45000000,160087737,160087739,1782871816638037,True,True
72357696,0.09620000,125.00000000,160087740,160087740,1782871831602083,False,True
72357697,0.09620000,125.00000000,160087741,160087741,1782871874099730,True,True
72357698,0.09620000,125.00000000,160087742,160087742,1782871879929453,False,True
72357699,0.09630000,1000.00000000,160087743,160087743,1782871896195466,False,True
72357700,0.09630000,903.84000000,160087744,160087744,1782871896214766,False,True
72357701,0.09630000,816.94000000,160087745,160087745,1782871896242415,False,True
72357702,0.09630000,738.39000000,160087746,160087748,1782871896264516,False,True
72357703,0.09630000,651.31000000,160087749,160087749,1782871896278894,False,True
72357704,0.09630000,102.80000000,160087750,160087750,1782871896280680,False,True
72357705,0.09630000,143.05000000,160087751,160087751,1782871896292779,False,True
72357706,0.09630000,296.85000000,160087752,160087753,1782871896326649,False,True
72357707,0.09630000,266.56000000,160087754,160087754,1782871896352257,False,True
72357708,0.09630000,145.89000000,160087755,160087755,1782871896371129,False,True
72357709,0.09630000,305.76000000,160087756,160087756,1782871896418405,False,True
72357710,0.09630000,159.30000000,160087757,160087758,1782871921063329,False,True
72357711,0.09630000,1125.00000000,160087759,160087760,1782871929503511,True,True
72357712,0.09630000,125.00000000,160087761,160087761,1782871944063278,False,True
72357713,0.09630000,160.27000000,160087762,160087762,1782871951008532,True,True
72357714,0.09640000,181.78000000,160087763,160087764,1782871976220882,False,True
72357715,0.09640000,57.50000000,160087765,160087765,1782871977305961,True,True
72357716,0.09640000,539.30000000,160087766,160087767,1782871977308723,True,True
72357717,0.09650000,437.43000000,160087768,160087770,1782871987121547,False,True
72357718,0.09650000,691.30000000,160087771,160087771,1782871987614336,True,True
72357719,0.09650000,84.47000000,160087772,160087772,1782871989364557,True,True
72357720,0.09660000,2880.57000000,160087773,160087773,1782871991072401,False,True
72357721,0.09660000,951.09000000,160087774,160087775,1782871991078720,False,True
72357722,0.09660000,205.14000000,160087776,160087776,1782871991090095,False,True
72357723,0.09660000,125.64000000,160087777,160087777,1782871991112522,False,True
72357724,0.09660000,1047.95000000,160087778,160087781,1782871991112527,False,True
72357725,0.09660000,125.00000000,160087782,160087783,1782871991175764,False,True
72357726,0.09660000,125.00000000,160087784,160087784,1782871992042001,True,True
72357727,0.09650000,57.55000000,160087785,160087785,1782871993537462,True,True
72357728,0.09650000,185.36000000,160087786,160087786,1782871993611650,True,True
72357729,0.09650000,181.52000000,160087787,160087788,1782872016307870,True,True
72357730,0.09640000,181.59000000,160087789,160087790,1782872025578019,True,True
72357731,0.09640000,125.00000000,160087791,160087791,1782872027349134,False,True
72357732,0.09650000,181.71000000,160087792,160087793,1782872104183305,False,True
72357733,0.09650000,125.00000000,160087794,160087794,1782872107166388,True,True
72357734,0.09640000,733.48000000,160087795,160087795,1782872107166388,True,True
72357735,0.09650000,125.00000000,160087796,160087796,1782872110357394,False,True
72357736,0.09650000,104.24000000,160087797,160087797,1782872113238383,True,True
72357737,0.09650000,119.87000000,160087798,160087799,1782872115257934,True,True
72357738,0.09650000,125.00000000,160087800,160087801,1782872116464076,True,True
72357739,0.09650000,125.00000000,160087802,160087802,1782872140211354,False,True
72357740,0.09660000,181.65000000,160087803,160087804,1782872161525436,False,True
72357741,0.09660000,1262.40000000,160087805,160087806,1782872161851993,True,True
72357742,0.09660000,57.38000000,160087807,160087807,1782872163204824,True,True
72357743,0.09660000,119.35000000,160087808,160087809,1782872163282342,True,True
72357744,0.09670000,259.27000000,160087810,160087812,1782872207669204,False,True
72357745,0.09670000,158.30000000,160087813,160087814,1782872208129353,True,True
72357746,0.09670000,1127.33000000,160087815,160087815,1782872208130355,True,True
72357747,0.09670000,4434.25000000,160087816,160087817,1782872236948441,False,True
72357748,0.09660000,436.65000000,160087818,160087820,1782872241665386,True,True
72357749,0.09650000,181.52000000,160087821,160087822,1782872304895274,True,True
72357750,0.09640000,3556.59000000,160087823,160087825,1782872345357410,True,True
72357751,0.09640000,3241.89000000,160087826,160087827,1782872353592507,False,True
72357752,0.09640000,125.00000000,160087828,160087828,1782872362719944,True,True
72357753,0.09640000,125.00000000,160087829,160087829,1782872426962505,False,True
72357754,0.09650000,341.73000000,160087830,160087830,1782872451740338,False,True
72357755,0.09650000,353.74000000,160087831,160087832,1782872451742567,False,True
72357756,0.09650000,951.16000000,160087833,160087833,1782872451743268,False,True
72357757,0.09650000,1990.48000000,160087834,160087835,1782872451743729,False,True
72357758,0.09650000,125.00000000,160087836,160087836,1782872452741728,True,True
72357759,0.09650000,125.00000000,160087837,160087837,1782872484931028,False,True
72357760,0.09660000,2510.35000000,160087838,160087838,1782872490672992,False,True
72357761,0.09660000,800.00000000,160087839,160087840,1782872490697635,False,True
72357762,0.09660000,1103.88000000,160087841,160087841,1782872490702604,False,True
72357763,0.09660000,125.00000000,160087842,160087842,1782872490736578,False,True
72357764,0.09670000,4026.26000000,160087843,160087847,1782872537445223,False,True
72357765,0.09670000,2978.79000000,160087848,160087848,1782872537445798,False,True
72357766,0.09670000,1224.62000000,160087849,160087850,1782872537861436,True,True
72357767,0.09670000,276.19000000,160087851,160087851,1782872537862316,True,True
72357768,0.09670000,125.00000000,160087852,160087852,1782872581402178,True,True
72357769,0.09670000,103.41000000,160087853,160087853,1782872595932247,False,True
72357770,0.09670000,125.00000000,160087854,160087854,1782872631503095,False,True
72357771,0.09680000,3365.76000000,160087855,160087858,1782872633660162,False,True
72357772,0.09680000,489.54000000,160087859,160087859,1782872634391610,True,True
