66802408,0.24010000,34.93000000,147484939,147484940,1782864008392734,False,True
66802409,0.24010000,883.44000000,147484941,147484943,1782864023401948,False,True
66802410,0.24020000,116.70000000,147484944,147484944,1782864034046484,False,True
66802411,0.24010000,773.16000000,147484945,147484945,1782864043904121,False,True
66802412,0.24020000,208.10000000,147484946,147484949,1782864050480572,False,True
66802413,0.24000000,21.58000000,147484950,147484950,1782864081370640,True,True
66802414,0.24000000,112.62000000,147484951,147484951,1782864082489222,False,True
66802415,0.23990000,104.94000000,147484952,147484953,1782864093820394,True,True
66802416,0.23990000,178.50000000,147484954,147484954,1782864099462708,False,True
66802417,0.23990000,656.45000000,147484955,147484955,1782864099464081,False,True
66802418,0.23980000,124.00000000,147484956,147484957,1782864101749206,True,True
66802419,0.23980000,280.73000000,147484958,147484959,1782864110910163,True,True
66802420,0.23970000,233.89000000,147484960,147484961,1782864114566001,True,True
66802421,0.23980000,8956.32000000,147484962,147484964,1782864114568607,False,True
66802422,0.23980000,428.87000000,147484965,147484965,1782864114570148,False,True
66802423,0.23980000,406.73000000,147484966,147484966,1782864114570598,False,True
66802424,0.23970000,124.00000000,147484967,147484967,1782864114765933,True,True
66802425,0.23990000,208.20000000,147484968,147484971,1782864119094137,False,True
66802426,0.24000000,332.16000000,147484972,147484976,1782864123236580,False,True
66802427,0.24010000,208.12000000,147484977,147484980,1782864161793568,False,True
66802428,0.24000000,52.82000000,147484981,147484982,1782864171792280,True,True
66802429,0.23990000,21.58000000,147484983,147484983,1782864176757071,True,True
66802430,0.23990000,450.00000000,147484984,147484984,1782864183548034,True,True
66802431,0.23980000,52.86000000,147484985,147484986,1782864206614291,True,True
66802432,0.23990000,332.20000000,147484987,147484991,1782864220922920,False,True
66802433,0.24000000,2304.75000000,147484992,147484995,1782864220931238,False,True
66802434,0.24000000,395.11000000,147484996,147484997,1782864220934714,False,True
66802435,0.24000000,2033.84000000,147484998,147484998,1782864220934923,False,True
66802436,0.24010000,84.12000000,147484999,147485001,1782864235213644,False,True
66802437,0.24010000,450.00000000,147485002,147485002,1782864249963023,True,True
66802438,0.24020000,41.64000000,147485003,147485003,1782864255560226,False,True
66802439,0.24020000,84.10000000,147485004,147485006,1782864259111190,False,True
66802440,0.24030000,84.07000000,147485007,147485009,1782864302001549,False,True
66802441,0.24020000,83.98000000,147485010,147485012,1782864344008825,True,True
66802442,0.24010000,84.00000000,147485013,147485015,1782864370535657,True,True
66802443,0.24000000,21.58000000,147485016,147485016,1782864406793044,True,True
66802444,0.23990000,21.58000000,147485017,147485017,1782864412286645,True,True
66802445,0.23990000,450.00000000,147485018,147485018,1782864428120558,True,True
66802446,0.23980000,502.85000000,147485019,147485021,1782864435087691,True,True
66802447,0.23980000,450.00000000,147485022,147485022,1782864548986202,False,True
66802448,0.23980000,384.02000000,147485023,147485023,1782864548987868,True,True
66802449,0.23970000,123.00000000,147485024,147485025,1782864553640176,True,True
66802450,0.23960000,124.00000000,147485026,147485027,1782864578814239,True,True
66802451,0.23960000,124.00000000,147485028,147485028,1782864579277946,True,True
66802452,0.23960000,63.61000000,147485029,147485029,1782864582342394,True,True
66802453,0.23950000,21.62000000,147485030,147485030,1782864595101863,True,True
66802454,0.23940000,125.00000000,147485031,147485032,1782864595126600,True,True
66802455,0.23940000,125.00000000,147485033,147485033,1782864595150512,True,True
66802456,0.23950000,450.00000000,147485034,147485034,1782864598070278,False,True
66802457,0.23950000,125.00000000,147485035,147485035,1782864623962119,True,True
66802458,0.23960000,84.30000000,147485036,147485038,1782864633648651,False,True
66802459,0.23960000,33.78000000,147485039,147485039,1782864638878068,True,True
66802460,0.23970000,534.26000000,147485040,147485043,1782864657089237,False,True
66802461,0.23980000,41.93000000,147485044,147485044,1782864666662077,False,True
66802462,0.23980000,100.76000000,147485045,147485046,1782864683123299,False,True
66802463,0.23980000,148.21000000,147485047,147485050,1782864690613761,False,True
66802464,0.23990000,208.33000000,147485051,147485051,1782864696314676,False,True
66802465,0.23990000,148.09000000,147485052,147485052,1782864703041043,False,True
66802466,0.23990000,456.20000000,147485053,147485058,1782864703860742,False,True
66802467,0.23980000,208.29000000,147485059,147485061,1782864719607073,True,True
66802468,0.23980000,166.42000000,147485062,147485062,1782864755067605,False,True
66802469,0.23970000,21.61000000,147485063,147485063,1782864758586660,True,True
66802470,0.23970000,42.84000000,147485064,147485064,1782864761481167,False,True
66802471,0.23980000,94.92000000,147485065,147485065,1782864761481167,False,True
66802472,0.23980000,420.63000000,147485066,147485069,1782864812225267,False,True
66802473,0.23990000,84.20000000,147485070,147485072,1782864828241897,False,True
66802474,0.24000000,206.59000000,147485073,147485076,1782864837689103,False,True
66802475,0.24010000,84.12000000,147485077,147485079,1782864837744251,False,True
66802476,0.24010000,162.86000000,147485080,147485080,1782864893603149,True,True
66802477,0.24020000,84.10000000,147485081,147485083,1782864910711567,False,True
66802478,0.24030000,84.06000000,147485084,147485086,1782864914506323,False,True
66802479,0.24030000,190.77000000,147485087,147485088,1782864922389365,True,True
66802480,0.24020000,83.98000000,147485089,147485091,1782864923551203,True,True
66802481,0.24010000,84.00000000,147485092,147485094,1782864944617898,True,True
66802482,0.24000000,52.82000000,147485095,147485096,1782864948529361,True,True
66802483,0.24000000,450.00000000,147485097,147485097,1782864977556207,False,True
66802484,0.24010000,1845.68000000,147485098,147485112,1782865020463918,False,True
66802485,0.23990000,102.00000000,147485113,147485113,1782865028920038,True,True
66802486,0.23990000,21.58000000,147485114,147485114,1782865032471951,True,True
66802487,0.24000000,105.64000000,147485115,147485117,1782865056364317,False,True
66802488,0.23990000,100.00000000,147485118,147485118,1782865077411866,True,True
66802489,0.23980000,21.60000000,147485119,147485119,1782865156477945,True,True
66802490,0.23980000,450.00000000,147485120,147485120,1782865156556831,True,True
66802491,0.23990000,20.84000000,147485121,147485121,1782865210242780,False,True
66802492,0.23980000,450.00000000,147485122,147485122,1782865211217832,True,True
66802493,0.23980000,450.00000000,147485123,147485123,1782865213169752,True,True
66802494,0.23990000,84.20000000,147485124,147485126,1782865222963611,False,True
66802495,0.24000000,500.00000000,147485127,147485129,1782865222967668,False,True
66802496,0.24000000,21.62000000,147485130,147485130,1782865235285232,False,True
66802497,0.23990000,31.25000000,147485131,147485131,1782865247116321,True,True
66802498,0.23980000,52.86000000,147485132,147485133,1782865281873110,True,True
66802499,0.23970000,603.81000000,147485134,147485136,1782865292262878,True,True
66802500,0.23970000,450.00000000,147485137,147485137,1782865296090123,True,True
66802501,0.23960000,1666.66000000,147485138,147485140,1782865303456678,True,True
66802502,0.23960000,260.68000000,147485141,147485142,1782865312610632,True,True
66802503,0.23960000,898.00000000,147485143,147485143,1782865312616065,True,True
66802504,0.23950000,12790.61000000,147485144,147485152,1782865312625942,True,True
66802505,0.23950000,450.00000000,147485153,147485153,1782865312741037,True,True
66802506,0.23950000,450.00000000,147485154,147485154,1782865312768325,True,True
66802507,0.23960000,84.30000000,147485155,147485157,1782865334408269,False,True
66802508,0.23940000,125.00000000,147485158,147485158,1782865347502176,True,True
66802509,0.23940000,191.51000000,147485159,147485161,1782865365085226,True,True
66802510,0.23960000,84.30000000,147485162,147485164,1782865408642798,False,True
66802511,0.23960000,416.91000000,147485165,147485165,1782865441731303,True,True
66802512,0.23950000,21.63000000,147485166,147485166,1782865444217220,True,True
66802513,0.23940000,84.25000000,147485167,147485169,1782865444217220,True,True
66802514,0.23930000,1153.99000000,147485170,147485173,1782865444217815,True,True
66802515,0.23920000,125.00000000,147485174,147485175,1782865444239629,True,True
66802516,0.23930000,1406.44000000,147485176,147485176,1782865444265903,False,True
66802517,0.23930000,4000.00000000,147485177,147485177,1782865444266378,False,True
66802518,0.23930000,837.06000000,147485178,147485178,1782865444266477,False,True
66802519,0.23920000,125.00000000,147485179,147485179,1782865490339413,True,True
66802520,0.23920000,37.66000000,147485180,147485180,1782865492806878,False,True
66802521,0.23920000,236.18000000,147485181,147485182,1782865498677454,False,True
66802522,0.23910000,125.00000000,147485183,147485184,1782865507160327,True,True
66802523,0.23910000,125.00000000,147485185,147485185,1782865507165150,True,True
66802524,0.23930000,84.39000000,147485186,147485188,1782865510013515,False,True
66802525,0.23940000,284.91000000,147485189,147485192,1782865536262064,False,True
66802526,0.23940000,575.00000000,147485193,147485194,1782865536588200,False,True
66802527,0.23950000,2090.65000000,147485195,147485200,1782865536588200,False,True
66802528,0.23930000,608.83000000,147485201,147485204,1782865539920823,True,True
66802529,0.23920000,297.26000000,147485205,147485205,1782865539922525,True,True
66802530,0.23920000,1608.49000000,147485206,147485210,1782865539933231,True,True
66802531,0.23920000,371.11000000,147485211,147485211,1782865539954677,True,True
66802532,0.23920000,46.38000000,147485212,147485212,1782865539961834,True,True
66802533,0.23910000,125.00000000,147485213,147485213,1782865539990270,True,True
66802534,0.23910000,1639.99000000,147485214,147485215,1782865540024047,True,True
66802535,0.23920000,867.49000000,147485216,147485217,1782865540172305,False,True
66802536,0.23920000,215.02000000,147485218,147485218,1782865540258773,True,True
66802537,0.23920000,234.98000000,147485219,147485219,1782865540259791,True,True
66802538,0.23910000,2168.24000000,147485220,147485221,1782865540260976,True,True
66802539,0.23910000,481.35000000,147485222,147485223,1782865540409090,True,True
66802540,0.23930000,84.41000000,147485224,147485226,1782865541754939,False,True
66802541,0.23930000,125.00000000,147485227,147485227,1782865546055445,True,True
66802542,0.23930000,125.00000000,147485228,147485228,1782865560322108,True,True
66802543,0.23930000,417.44000000,147485229,147485229,1782865562178828,True,True
66802544,0.23920000,1091.39000000,147485230,147485230,1782865562181472,True,True
66802545,0.23920000,125.00000000,147485231,147485232,1782865562366302,True,True
66802546,0.23920000,125.00000000,147485233,147485233,1782865581719523,True,True
66802547,0.23920000,125.00000000,147485234,147485234,1782865581724492,True,True
66802548,0.23920000,450.00000000,147485235,147485235,1782865618658796,False,True
66802549,0.23930000,2115.00000000,147485236,147485239,1782865618658796,False,True
66802550,0.23930000,42.90000000,147485240,147485241,1782865626488222,False,True
66802551,0.23940000,129.21000000,147485242,147485243,1782865636262421,False,True
66802552,0.23940000,305.00000000,147485244,147485245,1782865659924691,False,True
66802553,0.23950000,21.67000000,147485246,147485246,1782865689007487,False,True
66802554,0.23960000,208.68000000,147485247,147485250,1782865713318257,False,True
66802555,0.23960000,836.69000000,147485251,147485252,1782865724404596,False,True
66802556,0.23970000,209.26000000,147485253,147485256,1782865724411346,False,True
66802557,0.23980000,522.74000000,147485257,147485259,1782865724411346,False,True
66802558,0.23980000,899.00000000,147485260,147485260,1782865724411513,False,True
66802559,0.23980000,899.00000000,147485261,147485264,1782865724411561,False,True
66802560,0.23980000,899.00000000,147485265,147485265,1782865724414502,False,True
66802561,0.23980000,27.12000000,147485266,147485266,1782865806857264,False,True
66802562,0.23970000,301.10000000,147485267,147485268,1782865832257329,True,True
66802563,0.23980000,84.23000000,147485269,147485271,1782865838301736,False,True
66802564,0.23990000,84.20000000,147485272,147485274,1782865851544825,False,True
66802565,0.24000000,534.16000000,147485275,147485278,1782865860716622,False,True
66802566,0.24010000,84.12000000,147485279,147485281,1782865865481165,False,True
66802567,0.24020000,21.60000000,147485282,147485282,1782865871451195,False,True
66802568,0.24030000,206.00000000,147485283,147485286,1782865871451745,False,True
66802569,0.24030000,21.00000000,147485287,147485287,1782865871452039,False,True
66802570,0.24030000,1109.81000000,147485288,147485288,1782865872569537,False,True
66802571,0.24030000,389.21000000,147485289,147485289,1782865873099884,True,True
66802572,0.24030000,100.23000000,147485290,147485290,1782865873414459,True,True
66802573,0.24020000,168.86000000,147485291,147485292,1782865874638220,True,True
66802574,0.24010000,21.56000000,147485293,147485293,1782865878556306,True,True
66802575,0.24000000,21.58000000,147485294,147485294,1782865883380726,True,True
66802576,0.24000000,1698.96000000,147485295,147485297,1782865890035576,False,True
66802577,0.23990000,52.83000000,147485298,147485299,1782865916902374,True,True
66802578,0.23990000,450.00000000,147485300,147485300,1782865949759275,True,True
66802579,0.24000000,512.54000000,147485301,147485303,1782865952193710,False,True
66802580,0.24010000,21.60000000,147485304,147485304,1782865980851936,False,True
66802581,0.24000000,150.56000000,147485305,147485306,1782865991903121,True,True
66802582,0.24000000,450.00000000,147485307,147485307,1782866009731751,False,True
66802583,0.24000000,675.00000000,147485308,147485308,1782866009733836,True,True
66802584,0.24000000,450.00000000,147485309,147485309,1782866016173707,True,True
66802585,0.24000000,416.66000000,147485310,147485310,1782866113434828,True,True
66802586,0.24000000,416.66000000,147485311,147485311,1782866136868280,False,True
66802587,0.23990000,21.58000000,147485312,147485312,1782866138698447,True,True
66802588,0.23980000,100.00000000,147485313,147485314,1782866200520829,True,True
66802589,0.23980000,200.00000000,147485315,147485315,1782866217645615,True,True
66802590,0.23980000,100.00000000,147485316,147485316,1782866229415124,True,True
66802591,0.24000000,62.54000000,147485317,147485318,1782866281694416,False,True
66802592,0.24010000,1182.69000000,147485319,147485323,1782866281694416,False,True
66802593,0.24020000,84.10000000,147485324,147485326,1782866301752512,False,True
66802594,0.24010000,763.51000000,147485327,147485327,1782866319741679,False,True
66802595,0.24020000,202.66000000,147485328,147485328,1782866319741679,False,True
66802596,0.24000000,855.96000000,147485329,147485330,1782866327009039,True,True
66802597,0.24000000,72.77000000,147485331,147485332,1782866349584975,False,True
66802598,0.24000000,750.00000000,147485333,147485334,1782866360492527,False,True
66802599,0.24000000,248.00000000,147485335,147485336,1782866401256687,False,True
66802600,0.24000000,834.62000000,147485337,147485337,1782866404875999,True,True
66802601,0.24000000,41.66000000,147485338,147485338,1782866459869501,False,True
66802602,0.23990000,188.96000000,147485339,147485340,1782866548218835,True,True
66802603,0.23990000,22.76000000,147485341,147485341,1782866613551869,False,True
66802604,0.23990000,64.30000000,147485342,147485342,1782866648650469,False,True
66802605,0.23990000,59.70000000,147485343,147485343,1782866648653591,False,True
66802606,0.23990000,450.00000000,147485344,147485344,1782866650930655,True,True
66802607,0.23980000,643.84000000,147485345,147485347,1782866650930655,True,True
66802608,0.23990000,450.00000000,147485348,147485348,1782866650934560,False,True
66802609,0.23990000,450.00000000,147485349,147485349,1782866655343162,False,True
66802610,0.23990000,1000.00000000,147485350,147485350,1782866660535139,False,True
66802611,0.23990000,84.22000000,147485351,147485351,1782866660672319,False,True
66802612,0.24000000,124.00000000,147485352,147485352,1782866741507737,False,True
66802613,0.24010000,84.12000000,147485353,147485355,1782866765225563,False,True
66802614,0.24000000,52.82000000,147485356,147485357,1782866786571505,True,True
66802615,0.24010000,84.12000000,147485358,147485360,1782866824402673,False,True
66802616,0.24020000,416.31000000,147485361,147485365,1782866842733834,False,True
66802617,0.24010000,62.44000000,147485366,147485367,1782866888719610,True,True
66802618,0.24010000,450.00000000,147485368,147485368,1782866961356834,True,True
66802619,0.24010000,444.70000000,147485369,147485369,1782867083664867,False,True
66802620,0.24030000,84.06000000,147485370,147485372,1782867131236443,False,True
66802621,0.24040000,20.93000000,147485373,147485373,1782867131236443,False,True
66802622,0.24040000,200.35000000,147485374,147485379,1782867163851371,False,True
66802623,0.24050000,83.99000000,147485380,147485382,1782867164070893,False,True
66802624,0.24050000,450.00000000,147485383,147485383,1782867169870022,True,True
66802625,0.24050000,450.00000000,147485384,147485384,1782867172921879,True,True
66802626,0.24040000,477.88000000,147485385,147485387,1782867181111509,True,True
66802627,0.24030000,21.55000000,147485388,147485388,1782867211488445,True,True
66802628,0.24020000,21.56000000,147485389,147485389,1782867250571073,True,True
66802629,0.24010000,84.00000000,147485390,147485392,1782867255601939,True,True
66802630,0.24020000,62.50000000,147485393,147485394,1782867334202678,False,True
66802631,0.24020000,415.90000000,147485395,147485395,1782867552297429,True,True
66802632,0.24010000,62.44000000,147485396,147485397,1782867553245981,True,True
66802633,0.24020000,62.50000000,147485398,147485399,1782867658999381,False,True
66802634,0.24030000,164.06000000,147485400,147485403,1782867659612056,False,True
66802635,0.24040000,335.94000000,147485404,147485404,1782867659612056,False,True
66802636,0.24040000,1031.48000000,147485405,147485409,1782867659613885,False,True
66802637,0.24040000,450.00000000,147485410,147485410,1782867659883206,True,True
66802638,0.24030000,942.86000000,147485411,147485412,1782867659883206,True,True
66802639,0.24030000,83.95000000,147485413,147485415,1782867692466839,True,True
66802640,0.24020000,83.96000000,147485416,147485418,1782867705489940,True,True
66802641,0.24030000,833.57000000,147485419,147485419,1782867727559908,False,True
66802642,0.24020000,21.56000000,147485420,147485420,1782867746532496,True,True
66802643,0.24030000,917.84000000,147485421,147485424,1782867780284434,False,True
66802644,0.24030000,935.03000000,147485425,147485426,1782867846802437,False,True
66802645,0.24020000,437.45000000,147485427,147485428,1782867857768215,True,True
66802646,0.24010000,21.56000000,147485429,147485429,1782867877592651,True,True
66802647,0.24010000,834.26000000,147485430,147485430,1782867884155305,False,True
66802648,0.24000000,10000.00000000,147485431,147485433,1782867911009581,True,True
66802649,0.24000000,3668.13000000,147485434,147485434,1782867911009728,True,True
66802650,0.24000000,4000.00000000,147485435,147485435,1782867911009825,True,True
66802651,0.24000000,595.94000000,147485436,147485438,1782867911012000,True,True
66802652,0.23990000,21.58000000,147485439,147485439,1782867925139985,True,True
66802653,0.23990000,779.60000000,147485440,147485440,1782867926278984,False,True
66802654,0.23990000,522.62000000,147485441,147485441,1782867926281000,False,True
66802655,0.23990000,110.42000000,147485442,147485442,1782867926350971,False,True
66802656,0.23990000,217.50000000,147485443,147485443,1782867926364704,False,True
66802657,0.23990000,120.31000000,147485444,147485444,1782867926365910,False,True
66802658,0.23990000,200.92000000,147485445,147485445,1782867926394685,False,True
66802659,0.23990000,697.00000000,147485446,147485446,1782867940305651,False,True
66802660,0.23990000,688.00000000,147485447,147485447,1782867940305823,False,True
66802661,0.23990000,621.00000000,147485448,147485448,1782867940305826,False,True
66802662,0.23990000,376.00000000,147485449,147485449,1782867940306219,False,True
66802663,0.23990000,699.00000000,147485450,147485450,1782867940306323,False,True
66802664,0.23990000,2000.00000000,147485451,147485451,1782867952523707,False,True
66802665,0.23990000,1525.32000000,147485452,147485453,1782867952524760,False,True
66802666,0.24000000,531.41000000,147485454,147485457,1782867952530054,False,True
66802667,0.24010000,199.59000000,147485458,147485458,1782867952530054,False,True
66802668,0.24010000,866.00000000,147485459,147485463,1782867952530685,False,True
66802669,0.24010000,490.00000000,147485464,147485464,1782867952531468,False,True
66802670,0.24000000,450.00000000,147485465,147485465,1782867952538035,False,True
66802671,0.24010000,474.68000000,147485466,147485466,1782867960141370,False,True
66802672,0.24010000,2000.00000000,147485467,147485467,1782867960143295,False,True
66802673,0.24010000,114.52000000,147485468,147485469,1782867961585532,False,True
66802674,0.24020000,590.48000000,147485470,147485473,1782867961585532,False,True
66802675,0.24020000,544.00000000,147485474,147485474,1782867961585580,False,True
66802676,0.24020000,697.00000000,147485475,147485475,1782867961585629,False,True
66802677,0.24020000,897.00000000,147485476,147485476,1782867961586706,False,True
66802678,0.24020000,897.00000000,147485477,147485477,1782867961586847,False,True
66802679,0.24020000,162.10000000,147485478,147485479,1782867961587173,False,True
66802680,0.24030000,734.90000000,147485480,147485481,1782867961587173,False,True
66802681,0.24030000,376.00000000,147485482,147485482,1782867961587345,False,True
66802682,0.24030000,153.00000000,147485483,147485483,1782867961587648,False,True
66802683,0.24030000,730.00000000,147485484,147485485,1782867961587802,False,True
66802684,0.24020000,356.26000000,147485486,147485486,1782867989947421,True,True
66802685,0.24020000,59.51000000,147485487,147485487,1782867989947422,True,True
66802686,0.24010000,100.76000000,147485488,147485490,1782867995520329,True,True
66802687,0.24010000,137.76000000,147485491,147485491,1782868002917448,True,True
66802688,0.24020000,3361.09000000,147485492,147485495,1782868005904319,False,True
66802689,0.24030000,1302.23000000,147485496,147485499,1782868005904319,False,True
66802690,0.24020000,833.86000000,147485500,147485500,1782868005905475,True,True
66802691,0.24010000,166.42000000,147485501,147485501,1782868009879266,True,True
66802692,0.24010000,416.08000000,147485502,147485502,1782868012758550,True,True
66802693,0.24000000,52.79000000,147485503,147485504,1782868023716344,True,True
66802694,0.23990000,148.09000000,147485505,147485505,1782868024129883,True,True
66802695,0.24000000,118.13000000,147485506,147485506,1782868074554748,True,True
66802696,0.24000000,298.08000000,147485507,147485507,1782868074554840,True,True
66802697,0.23990000,21.57000000,147485508,147485508,1782868082768207,True,True
66802698,0.23980000,52.86000000,147485509,147485510,1782868131402703,True,True
66802699,0.23980000,1066.88000000,147485511,147485512,1782868175979510,True,True
66802700,0.23980000,4294.26000000,147485513,147485515,1782868215809692,True,True
66802701,0.23980000,1083.41000000,147485516,147485520,1782868215809912,True,True
66802702,0.23970000,52.88000000,147485521,147485522,1782868217165422,True,True
66802703,0.23960000,52.90000000,147485523,147485524,1782868217383140,True,True
66802704,0.23950000,52.92000000,147485525,147485526,1782868227905830,True,True
66802705,0.23940000,2370.89000000,147485527,147485532,1782868227934644,True,True
66802706,0.23930000,317.34000000,147485533,147485535,1782868229272538,True,True
66802707,0.23920000,277.70000000,147485536,147485538,1782868235234684,True,True
66802708,0.23910000,21.65000000,147485539,147485539,1782868238354462,True,True
66802709,0.23900000,297.63000000,147485540,147485542,1782868244652596,True,True
66802710,0.23890000,125.00000000,147485543,147485544,1782868245619516,True,True
66802711,0.23880000,125.00000000,147485545,147485547,1782868251920534,True,True
66802712,0.23880000,58.11000000,147485548,147485548,1782868251947322,True,True
66802713,0.23880000,314.52000000,147485549,147485549,1782868251949257,True,True
66802714,0.23880000,2104.96000000,147485550,147485551,1782868258902294,False,True
66802715,0.23870000,125.00000000,147485552,147485553,1782868260199962,True,True
66802716,0.23880000,21.72000000,147485554,147485554,1782868268900824,False,True
66802717,0.23890000,209.55000000,147485555,147485558,1782868269936898,False,True
66802718,0.23900000,21.71000000,147485559,147485559,1782868300654444,False,True
66802719,0.23910000,686.20000000,147485560,147485563,1782868300654444,False,True
66802720,0.23890000,104.64000000,147485564,147485564,1782868304597381,True,True
66802721,0.23900000,62.82000000,147485565,147485566,1782868320197566,False,True
66802722,0.23880000,21.69000000,147485567,147485567,1782868343232779,True,True
66802723,0.23870000,103.31000000,147485568,147485568,1782868343232779,True,True
66802724,0.23880000,450.00000000,147485569,147485569,1782868345976110,False,True
66802725,0.23890000,102.45000000,147485570,147485570,1782868345976110,False,True
66802726,0.23870000,21.70000000,147485571,147485571,1782868353740927,True,True
66802727,0.23860000,103.30000000,147485572,147485573,1782868353740927,True,True
66802728,0.23870000,46.13000000,147485574,147485574,1782868356054095,False,True
66802729,0.23860000,125.00000000,147485575,147485576,1782868362139490,True,True
66802730,0.23850000,231.21000000,147485577,147485578,1782868364881077,True,True
66802731,0.23850000,64.08000000,147485579,147485579,1782868364888800,True,True
66802732,0.23840000,110.13000000,147485580,147485583,1782868364943306,True,True
66802733,0.23830000,148.12000000,147485584,147485587,1782868365032869,True,True
66802734,0.23820000,110.20000000,147485588,147485591,1782868365058873,True,True
66802735,0.23820000,451.00000000,147485592,147485592,1782868365070138,True,True
66802736,0.23810000,37.92000000,147485593,147485594,1782868365082658,True,True
66802737,0.23810000,29.87000000,147485595,147485596,1782868365104199,True,True
66802738,0.23810000,426.90000000,147485597,147485598,1782868365104480,True,True
66802739,0.23810000,470.87000000,147485599,147485599,1782868365113188,True,True
66802740,0.23810000,22.76000000,147485600,147485600,1782868365115000,True,True
66802741,0.23810000,90.63000000,147485601,147485601,1782868365121845,True,True
66802742,0.23810000,45.41000000,147485602,147485602,1782868365123349,True,True
66802743,0.23810000,242.23000000,147485603,147485603,1782868365128082,True,True
66802744,0.23810000,146.73000000,147485604,147485604,1782868365130244,True,True
66802745,0.23810000,389.71000000,147485605,147485605,1782868365130794,True,True
66802746,0.23810000,246.39000000,147485606,147485606,1782868365135387,True,True
66802747,0.23810000,125.00000000,147485607,147485607,1782868365136305,True,True
66802748,0.23810000,649.96000000,147485608,147485609,1782868365145343,True,True
66802749,0.23800000,131.66000000,147485610,147485612,1782868365363071,True,True
66802750,0.23790000,534.28000000,147485613,147485616,1782868365363071,True,True
66802751,0.23790000,559.20000000,147485617,147485617,1782868365608492,True,True
66802752,0.23790000,361.45000000,147485618,147485618,1782868365619763,True,True
66802753,0.23790000,788.35000000,147485619,147485619,1782868365619941,True,True
66802754,0.23780000,1211.65000000,147485620,147485622,1782868365645100,True,True
66802755,0.23780000,2000.00000000,147485623,147485624,1782868365652948,True,True
66802756,0.23780000,2000.00000000,147485625,147485629,1782868365656618,True,True
66802757,0.23780000,2041.02000000,147485630,147485631,1782868365659339,True,True
66802758,0.23780000,126.24000000,147485632,147485632,1782868365672202,False,True
66802759,0.23770000,5190.60000000,147485633,147485637,1782868365763148,True,True
66802760,0.23770000,3653.52000000,147485638,147485640,1782868365764482,True,True
66802761,0.23770000,5314.26000000,147485641,147485645,1782868365770681,True,True
66802762,0.23770000,450.00000000,147485646,147485646,1782868365775597,False,True
66802763,0.23770000,855.75000000,147485647,147485647,1782868365786345,False,True
66802764,0.23770000,140.45000000,147485648,147485648,1782868365796021,False,True
66802765,0.23770000,81.33000000,147485649,147485649,1782868365806844,False,True
66802766,0.23760000,363.53000000,147485650,147485652,1782868365896355,True,True
66802767,0.23760000,1034.75000000,147485653,147485653,1782868365933713,False,True
66802768,0.23750000,571.59000000,147485654,147485659,1782868365958506,True,True
66802769,0.23740000,53.28000000,147485660,147485662,1782868365998907,True,True
66802770,0.23740000,1387.39000000,147485663,147485665,1782868366000362,True,True
66802771,0.23740000,309.11000000,147485666,147485666,1782868366001104,True,True
66802772,0.23740000,563.99000000,147485667,147485669,1782868366127116,True,True
66802773,0.23740000,439.23000000,147485670,147485671,1782868366143967,True,True
66802774,0.23730000,168.75000000,147485672,147485675,1782868366384500,True,True
66802775,0.23730000,27.09000000,147485676,147485676,1782868366384500,True,True
66802776,0.23730000,165.23000000,147485677,147485679,1782868366426306,True,True
66802777,0.23720000,346.43000000,147485680,147485684,1782868366631967,True,True
66802778,0.23710000,534.48000000,147485685,147485688,1782868366685186,True,True
66802779,0.23700000,293.97000000,147485689,147485693,1782868366685186,True,True
66802780,0.23710000,129.78000000,147485694,147485694,1782868366687685,False,True
66802781,0.23720000,3235.77000000,147485695,147485695,1782868366735845,False,True
66802782,0.23720000,41.88000000,147485696,147485696,1782868366798569,False,True
66802783,0.23720000,820.77000000,147485697,147485697,1782868366950776,False,True
66802784,0.23720000,928.14000000,147485698,147485698,1782868366952531,False,True
66802785,0.23730000,6308.62000000,147485699,147485701,1782868366993522,False,True
66802786,0.23740000,164.46000000,147485702,147485702,1782868367148533,False,True
66802787,0.23730000,422.33000000,147485703,147485703,1782868367319637,True,True
66802788,0.23720000,41.16000000,147485704,147485705,1782868367377228,True,True
66802789,0.23720000,414.88000000,147485706,147485709,1782868367476757,True,True
66802790,0.23720000,1748.91000000,147485710,147485710,1782868367824992,False,True
66802791,0.23730000,85.12000000,147485711,147485713,1782868367874565,False,True
66802792,0.23740000,231.31000000,147485714,147485717,1782868368001785,False,True
66802793,0.23750000,500.00000000,147485718,147485721,1782868368393660,False,True
66802794,0.23740000,80.12000000,147485722,147485722,1782868368504051,False,True
66802795,0.23730000,471.83000000,147485723,147485724,1782868368539021,True,True
66802796,0.23720000,57.00000000,147485725,147485725,1782868368539023,True,True
66802797,0.23720000,57.00000000,147485726,147485726,1782868368539483,True,True
66802798,0.23710000,513.24000000,147485727,147485729,1782868369771595,True,True
66802799,0.23710000,21.84000000,147485730,147485730,1782868369774591,False,True
66802800,0.23730000,85.12000000,147485731,147485733,1782868370250436,False,True
66802801,0.23710000,21.84000000,147485734,147485734,1782868371984332,True,True
66802802,0.23700000,85.09000000,147485735,147485737,1782868371984332,True,True
66802803,0.23690000,84.42000000,147485738,147485738,1782868372417702,True,True
66802804,0.23690000,21.63000000,147485739,147485739,1782868372423579,False,True
66802805,0.23700000,55.67000000,147485740,147485740,1782868372423579,False,True
66802806,0.23680000,21.63000000,147485741,147485741,1782868372565598,True,True
66802807,0.23670000,1156.89000000,147485742,147485747,1782868372565598,True,True
66802808,0.23670000,116.80000000,147485748,147485748,1782868372579919,True,True
66802809,0.23660000,1183.87000000,147485749,147485752,1782868372617292,True,True
66802810,0.23650000,1411.13000000,147485753,147485758,1782868372617292,True,True
66802811,0.23640000,27.10000000,147485759,147485759,1782868372617292,True,True
66802812,0.23650000,470.12000000,147485760,147485760,1782868372625270,False,True
66802813,0.23650000,363.74000000,147485761,147485761,1782868372639972,False,True
66802814,0.23660000,833.86000000,147485762,147485762,1782868372651562,False,True
66802815,0.23660000,350.01000000,147485763,147485763,1782868372663431,False,True
66802816,0.23660000,85.37000000,147485764,147485766,1782868372978763,False,True
66802817,0.23670000,85.37000000,147485767,147485769,1782868373121959,False,True
66802818,0.23680000,500.00000000,147485770,147485772,1782868373154191,False,True
66802819,0.23680000,35.31000000,147485773,147485774,1782868373156351,False,True
66802820,0.23680000,63.41000000,147485775,147485775,1782868373188274,False,True
66802821,0.23690000,126.35000000,147485776,147485776,1782868373268109,False,True
66802822,0.23690000,85.27000000,147485777,147485779,1782868373477475,False,True
66802823,0.23700000,414.73000000,147485780,147485781,1782868373477475,False,True
66802824,0.23700000,535.25000000,147485782,147485785,1782868373856430,False,True
66802825,0.23710000,85.20000000,147485786,147485788,1782868374536476,False,True
66802826,0.23710000,1294.80000000,147485789,147485790,1782868374909567,True,True
66802827,0.23700000,85.12000000,147485791,147485793,1782868374909567,True,True
66802828,0.23710000,1971.56000000,147485794,147485795,1782868374920422,False,True
66802829,0.23710000,1521.56000000,147485796,147485796,1782868374930691,False,True
66802830,0.23710000,168.75000000,147485797,147485797,1782868374946499,True,True
66802831,0.23690000,148.42000000,147485798,147485802,1782868375128613,True,True
66802832,0.23690000,422.51000000,147485803,147485803,1782868375414718,True,True
66802833,0.23680000,66.44000000,147485804,147485806,1782868375484602,True,True
66802834,0.23680000,18.76000000,147485807,147485807,1782868375489213,True,True
66802835,0.23670000,21.89000000,147485808,147485808,1782868375620936,True,True
66802836,0.23660000,85.25000000,147485809,147485811,1782868375620936,True,True
66802837,0.23660000,77.67000000,147485812,147485812,1782868375689589,False,True
66802838,0.23660000,791.69000000,147485813,147485814,1782868375940715,False,True
66802839,0.23660000,2000.00000000,147485815,147485815,1782868375941051,False,True
66802840,0.23660000,2000.00000000,147485816,147485816,1782868375941230,False,True
66802841,0.23660000,1759.03000000,147485817,147485817,1782868375941268,False,True
66802842,0.23670000,63.42000000,147485818,147485819,1782868376363065,False,True
66802843,0.23680000,85.34000000,147485820,147485822,1782868376371956,False,True
66802844,0.23690000,84.07000000,147485823,147485823,1782868376607156,False,True
66802845,0.23680000,63.41000000,147485824,147485824,1782868376929346,False,True
66802846,0.23680000,450.00000000,147485825,147485825,1782868378278830,True,True
66802847,0.23680000,80.14000000,147485826,147485826,1782868378285843,False,True
66802848,0.23680000,92.21000000,147485827,147485827,1782868378287522,False,True
66802849,0.23680000,134.87000000,147485828,147485828,1782868378288211,False,True
66802850,0.23690000,85.26000000,147485829,147485831,1782868379992330,False,True
66802851,0.23680000,85.24000000,147485832,147485833,1782868382069965,True,True
66802852,0.23680000,2612.43000000,147485834,147485836,1782868383382855,True,True
66802853,0.23680000,436.57000000,147485837,147485837,1782868383625733,False,True
66802854,0.23680000,208.40000000,147485838,147485838,1782868383984884,False,True
66802855,0.23680000,192.32000000,147485839,147485839,1782868383987409,False,True
66802856,0.23680000,159.46000000,147485840,147485840,1782868383987763,False,True
66802857,0.23680000,213.81000000,147485841,147485841,1782868383992406,False,True
66802858,0.23680000,176.26000000,147485842,147485842,1782868383992683,False,True
66802859,0.23670000,21.89000000,147485843,147485843,1782868384405332,True,True
66802860,0.23660000,85.25000000,147485844,147485846,1782868384405332,True,True
66802861,0.23650000,126.00000000,147485847,147485848,1782868387738934,True,True
66802862,0.23650000,202.92000000,147485849,147485849,1782868388116289,True,True
66802863,0.23660000,42.27000000,147485850,147485850,1782868388378489,False,True
66802864,0.23650000,85.31000000,147485851,147485853,1782868393627704,True,True
66802865,0.23640000,146.00000000,147485854,147485857,1782868393703380,True,True
66802866,0.23630000,84.68000000,147485858,147485860,1782868393763338,True,True
66802867,0.23620000,112.20000000,147485861,147485864,1782868393810349,True,True
66802868,0.23610000,188.53000000,147485865,147485866,1782868394385104,True,True
66802869,0.23610000,513.50000000,147485867,147485867,1782868394546909,False,True
66802870,0.23620000,23.47000000,147485868,147485868,1782868395042076,False,True
66802871,0.23620000,26.61000000,147485869,147485870,1782868395052359,False,True
66802872,0.23630000,59.31000000,147485871,147485873,1782868396467087,False,True
66802873,0.23630000,118.62000000,147485874,147485874,1782868396861286,False,True
66802874,0.23620000,21.94000000,147485875,147485875,1782868398156570,True,True
66802875,0.23610000,21.94000000,147485876,147485876,1782868398505031,True,True
66802876,0.23600000,391.20000000,147485877,147485881,1782868398525579,True,True
66802877,0.23610000,392.78000000,147485882,147485885,1782868400035290,False,True
66802878,0.23600000,21.96000000,147485886,147485886,1782868401432372,True,True
66802879,0.23590000,85.19000000,147485887,147485889,1782868401507817,True,True
66802880,0.23580000,84.82000000,147485890,147485892,1782868401520534,True,True
66802881,0.23580000,22.08000000,147485893,147485893,1782868401540646,False,True
66802882,0.23580000,90.49000000,147485894,147485894,1782868401602322,False,True
66802883,0.23580000,168.75000000,147485895,147485895,1782868401608966,True,True
66802884,0.23590000,85.64000000,147485896,147485898,1782868401970628,False,True
66802885,0.23600000,85.60000000,147485899,147485901,1782868402531946,False,True
66802886,0.23600000,168.75000000,147485902,147485902,1782868402537412,True,True
66802887,0.23610000,85.56000000,147485903,147485905,1782868402627250,False,True
66802888,0.23620000,85.54000000,147485906,147485908,1782868402658760,False,True
66802889,0.23620000,65.98000000,147485909,147485909,1782868402841087,True,True
66802890,0.23600000,21.96000000,147485910,147485910,1782868403526340,True,True
66802891,0.23600000,178.16000000,147485911,147485911,1782868404549901,False,True
66802892,0.23590000,21.96000000,147485912,147485912,1782868405036410,True,True
66802893,0.23580000,126.26000000,147485913,147485913,1782868405036410,True,True
66802894,0.23580000,85.56000000,147485914,147485916,1782868405068948,True,True
66802895,0.23570000,21.63000000,147485917,147485917,1782868405182709,True,True
66802896,0.23560000,9886.40000000,147485918,147485926,1782868405182709,True,True
66802897,0.23550000,10248.50000000,147485927,147485933,1782868405182709,True,True
66802898,0.23540000,3398.33000000,147485934,147485940,1782868405182709,True,True
66802899,0.23540000,126.00000000,147485941,147485941,1782868405208544,True,True
66802900,0.23550000,83.54000000,147485942,147485942,1782868405438067,False,True
66802901,0.23560000,76.48000000,147485943,147485944,1782868405900955,False,True
66802902,0.23560000,63.74000000,147485945,147485946,1782868406424023,False,True
66802903,0.23570000,22.04000000,147485947,147485947,1782868406702013,False,True
66802904,0.23580000,369.36000000,147485948,147485953,1782868406857961,False,True
66802905,0.23580000,168.75000000,147485954,147485954,1782868406941037,True,True
66802906,0.23580000,168.75000000,147485955,147485955,1782868407533496,True,True
66802907,0.23590000,85.64000000,147485956,147485958,1782868407545967,False,True
66802908,0.23600000,22.00000000,147485959,147485959,1782868408579661,False,True
66802909,0.23580000,871.19000000,147485960,147485961,1782868410208502,True,True
66802910,0.23580000,849.45000000,147485962,147485962,1782868410481062,True,True
66802911,0.23580000,849.71000000,147485963,147485964,1782868410493019,False,True
66802912,0.23590000,85.64000000,147485965,147485967,1782868412220698,False,True
66802913,0.23600000,85.60000000,147485968,147485970,1782868412499850,False,True
66802914,0.23610000,21.98000000,147485971,147485971,1782868413186144,False,True
66802915,0.23620000,85.54000000,147485972,147485974,1782868413374208,False,True
66802916,0.23600000,21.96000000,147485975,147485975,1782868415060169,True,True
66802917,0.23590000,21.96000000,147485976,147485976,1782868415271174,True,True
66802918,0.23610000,85.56000000,147485977,147485979,1782868417394910,False,True
66802919,0.23620000,85.54000000,147485980,147485982,1782868418008693,False,True
66802920,0.23600000,67.65000000,147485983,147485984,1782868422088930,True,True
66802921,0.23590000,85.52000000,147485985,147485987,1782868422174299,True,True
66802922,0.23580000,127.00000000,147485988,147485988,1782868422199667,True,True
66802923,0.23610000,85.56000000,147485989,147485991,1782868423270977,False,True
66802924,0.23610000,70.78000000,147485992,147485992,1782868425048855,False,True
66802925,0.23610000,6000.00000000,147485993,147485993,1782868425049236,False,True
66802926,0.23610000,2000.00000000,147485994,147485994,1782868425049479,False,True
66802927,0.23610000,710.08000000,147485995,147485995,1782868425050606,False,True
66802928,0.23620000,85.54000000,147485996,147485998,1782868425832670,False,True
66802929,0.23630000,147.96000000,147485999,147486000,1782868426259925,False,True
66802930,0.23640000,85.45000000,147486001,147486003,1782868427095460,False,True
66802931,0.23650000,21.95000000,147486004,147486004,1782868427777707,False,True
66802932,0.23650000,1390.51000000,147486005,147486005,1782868427780452,True,True
66802933,0.23650000,43.95000000,147486006,147486006,1782868427781553,True,True
66802934,0.23650000,1204.38000000,147486007,147486007,1782868427969677,False,True
66802935,0.23650000,2924.26000000,147486008,147486010,1782868427971253,False,True
66802936,0.23650000,947.50000000,147486011,147486011,1782868427974625,True,True
66802937,0.23650000,947.50000000,147486012,147486012,1782868427974884,True,True
66802938,0.23650000,777.55000000,147486013,147486013,1782868428532828,False,True
66802939,0.23650000,1118.17000000,147486014,147486015,1782868428534477,False,True
66802940,0.23650000,1690.97000000,147486016,147486016,1782868428538571,True,True
66802941,0.23650000,1690.97000000,147486017,147486017,1782868428539037,True,True
66802942,0.23650000,171.20000000,147486018,147486018,1782868428539265,True,True
66802943,0.23660000,211.37000000,147486019,147486022,1782868429089445,False,True
66802944,0.23670000,85.35000000,147486023,147486025,1782868429540146,False,True
66802945,0.23680000,21.92000000,147486026,147486026,1782868429881195,False,True
66802946,0.23690000,471.90000000,147486027,147486028,1782868430270477,False,True
66802947,0.23700000,599.54000000,147486029,147486033,1782868430414963,False,True
66802948,0.23700000,931.99000000,147486034,147486035,1782868430615847,True,True
66802949,0.23700000,22.79000000,147486036,147486036,1782868430616061,True,True
66802950,0.23700000,845.15000000,147486037,147486037,1782868432044541,True,True
66802951,0.23690000,1178.81000000,147486038,147486038,1782868432044541,True,True
66802952,0.23710000,21.88000000,147486039,147486039,1782868433946244,False,True
66802953,0.23720000,535.16000000,147486040,147486043,1782868433949603,False,True
66802954,0.23730000,1634.38000000,147486044,147486048,1782868434249576,False,True
66802955,0.23740000,211.09000000,147486049,147486052,1782868435167680,False,True
66802956,0.23750000,85.07000000,147486053,147486055,1782868436977741,False,True
66802957,0.23760000,85.12000000,147486056,147486058,1782868437069875,False,True
66802958,0.23770000,85.11000000,147486059,147486061,1782868437430699,False,True
66802959,0.23780000,85.05000000,147486062,147486064,1782868438509258,False,True
66802960,0.23780000,100.13000000,147486065,147486065,1782868438779200,True,True
66802961,0.23780000,74.75000000,147486066,147486066,1782868438797838,True,True
66802962,0.23790000,85.03000000,147486067,147486069,1782868440850404,False,True
66802963,0.23800000,1992.60000000,147486070,147486074,1782868440856099,False,True
66802964,0.23800000,43.61000000,147486075,147486075,1782868441095148,True,True
66802965,0.23810000,534.95000000,147486076,147486079,1782868441356363,False,True
66802966,0.23820000,451.00000000,147486080,147486081,1782868441714313,False,True
66802967,0.23820000,533.92000000,147486082,147486085,1782868441822941,False,True
66802968,0.23820000,43.59000000,147486086,147486086,1782868442014934,True,True
66802969,0.23810000,50.60000000,147486087,147486087,1782868442014934,True,True
66802970,0.23830000,598.84000000,147486088,147486092,1782868443026749,False,True
66802971,0.23830000,365.88000000,147486093,147486093,1782868443377692,True,True
66802972,0.23830000,37.59000000,147486094,147486094,1782868443467546,True,True
66802973,0.23830000,255.08000000,147486095,147486095,1782868443517833,True,True
66802974,0.23830000,79.10000000,147486096,147486096,1782868445001835,True,True
66802975,0.23830000,167.65000000,147486097,147486097,1782868445002036,True,True
66802976,0.23840000,84.83000000,147486098,147486100,1782868445426092,False,True
66802977,0.23850000,534.81000000,147486101,147486104,1782868445604946,False,True
66802978,0.23850000,649.84000000,147486105,147486106,1782868445899058,True,True
66802979,0.23850000,255.30000000,147486107,147486107,1782868445899060,True,True
66802980,0.23830000,52.03000000,147486108,147486108,1782868446508391,True,True
66802981,0.23830000,21.74000000,147486109,147486109,1782868447155417,True,True
66802982,0.23830000,364.44000000,147486110,147486110,1782868447176682,False,True
66802983,0.23820000,21.75000000,147486111,147486111,1782868447347852,True,True
66802984,0.23810000,21.75000000,147486112,147486112,1782868448627845,True,True
66802985,0.23800000,21.77000000,147486113,147486113,1782868449451007,True,True
66802986,0.23790000,51.01000000,147486114,147486115,1782868449451007,True,True
66802987,0.23790000,21.77000000,147486116,147486116,1782868451005430,True,True
66802988,0.23800000,63.08000000,147486117,147486118,1782868452675203,False,True
66802989,0.23810000,614.37000000,147486119,147486120,1782868457937153,False,True
66802990,0.23810000,841.02000000,147486121,147486121,1782868458066125,True,True
66802991,0.23820000,87.02000000,147486122,147486123,1782868460878054,False,True
66802992,0.23830000,500.00000000,147486124,147486126,1782868464761110,False,True
66802993,0.23800000,21.77000000,147486127,147486127,1782868476175966,True,True
66802994,0.23810000,84.83000000,147486128,147486130,1782868481270883,False,True
66802995,0.23800000,21.77000000,147486131,147486131,1782868485401914,True,True
66802996,0.23790000,84.79000000,147486132,147486134,1782868485401914,True,True
66802997,0.23810000,6328.36000000,147486135,147486138,1782868492393338,False,True
66802998,0.23820000,84.81000000,147486139,147486141,1782868493081217,False,True
66802999,0.23830000,21.78000000,147486142,147486142,1782868497364661,False,True
66803000,0.23840000,21.76000000,147486143,147486143,1782868498371863,False,True
66803001,0.23850000,84.70000000,147486144,147486146,1782868500110629,False,True
66803002,0.23860000,84.77000000,147486147,147486149,1782868500844835,False,True
66803003,0.23860000,62.90000000,147486150,147486150,1782868501002668,True,True
66803004,0.23870000,188.64000000,147486151,147486152,1782868503912817,False,True
66803005,0.23880000,84.69000000,147486153,147486155,1782868504143114,False,True
66803006,0.23880000,75.06000000,147486156,147486156,1782868504909962,True,True
66803007,0.23870000,21.70000000,147486157,147486157,1782868506070319,True,True
66803008,0.23870000,523.34000000,147486158,147486158,1782868506821100,False,True
66803009,0.23870000,610.17000000,147486159,147486159,1782868506821442,False,True
66803010,0.23880000,84.58000000,147486160,147486162,1782868507341931,False,True
66803011,0.23890000,84.67000000,147486163,147486165,1782868507705870,False,True
66803012,0.23900000,84.63000000,147486166,147486168,1782868508116777,False,True
66803013,0.23910000,595.47000000,147486169,147486173,1782868508153547,False,True
66803014,0.23910000,142.51000000,147486174,147486174,1782868508304057,True,True
66803015,0.23920000,209.57000000,147486175,147486178,1782868509084407,False,True
66803016,0.23930000,797.55000000,147486179,147486182,1782868510603125,False,True
66803017,0.23940000,84.49000000,147486183,147486185,1782868510964718,False,True
66803018,0.23950000,475.75000000,147486186,147486189,1782868511035325,False,True
66803019,0.23940000,108.37000000,147486190,147486190,1782868511854597,True,True
66803020,0.23930000,52.97000000,147486191,147486192,1782868511958853,True,True
66803021,0.23920000,21.65000000,147486193,147486193,1782868513720819,True,True
66803022,0.23910000,21.65000000,147486194,147486194,1782868514733487,True,True
66803023,0.23930000,84.41000000,147486195,147486197,1782868518892460,False,True
66803024,0.23940000,21.66000000,147486198,147486198,1782868520531563,False,True
66803025,0.23950000,84.34000000,147486199,147486201,1782868521744920,False,True
66803026,0.23950000,3095.50000000,147486202,147486202,1782868525500334,True,True
66803027,0.23960000,209.25000000,147486203,147486205,1782868526446523,False,True
66803028,0.23950000,52.93000000,147486206,147486207,1782868527992566,True,True
66803029,0.23940000,52.94000000,147486208,147486209,1782868531139132,True,True
66803030,0.23930000,52.97000000,147486210,147486211,1782868534847927,True,True
66803031,0.23940000,84.36000000,147486212,147486214,1782868542561544,False,True
66803032,0.23950000,84.34000000,147486215,147486217,1782868543227139,False,True
66803033,0.23960000,84.30000000,147486218,147486220,1782868544977736,False,True
66803034,0.23950000,52.93000000,147486221,147486222,1782868547692262,True,True
66803035,0.23940000,52.94000000,147486223,147486224,1782868548275946,True,True
66803036,0.23930000,21.64000000,147486225,147486225,1782868548832696,True,True
66803037,0.23920000,21.65000000,147486226,147486226,1782868549976754,True,True
66803038,0.23910000,53.00000000,147486227,147486228,1782868557967639,True,True
66803039,0.23900000,21.67000000,147486229,147486229,1782868565564400,True,True
66803040,0.23890000,21.67000000,147486230,147486230,1782868565918681,True,True
66803041,0.23880000,20.35000000,147486231,147486231,1782868565918681,True,True
66803042,0.23870000,2000.00000000,147486232,147486233,1782868578523424,True,True
66803043,0.23870000,268.64000000,147486234,147486234,1782868578523440,True,True
66803044,0.23870000,2000.00000000,147486235,147486235,1782868578523833,True,True
66803045,0.23870000,813.66000000,147486236,147486236,1782868578526243,True,True
66803046,0.23870000,2000.00000000,147486237,147486237,1782868578526304,True,True
66803047,0.23850000,450.00000000,147486238,147486238,1782868582303223,True,True
66803048,0.23850000,60.11000000,147486239,147486239,1782868582762810,False,True
66803049,0.23850000,91.38000000,147486240,147486240,1782868582764426,False,True
66803050,0.23840000,450.00000000,147486241,147486241,1782868583649102,True,True
66803051,0.23830000,85.69000000,147486242,147486243,1782868591828717,True,True
66803052,0.23820000,21.75000000,147486244,147486244,1782868593131482,True,True
66803053,0.23810000,21.75000000,147486245,147486245,1782868596543599,True,True
66803054,0.23800000,29.59000000,147486246,147486247,1782868596618680,True,True
66803055,0.23790000,21.77000000,147486248,147486248,1782868608320669,True,True
66803056,0.23780000,21.78000000,147486249,147486249,1782868610379466,True,True
66803057,0.23770000,67.00000000,147486250,147486251,1782868610385499,True,True
66803058,0.23770000,63.08000000,147486252,147486253,1782868610385833,True,True
66803059,0.23760000,3.92000000,147486254,147486254,1782868610385833,True,True
66803060,0.23760000,21.80000000,147486255,147486255,1782868617032051,True,True
66803061,0.23760000,1128.92000000,147486256,147486256,1782868617634546,False,True
66803062,0.23770000,63.16000000,147486257,147486258,1782868617714092,False,True
66803063,0.23770000,856.40000000,147486259,147486259,1782868622734765,False,True
66803064,0.23780000,84.93000000,147486260,147486262,1782868628313494,False,True
66803065,0.23790000,2197.99000000,147486263,147486266,1782868628315468,False,True
66803066,0.23800000,84.89000000,147486267,147486269,1782868628454108,False,True
66803067,0.23810000,617.16000000,147486270,147486272,1782868629237369,False,True
66803068,0.23820000,21.79000000,147486273,147486273,1782868630607950,False,True
66803069,0.23820000,236.63000000,147486274,147486274,1782868639933329,False,True
66803070,0.23830000,84.77000000,147486275,147486277,1782868640108184,False,True
66803071,0.23840000,84.72000000,147486278,147486280,1782868640415419,False,True
66803072,0.23850000,84.70000000,147486281,147486283,1782868640548074,False,True
66803073,0.23830000,21.74000000,147486284,147486284,1782868648324969,True,True
66803074,0.23820000,21.75000000,147486285,147486285,1782868651230126,True,True
66803075,0.23810000,84.71000000,147486286,147486288,1782868651257654,True,True
66803076,0.23810000,43.35000000,147486289,147486289,1782868651661241,False,True
66803077,0.23800000,21.77000000,147486290,147486290,1782868655166543,True,True
66803078,0.23790000,21.77000000,147486291,147486291,1782868656383994,True,True
66803079,0.23790000,179.29000000,147486292,147486294,1782868663068323,False,True
66803080,0.23800000,63.08000000,147486295,147486296,1782868666102999,False,True
66803081,0.23810000,21.79000000,147486297,147486297,1782868671220937,False,True
66803082,0.23820000,84.81000000,147486298,147486300,1782868678887245,False,True
66803083,0.23820000,63.02000000,147486301,147486302,1782868683597529,False,True
66803084,0.23830000,84.77000000,147486303,147486305,1782868683751044,False,True
66803085,0.23840000,84.72000000,147486306,147486308,1782868695719743,False,True
66803086,0.23850000,1000.00000000,147486309,147486312,1782868695747029,False,True
66803087,0.23850000,761.84000000,147486313,147486313,1782868695748517,False,True
66803088,0.23850000,450.00000000,147486314,147486314,1782868695823561,False,True
66803089,0.23850000,108.87000000,147486315,147486315,1782868695852459,True,True
66803090,0.23830000,21.74000000,147486316,147486316,1782868708408519,True,True
66803091,0.23820000,21.75000000,147486317,147486317,1782868709443438,True,True
66803092,0.23830000,128.26000000,147486318,147486321,1782868713822360,False,True
66803093,0.23840000,84.72000000,147486322,147486324,1782868714441111,False,True
66803094,0.23850000,21.76000000,147486325,147486325,1782868715245520,False,True
66803095,0.23860000,84.66000000,147486326,147486328,1782868719093579,False,True
66803096,0.23870000,84.62000000,147486329,147486331,1782868719541818,False,True
66803097,0.23860000,361.34000000,147486332,147486332,1782868730402792,False,True
66803098,0.23860000,52.60000000,147486333,147486333,1782868730403178,False,True
66803099,0.23870000,62.88000000,147486334,147486335,1782868731584036,False,True
66803100,0.23880000,21.72000000,147486336,147486336,1782868732861898,False,True
66803101,0.23870000,21.70000000,147486337,147486337,1782868738927416,True,True
66803102,0.23860000,21.70000000,147486338,147486338,1782868743477659,True,True
66803103,0.23860000,189.55000000,147486339,147486339,1782868746400313,False,True
66803104,0.23860000,86.65000000,147486340,147486340,1782868746407520,False,True
66803105,0.23860000,563.29000000,147486341,147486341,1782868746408994,False,True
66803106,0.23870000,62.88000000,147486342,147486343,1782868746459898,False,True
66803107,0.23880000,21.72000000,147486344,147486344,1782868751334576,False,True
66803108,0.23890000,21.71000000,147486345,147486345,1782868776361667,False,True
66803109,0.23900000,84.53000000,147486346,147486348,1782868776361667,False,True
66803110,0.23910000,21.69000000,147486349,147486349,1782868776770170,False,True
66803111,0.23910000,152.23000000,147486350,147486350,1782868780334276,True,True
66803112,0.23910000,837.73000000,147486351,147486351,1782868788883850,False,True
66803113,0.23920000,84.45000000,147486352,147486354,1782868790426895,False,True
66803114,0.23910000,31.35000000,147486355,147486355,1782868801256513,True,True
66803115,0.23910000,837.73000000,147486356,147486356,1782868803312886,False,True
66803116,0.23910000,31.35000000,147486357,147486357,1782868809984199,True,True
66803117,0.23900000,21.67000000,147486358,147486358,1782868819431735,True,True
66803118,0.23890000,21.67000000,147486359,147486359,1782868821354002,True,True
66803119,0.23880000,21.68000000,147486360,147486360,1782868825956711,True,True
66803120,0.23880000,838.78000000,147486361,147486361,1782868833933385,False,True
66803121,0.23890000,21.71000000,147486362,147486362,1782868834788580,False,True
66803122,0.23900000,21.71000000,147486363,147486363,1782868839290687,False,True
66803123,0.23910000,84.47000000,147486364,147486366,1782868839509556,False,True
66803124,0.23900000,21.67000000,147486367,147486367,1782868851147120,True,True
66803125,0.23890000,21.67000000,147486368,147486368,1782868854796534,True,True
66803126,0.23890000,1288.43000000,147486369,147486370,1782868857243086,False,True
66803127,0.23890000,597.98000000,147486371,147486371,1782868866472354,False,True
66803128,0.23890000,240.45000000,147486372,147486372,1782868866474043,False,True
66803129,0.23900000,62.82000000,147486373,147486374,1782868866479714,False,True
66803130,0.23910000,21.69000000,147486375,147486375,1782868867779154,False,True
66803131,0.23920000,84.45000000,147486376,147486378,1782868871995344,False,True
66803132,0.23920000,78.28000000,147486379,147486379,1782868874352014,True,True
66803133,0.23930000,1199.46000000,147486380,147486382,1782868874998433,False,True
66803134,0.23930000,43.51000000,147486383,147486383,1782868875052103,True,True
66803135,0.23920000,52.99000000,147486384,147486385,1782868880626073,True,True
66803136,0.23930000,21.67000000,147486386,147486386,1782868889065698,False,True
66803137,0.23940000,84.36000000,147486387,147486389,1782868889084504,False,True
66803138,0.23940000,3889.81000000,147486390,147486390,1782868891564833,True,True
66803139,0.23940000,2353.69000000,147486391,147486391,1782868891564924,True,True
66803140,0.23930000,52.97000000,147486392,147486393,1782868894706994,True,True
66803141,0.23920000,52.99000000,147486394,147486395,1782868896205904,True,True
66803142,0.23910000,53.00000000,147486396,147486397,1782868898915227,True,True
66803143,0.23900000,21.67000000,147486398,147486398,1782868902704953,True,True
66803144,0.23890000,21.67000000,147486399,147486399,1782868904709525,True,True
66803145,0.23890000,43.26000000,147486400,147486400,1782868906494992,False,True
66803146,0.23900000,62.82000000,147486401,147486402,1782868907024895,False,True
66803147,0.23880000,21.69000000,147486403,147486403,1782868920562937,True,True
66803148,0.23890000,21.71000000,147486404,147486404,1782868934914128,False,True
66803149,0.23900000,21.71000000,147486405,147486405,1782868936899466,False,True
66803150,0.23910000,21.69000000,147486406,147486406,1782868948272893,False,True
66803151,0.23920000,84.45000000,147486407,147486409,1782868949927876,False,True
66803152,0.23930000,35.66000000,147486410,147486410,1782868949949632,False,True
66803153,0.23930000,84.41000000,147486411,147486413,1782868951126093,False,True
66803154,0.23930000,684.34000000,147486414,147486415,1782868951168986,False,True
66803155,0.23930000,450.00000000,147486416,147486416,1782868951192950,True,True
66803156,0.23920000,3045.93000000,147486417,147486418,1782868951192950,True,True
66803157,0.23920000,52.99000000,147486419,147486420,1782868954283053,True,True
66803158,0.23910000,53.00000000,147486421,147486422,1782868960017135,True,True
66803159,0.23920000,62.76000000,147486423,147486424,1782868962904175,False,True
66803160,0.23930000,84.41000000,147486425,147486427,1782868962921177,False,True
66803161,0.23940000,148.17000000,147486428,147486428,1782868962921177,False,True
66803162,0.23940000,84.36000000,147486429,147486431,1782868963082041,False,True
66803163,0.23950000,84.34000000,147486432,147486434,1782868963397612,False,True
66803164,0.23950000,65.14000000,147486435,147486435,1782868964149854,True,True
66803165,0.23950000,62.68000000,147486436,147486437,1782868968682458,False,True
66803166,0.23960000,74.62000000,147486438,147486439,1782868971901847,False,True
66803167,0.23940000,31.31000000,147486440,147486440,1782868977538266,True,True
66803168,0.23930000,52.97000000,147486441,147486442,1782868978810743,True,True
66803169,0.23920000,52.99000000,147486443,147486444,1782868980087009,True,True
66803170,0.23910000,165.00000000,147486445,147486447,1782868982272456,True,True
66803171,0.23920000,315.49000000,147486448,147486448,1782868985922646,False,True
66803172,0.23920000,134.51000000,147486449,147486449,1782868985922764,False,True
66803173,0.23910000,61.27000000,147486450,147486451,1782868992024642,True,True
66803174,0.23910000,137.29000000,147486452,147486452,1782868996162284,False,True
66803175,0.23910000,700.45000000,147486453,147486453,1782868996165068,False,True
66803176,0.23920000,900.27000000,147486454,147486456,1782869002410985,False,True
66803177,0.23910000,31.35000000,147486457,147486457,1782869012156463,True,True
66803178,0.23900000,21.67000000,147486458,147486458,1782869023436308,True,True
66803179,0.23890000,21.67000000,147486459,147486459,1782869025943908,True,True
66803180,0.23880000,471.69000000,147486460,147486461,1782869058992003,True,True
66803181,0.23870000,21.70000000,147486462,147486462,1782869078933941,True,True
66803182,0.23860000,21.70000000,147486463,147486463,1782869086547196,True,True
66803183,0.23850000,21.72000000,147486464,147486464,1782869089161841,True,True
66803184,0.23860000,236.45000000,147486465,147486468,1782869100767210,False,True
66803185,0.23870000,84.62000000,147486469,147486471,1782869103414622,False,True
66803186,0.23880000,84.58000000,147486472,147486474,1782869103600354,False,True
66803187,0.23890000,55.29000000,147486475,147486477,1782869107320237,False,True
66803188,0.23890000,29.26000000,147486478,147486478,1782869107328507,False,True
66803189,0.23880000,21.69000000,147486479,147486479,1782869122275293,True,True
66803190,0.23870000,21.70000000,147486480,147486480,1782869123327852,True,True
66803191,0.23860000,21.70000000,147486481,147486481,1782869125867606,True,True
66803192,0.23870000,62.88000000,147486482,147486483,1782869130778362,False,True
66803193,0.23870000,450.00000000,147486484,147486484,1782869149847196,True,True
66803194,0.23860000,57.00000000,147486485,147486485,1782869150499524,True,True
66803195,0.23850000,57.00000000,147486486,147486486,1782869150499934,True,True
66803196,0.23850000,21.72000000,147486487,147486487,1782869155536925,True,True
66803197,0.23830000,21.74000000,147486488,147486488,1782869162260506,True,True
66803198,0.23840000,84.72000000,147486489,147486491,1782869170369776,False,True
66803199,0.23850000,84.70000000,147486492,147486494,1782869173589574,False,True
66803200,0.23860000,21.74000000,147486495,147486495,1782869180230549,False,True
66803201,0.23870000,21.74000000,147486496,147486496,1782869205674549,False,True
66803202,0.23880000,21.72000000,147486497,147486497,1782869205685938,False,True
66803203,0.23890000,84.55000000,147486498,147486500,1782869210930474,False,True
66803204,0.23880000,21.69000000,147486501,147486501,1782869222308849,True,True
66803205,0.23870000,84.52000000,147486502,147486504,1782869222309944,True,True
66803206,0.23860000,755.48000000,147486505,147486505,1782869222309944,True,True
66803207,0.23860000,84.54000000,147486506,147486508,1782869222313424,True,True
66803208,0.23850000,84.58000000,147486509,147486511,1782869222326754,True,True
66803209,0.23850000,450.00000000,147486512,147486512,1782869222937100,True,True
66803210,0.23860000,84.66000000,147486513,147486515,1782869227095953,False,True
66803211,0.23840000,59.00000000,147486516,147486516,1782869247952428,True,True
66803212,0.23840000,59.00000000,147486517,147486519,1782869247952522,True,True
66803213,0.23840000,25.58000000,147486520,147486520,1782869247952644,True,True
66803214,0.23830000,33.42000000,147486521,147486522,1782869247952644,True,True
66803215,0.23830000,51.22000000,147486523,147486524,1782869247957737,True,True
66803216,0.23830000,3474.58000000,147486525,147486526,1782869247961576,False,True
66803217,0.23840000,6243.50000000,147486527,147486527,1782869248005243,False,True
66803218,0.23850000,62.96000000,147486528,147486529,1782869248205161,False,True
66803219,0.23860000,84.67000000,147486530,147486532,1782869264189879,False,True
66803220,0.23870000,84.62000000,147486533,147486535,1782869267418915,False,True
66803221,0.23880000,84.61000000,147486536,147486538,1782869275897072,False,True
66803222,0.23890000,84.61000000,147486539,147486541,1782869276740979,False,True
66803223,0.23900000,84.53000000,147486542,147486544,1782869276950291,False,True
66803224,0.23890000,450.00000000,147486545,147486545,1782869286346214,True,True
66803225,0.23880000,21.69000000,147486546,147486546,1782869289568129,True,True
66803226,0.23890000,84.55000000,147486547,147486549,1782869308590159,False,True
66803227,0.23900000,67.38000000,147486550,147486552,1782869310516390,False,True
66803228,0.23900000,17.15000000,147486553,147486553,1782869310528797,False,True
66803229,0.23910000,471.69000000,147486554,147486555,1782869311320634,False,True
66803230,0.23910000,130.65000000,147486556,147486556,1782869313964579,True,True
66803231,0.23900000,21.67000000,147486557,147486557,1782869317429146,True,True
66803232,0.23890000,21.67000000,147486558,147486558,1782869319104356,True,True
66803233,0.23900000,62.82000000,147486559,147486560,1782869351803384,False,True
66803234,0.23900000,62.82000000,147486561,147486562,1782869358116916,False,True
66803235,0.23910000,84.47000000,147486563,147486565,1782869377899917,False,True
66803236,0.23900000,471.67000000,147486566,147486567,1782869381908869,True,True
66803237,0.23890000,21.67000000,147486568,147486568,1782869400852517,True,True
66803238,0.23880000,84.47000000,147486569,147486571,1782869400852517,True,True
66803239,0.23890000,84.55000000,147486572,147486574,1782869406245443,False,True
66803240,0.23890000,81.51000000,147486575,147486575,1782869409073356,False,True
66803241,0.23900000,84.55000000,147486576,147486578,1782869410534918,False,True
66803242,0.23900000,450.00000000,147486579,147486579,1782869410951921,False,True
66803243,0.23910000,84.47000000,147486580,147486582,1782869413583694,False,True
66803244,0.23920000,84.45000000,147486583,147486585,1782869420622994,False,True
66803245,0.23930000,84.41000000,147486586,147486588,1782869422947175,False,True
66803246,0.23940000,84.36000000,147486589,147486591,1782869424674506,False,True
66803247,0.23930000,77.39000000,147486592,147486594,1782869430573707,True,True
66803248,0.23930000,6.95000000,147486595,147486595,1782869430574796,True,True
66803249,0.23940000,84.36000000,147486596,147486598,1782869432499068,False,True
66803250,0.23950000,21.66000000,147486599,147486599,1782869433895868,False,True
66803251,0.23960000,744.61000000,147486600,147486602,1782869435273115,False,True
66803252,0.23950000,161.39000000,147486603,147486605,1782869443757969,True,True
66803253,0.23950000,450.00000000,147486606,147486606,1782869450052741,True,True
66803254,0.23950000,450.00000000,147486607,147486607,1782869455408637,True,True
66803255,0.23960000,21.64000000,147486608,147486608,1782869464152373,False,True
66803256,0.23950000,52.93000000,147486609,147486610,1782869492462858,True,True
66803257,0.23940000,52.94000000,147486611,147486612,1782869513118337,True,True
66803258,0.23940000,446.95000000,147486613,147486613,1782869513120852,False,True
66803259,0.23940000,3.05000000,147486614,147486614,1782869513121037,False,True
66803260,0.23940000,450.00000000,147486615,147486615,1782869513122418,False,True
66803261,0.23940000,43.25000000,147486616,147486616,1782869513122955,False,True
66803262,0.23940000,406.75000000,147486617,147486617,1782869513124701,True,True
66803263,0.23940000,885.54000000,147486618,147486618,1782869513127966,False,True
66803264,0.23940000,0.48000000,147486619,147486619,1782869513127986,False,True
66803265,0.23930000,52.97000000,147486620,147486621,1782869515259141,True,True
66803266,0.23930000,450.00000000,147486622,147486622,1782869517720757,True,True
66803267,0.23940000,84.36000000,147486623,147486625,1782869520617760,False,True
66803268,0.23940000,450.00000000,147486626,147486626,1782869520985969,False,True
66803269,0.23950000,84.34000000,147486627,147486629,1782869530702051,False,True
66803270,0.23950000,836.35000000,147486630,147486630,1782869550924822,False,True
66803271,0.23950000,450.00000000,147486631,147486631,1782869550928695,True,True
66803272,0.23950000,107.33000000,147486632,147486632,1782869561357509,False,True
66803273,0.23950000,258.12000000,147486633,147486633,1782869561358972,False,True
66803274,0.23950000,470.90000000,147486634,147486634,1782869561359208,False,True
66803275,0.23960000,84.30000000,147486635,147486637,1782869570379098,False,True
66803276,0.23950000,52.93000000,147486638,147486639,1782869572973143,True,True
66803277,0.23940000,52.94000000,147486640,147486641,1782869599295219,True,True
66803278,0.23930000,52.97000000,147486642,147486643,1782869601765853,True,True
66803279,0.23920000,52.99000000,147486644,147486645,1782869608384628,True,True
66803280,0.23910000,53.00000000,147486646,147486647,1782869620478709,True,True
66803281,0.23910000,58.34000000,147486648,147486648,1782869640911917,False,True
66803282,0.23900000,21.67000000,147486649,147486649,1782869654170131,True,True
66803283,0.23890000,21.67000000,147486650,147486650,1782869655229698,True,True
66803284,0.23880000,471.69000000,147486651,147486652,1782869661089473,True,True
66803285,0.23890000,923.28000000,147486653,147486656,1782869673030468,False,True
66803286,0.23880000,754.93000000,147486657,147486657,1782869697989687,False,True
66803287,0.23890000,21.71000000,147486658,147486658,1782869702939923,False,True
66803288,0.23890000,450.00000000,147486659,147486659,1782869725969800,True,True
66803289,0.23900000,21.71000000,147486660,147486660,1782869754579869,False,True
66803290,0.23910000,84.47000000,147486661,147486663,1782869754604300,False,True
66803291,0.23920000,21.69000000,147486664,147486664,1782869761749003,False,True
66803292,0.23930000,21.67000000,147486665,147486665,1782869795527966,False,True
66803293,0.23940000,84.36000000,147486666,147486668,1782869821201496,False,True
66803294,0.23950000,84.34000000,147486669,147486671,1782869825508439,False,True
66803295,0.23940000,2798.03000000,147486672,147486673,1782869832183862,True,True
66803296,0.23930000,84.30000000,147486674,147486676,1782869832211077,True,True
66803297,0.23930000,313.40000000,147486677,147486677,1782869839181181,False,True
66803298,0.23930000,450.00000000,147486678,147486678,1782869840925670,True,True
66803299,0.23930000,450.00000000,147486679,147486679,1782869841643012,True,True
66803300,0.23940000,83.54000000,147486680,147486680,1782869843388163,False,True
66803301,0.23930000,450.00000000,147486681,147486681,1782869843390657,True,True
66803302,0.23930000,450.00000000,147486682,147486682,1782869843601629,True,True
66803303,0.23940000,117.31000000,147486683,147486686,1782869871294593,False,True
66803304,0.23940000,450.00000000,147486687,147486687,1782869874570996,True,True
66803305,0.23950000,84.34000000,147486688,147486690,1782869890986590,False,True
66803306,0.23960000,84.30000000,147486691,147486693,1782869908954810,False,True
66803307,0.23960000,450.00000000,147486694,147486694,1782869914859659,True,True
66803308,0.23970000,84.26000000,147486695,147486697,1782869917929239,False,True
66803309,0.23970000,86.91000000,147486698,147486698,1782869919453027,True,True
66803310,0.23980000,21.63000000,147486699,147486699,1782869926310646,False,True
66803311,0.23990000,80.51000000,147486700,147486702,1782869926385374,False,True
66803312,0.23990000,711.40000000,147486703,147486703,1782869926416836,False,True
66803313,0.24000000,396.93000000,147486704,147486707,1782869927045263,False,True
66803314,0.24000000,79.77000000,147486708,147486709,1782869928545378,True,True
66803315,0.24000000,450.00000000,147486710,147486710,1782869931108479,False,True
66803316,0.24000000,450.00000000,147486711,147486711,1782869931111435,False,True
66803317,0.24010000,834.97000000,147486712,147486715,1782869935610353,False,True
66803318,0.24020000,21.19000000,147486716,147486716,1782869935724918,False,True
66803319,0.24020000,21.16000000,147486717,147486718,1782869935885252,False,True
66803320,0.24020000,62.50000000,147486719,147486720,1782869944508313,False,True
66803321,0.24030000,31.23000000,147486721,147486722,1782869946256383,False,True
66803322,0.24030000,31.23000000,147486723,147486723,1782869946256523,False,True
66803323,0.24030000,31.23000000,147486724,147486724,1782869946256526,False,True
66803324,0.24030000,1191.11000000,147486725,147486728,1782869946266336,False,True
66803325,0.24040000,4128.45000000,147486729,147486734,1782869946266336,False,True
66803326,0.24040000,1755.49000000,147486735,147486735,1782869946295185,False,True
66803327,0.24050000,354.98000000,147486736,147486739,1782869946406483,False,True
66803328,0.24060000,84.30000000,147486740,147486742,1782869946615608,False,True
66803329,0.24070000,21.55000000,147486743,147486743,1782869947906881,False,True
66803330,0.24080000,21.53000000,147486744,147486744,1782869948408180,False,True
66803331,0.24090000,84.21000000,147486745,147486747,1782869948431919,False,True
66803332,0.24100000,415.79000000,147486748,147486751,1782869948431919,False,True
66803333,0.24100000,228.63000000,147486752,147486752,1782869948922392,True,True
66803334,0.24090000,62.24000000,147486753,147486754,1782869949008727,True,True
66803335,0.24080000,83.77000000,147486755,147486757,1782869950188043,True,True
66803336,0.24080000,450.00000000,147486758,147486758,1782869951125212,True,True
66803337,0.24080000,23.14000000,147486759,147486759,1782869952773999,True,True
66803338,0.24080000,69.20000000,147486760,147486760,1782869953743819,True,True
66803339,0.24090000,21.52000000,147486761,147486761,1782869953795899,False,True
66803340,0.24100000,409.52000000,147486762,147486762,1782869953795899,False,True
66803341,0.24080000,83.77000000,147486763,147486765,1782869959806797,True,True
66803342,0.24090000,21.52000000,147486766,147486766,1782869967002451,False,True
66803343,0.24090000,591.11000000,147486767,147486767,1782869968135638,True,True
66803344,0.24100000,21.52000000,147486768,147486768,1782869968897789,False,True
66803345,0.24110000,83.79000000,147486769,147486771,1782869968910868,False,True
66803346,0.24120000,728.60000000,147486772,147486773,1782869969205128,False,True
66803347,0.24130000,526.26000000,147486774,147486779,1782869969259670,False,True
66803348,0.24140000,3851.83000000,147486780,147486781,1782869969496674,False,True
66803349,0.24150000,84.14000000,147486782,147486784,1782869969579976,False,True
66803350,0.24150000,3247.27000000,147486785,147486786,1782869969750725,True,True
66803351,0.24150000,1983.05000000,147486787,147486787,1782869969752371,True,True
66803352,0.24150000,1129.59000000,147486788,147486788,1782869969753334,True,True
66803353,0.24140000,43.54000000,147486789,147486789,1782869970050224,True,True
66803354,0.24130000,83.60000000,147486790,147486792,1782869970666240,True,True
66803355,0.24120000,512.16000000,147486793,147486795,1782869970965094,True,True
66803356,0.24120000,450.00000000,147486796,147486796,1782869971975161,True,True
66803357,0.24110000,83.66000000,147486797,147486799,1782869973190764,True,True
66803358,0.24100000,83.71000000,147486800,147486802,1782869973770370,True,True
66803359,0.24090000,21.49000000,147486803,147486803,1782869977672863,True,True
66803360,0.24110000,21.51000000,147486804,147486804,1782869984603197,False,True
66803361,0.24120000,21.50000000,147486805,147486805,1782869986191044,False,True
66803362,0.24130000,83.72000000,147486806,147486808,1782869986258883,False,True
66803363,0.24120000,62.16000000,147486809,147486810,1782869988246505,True,True
66803364,0.24120000,689.03000000,147486811,147486812,1782869988529536,False,True
66803365,0.24110000,83.66000000,147486813,147486815,1782869988552521,True,True
66803366,0.24100000,21.49000000,147486816,147486816,1782869993949669,True,True
66803367,0.24090000,21.49000000,147486817,147486817,1782869997255338,True,True
66803368,0.24080000,21.51000000,147486818,147486818,1782869998688162,True,True
66803369,0.24070000,21.51000000,147486819,147486819,1782870000043959,True,True
66803370,0.24060000,83.83000000,147486820,147486822,1782870001167917,True,True
66803371,0.24080000,83.87000000,147486823,147486825,1782870011520025,False,True
66803372,0.24070000,533.79000000,147486826,147486829,1782870013647852,True,True
66803373,0.24070000,107.24000000,147486830,147486830,1782870013652983,False,True
66803374,0.24070000,450.00000000,147486831,147486831,1782870020841201,True,True
66803375,0.24060000,83.83000000,147486832,147486834,1782870032115262,True,True
66803376,0.24050000,21.53000000,147486835,147486835,1782870034716504,True,True
66803377,0.24050000,43.02000000,147486836,147486836,1782870042768022,False,True
66803378,0.24060000,83.95000000,147486837,147486839,1782870051445605,False,True
66803379,0.24070000,83.91000000,147486840,147486842,1782870051532061,False,True
66803380,0.24080000,135.80000000,147486843,147486843,1782870051535659,False,True
66803381,0.24080000,21.53000000,147486844,147486844,1782870054807048,False,True
66803382,0.24090000,21.52000000,147486845,147486845,1782870062906232,False,True
66803383,0.24080000,21.51000000,147486846,147486846,1782870064412927,True,True
66803384,0.24090000,21.52000000,147486847,147486847,1782870067155758,False,True
66803385,0.24100000,21.52000000,147486848,147486848,1782870067698842,False,True
66803386,0.24110000,21.51000000,147486849,147486849,1782870068176387,False,True
66803387,0.24120000,83.74000000,147486850,147486852,1782870068176387,False,True
66803388,0.24130000,1194.00000000,147486853,147486856,1782870068205048,False,True
66803389,0.24130000,20.73000000,147486857,147486857,1782870068262382,False,True
66803390,0.24140000,83.66000000,147486858,147486860,1782870068304435,False,True
66803391,0.24150000,21.48000000,147486861,147486861,1782870068553203,False,True
66803392,0.24160000,21.63000000,147486862,147486862,1782870068702529,False,True
66803393,0.24160000,193.62000000,147486863,147486863,1782870068829345,True,True
66803394,0.24160000,6243.50000000,147486864,147486864,1782870069199892,True,True
66803395,0.24150000,83.52000000,147486865,147486867,1782870069369479,True,True
66803396,0.24140000,21.44000000,147486868,147486868,1782870073977046,True,True
66803397,0.24130000,21.46000000,147486869,147486869,1782870075152337,True,True
66803398,0.24120000,83.62000000,147486870,147486872,1782870080101496,True,True
66803399,0.24120000,6990.94000000,147486873,147486874,1782870093045682,False,True
66803400,0.24120000,1000.00000000,147486875,147486875,1782870093047628,True,True
66803401,0.24120000,843.85000000,147486876,147486876,1782870095741715,True,True
66803402,0.24110000,83.66000000,147486877,147486879,1782870102761062,True,True
66803403,0.24100000,21.48000000,147486880,147486880,1782870104483350,True,True
66803404,0.24090000,83.72000000,147486881,147486883,1782870105028905,True,True
66803405,0.24080000,21.51000000,147486884,147486884,1782870120592432,True,True
66803406,0.24070000,21.51000000,147486885,147486885,1782870122625212,True,True
66803407,0.24060000,21.51000000,147486886,147486886,1782870129103615,True,True
66803408,0.24050000,83.84000000,147486887,147486889,1782870129274964,True,True
66803409,0.24040000,533.89000000,147486890,147486893,1782870129274964,True,True
66803410,0.24030000,565.78000000,147486894,147486898,1782870129274964,True,True
66803411,0.24060000,83.96000000,147486899,147486901,1782870151066597,False,True
66803412,0.24070000,200.35000000,147486902,147486903,1782870208724389,False,True
66803413,0.24070000,570.20000000,147486904,147486904,1782870208736296,False,True
66803414,0.24080000,21.53000000,147486905,147486905,1782870212586285,False,True
66803415,0.24090000,83.84000000,147486906,147486908,1782870212586285,False,True
66803416,0.24100000,83.00000000,147486909,147486909,1782870212609007,False,True
66803417,0.24100000,83.00000000,147486910,147486910,1782870212622202,False,True
66803418,0.24100000,83.00000000,147486911,147486911,1782870212622939,False,True
66803419,0.24100000,83.00000000,147486912,147486912,1782870212624749,False,True
66803420,0.24100000,83.00000000,147486913,147486913,1782870212625148,False,True
66803421,0.24100000,83.00000000,147486914,147486916,1782870212629074,False,True
66803422,0.24100000,35.80000000,147486917,147486918,1782870212632185,False,True
66803423,0.24110000,47.20000000,147486919,147486919,1782870212632185,False,True
66803424,0.24110000,83.00000000,147486920,147486920,1782870212635497,False,True
66803425,0.24110000,83.00000000,147486921,147486921,1782870212637311,False,True
66803426,0.24110000,83.00000000,147486922,147486922,1782870212637530,False,True
66803427,0.24110000,83.00000000,147486923,147486923,1782870212639341,False,True
66803428,0.24110000,83.00000000,147486924,147486925,1782870212640851,False,True
66803429,0.24110000,83.00000000,147486926,147486926,1782870212641739,False,True
66803430,0.24110000,83.00000000,147486927,147486927,1782870212642102,False,True
66803431,0.24110000,83.00000000,147486928,147486928,1782870212642607,False,True
66803432,0.24110000,83.00000000,147486929,147486929,1782870212645038,False,True
66803433,0.24100000,83.00000000,147486930,147486930,1782870212650663,False,True
66803434,0.24100000,83.00000000,147486931,147486931,1782870212652561,False,True
66803435,0.24100000,83.00000000,147486932,147486932,1782870212653309,False,True
66803436,0.24100000,83.00000000,147486933,147486933,1782870212656665,False,True
66803437,0.24100000,83.00000000,147486934,147486934,1782870212658927,False,True
66803438,0.24100000,35.00000000,147486935,147486935,1782870212666844,False,True
66803439,0.24110000,48.00000000,147486936,147486937,1782870212666844,False,True
66803440,0.24100000,83.00000000,147486938,147486938,1782870212695344,False,True
66803441,0.24080000,21.51000000,147486939,147486939,1782870252373598,True,True
66803442,0.24080000,450.00000000,147486940,147486940,1782870260459635,True,True
66803443,0.24090000,21.52000000,147486941,147486941,1782870272078590,False,True
66803444,0.24100000,83.80000000,147486942,147486944,1782870272078590,False,True
66803445,0.24110000,2957.81000000,147486945,147486948,1782870272078590,False,True
66803446,0.24100000,450.00000000,147486949,147486949,1782870276146062,True,True
66803447,0.24090000,62.24000000,147486950,147486951,1782870303013117,True,True
66803448,0.24080000,83.74000000,147486952,147486954,1782870308663519,True,True
66803449,0.24090000,578.52000000,147486955,147486957,1782870331927645,False,True
66803450,0.24100000,743.97000000,147486958,147486962,1782870331927645,False,True
66803451,0.24110000,21.51000000,147486963,147486963,1782870339748662,False,True
66803452,0.24120000,83.74000000,147486964,147486965,1782870341123147,False,True
66803453,0.24120000,89.85000000,147486966,147486966,1782870341226182,False,True
66803454,0.24130000,83.72000000,147486967,147486969,1782870341271440,False,True
66803455,0.24110000,83.66000000,147486970,147486972,1782870347301932,True,True
66803456,0.24100000,83.71000000,147486973,147486975,1782870349460374,True,True
66803457,0.24090000,21.49000000,147486976,147486976,1782870354897320,True,True
66803458,0.24080000,83.77000000,147486977,147486979,1782870359810634,True,True
66803459,0.24070000,83.79000000,147486980,147486982,1782870395726672,True,True
66803460,0.24060000,21.51000000,147486983,147486983,1782870409431465,True,True
66803461,0.24060000,62.32000000,147486984,147486985,1782870417905039,True,True
66803462,0.24060000,450.00000000,147486986,147486986,1782870420783098,True,True
66803463,0.24050000,21.53000000,147486987,147486987,1782870427997240,True,True
66803464,0.24040000,83.89000000,147486988,147486990,1782870452735051,True,True
66803465,0.24050000,450.00000000,147486991,147486991,1782870489010977,True,True
66803466,0.24050000,450.00000000,147486992,147486992,1782870489512949,True,True
66803467,0.24040000,62.36000000,147486993,147486994,1782870509398449,True,True
66803468,0.24030000,7275.88000000,147486995,147487000,1782870547047081,True,True
66803469,0.24020000,1000.00000000,147487001,147487004,1782870572251792,True,True
66803470,0.24020000,451.24000000,147487005,147487005,1782870572267369,True,True
66803471,0.24020000,1907.33000000,147487006,147487006,1782870586836767,True,True
66803472,0.24020000,1426.11000000,147487007,147487007,1782870586836780,True,True
66803473,0.24020000,74.51000000,147487008,147487008,1782870604061539,True,True
66803474,0.24020000,51.11000000,147487009,147487009,1782870604691008,True,True
66803475,0.24020000,2054.98000000,147487010,147487010,1782870604692434,True,True
66803476,0.24010000,83.98000000,147487011,147487013,1782870606006232,True,True
66803477,0.24010000,450.00000000,147487014,147487014,1782870606317982,True,True
66803478,0.24010000,30.71000000,147487015,147487015,1782870609018941,False,True
66803479,0.24000000,419.29000000,147487016,147487018,1782870612634980,True,True
66803480,0.24000000,31.25000000,147487019,147487019,1782870629687935,True,True
66803481,0.24000000,31.25000000,147487020,147487020,1782870629689211,True,True
66803482,0.24000000,31.25000000,147487021,147487021,1782870629689447,True,True
66803483,0.24010000,1000.00000000,147487022,147487023,1782870634090522,False,True
66803484,0.24010000,1489.26000000,147487024,147487024,1782870672455556,True,True
66803485,0.24010000,4000.00000000,147487025,147487025,1782870672455757,True,True
66803486,0.24010000,1180.49000000,147487026,147487026,1782870672457408,True,True
66803487,0.24010000,1489.26000000,147487027,147487029,1782870672458397,True,True
66803488,0.24010000,150.75000000,147487030,147487030,1782870680612974,False,True
66803489,0.24020000,62.50000000,147487031,147487032,1782870693461867,False,True
66803490,0.24030000,21.58000000,147487033,147487033,1782870710973770,False,True
66803491,0.24030000,450.15000000,147487034,147487035,1782870727277864,True,True
66803492,0.24040000,21.57000000,147487036,147487036,1782870755374263,False,True
66803493,0.24050000,21.57000000,147487037,147487037,1782870759902677,False,True
66803494,0.24060000,21.55000000,147487038,147487038,1782870760911403,False,True
66803495,0.24060000,514.72000000,147487039,147487040,1782870763765287,True,True
66803496,0.24070000,307.89000000,147487041,147487042,1782870784322849,False,True
66803497,0.24080000,226.92000000,147487043,147487044,1782870790012755,False,True
66803498,0.24080000,1345.94000000,147487045,147487045,1782870792339500,False,True
66803499,0.24070000,166.79000000,147487046,147487049,1782870792517297,True,True
66803500,0.24060000,1139.64000000,147487050,147487052,1782870792517297,True,True
66803501,0.24060000,83.83000000,147487053,147487055,1782870795476503,True,True
66803502,0.24050000,21.53000000,147487056,147487056,1782870819975965,True,True
66803503,0.24060000,21.55000000,147487057,147487057,1782870832262432,False,True
66803504,0.24070000,202.71000000,147487058,147487059,1782870867435644,False,True
66803505,0.24080000,21.53000000,147487060,147487060,1782870893199317,False,True
66803506,0.24090000,76.96000000,147487061,147487063,1782870893269148,False,True
66803507,0.24090000,6.88000000,147487064,147487064,1782870893269243,False,True
66803508,0.24100000,21.52000000,147487065,147487065,1782870903138940,False,True
66803509,0.24110000,272.62000000,147487066,147487067,1782870912760730,False,True
66803510,0.24120000,41.45000000,147487068,147487069,1782870941591839,False,True
66803511,0.24130000,71.45000000,147487070,147487071,1782870952949719,False,True
66803512,0.24120000,62.16000000,147487072,147487073,1782870957156612,True,True
66803513,0.24120000,450.00000000,147487074,147487074,1782870960257613,True,True
66803514,0.24120000,450.00000000,147487075,147487075,1782870961367169,True,True
66803515,0.24110000,83.66000000,147487076,147487078,1782870972455603,True,True
66803516,0.24100000,21.49000000,147487079,147487079,1782871001906985,True,True
66803517,0.24110000,21.51000000,147487080,147487080,1782871029784864,False,True
66803518,0.24100000,69.89000000,147487081,147487083,1782871047039450,True,True
66803519,0.24090000,21.49000000,147487084,147487084,1782871077900674,True,True
66803520,0.24080000,83.77000000,147487085,147487087,1782871082870180,True,True
66803521,0.24070000,83.79000000,147487088,147487090,1782871108114754,True,True
66803522,0.24070000,554.65000000,147487091,147487091,1782871145425312,False,True
66803523,0.24060000,456.05000000,147487092,147487096,1782871200645617,True,True
66803524,0.24070000,207.72000000,147487097,147487097,1782871232858042,False,True
66803525,0.24060000,31.17000000,147487098,147487098,1782871249126253,False,True
66803526,0.24060000,2399.00000000,147487099,147487100,1782871260975656,True,True
66803527,0.24050000,83.87000000,147487101,147487103,1782871261709058,True,True
66803528,0.24050000,83.77000000,147487104,147487104,1782871278065944,False,True
66803529,0.24050000,582.53000000,147487105,147487105,1782871278067448,False,True
66803530,0.24050000,450.00000000,147487106,147487106,1782871297520377,True,True
66803531,0.24040000,21.53000000,147487107,147487107,1782871327511001,True,True
66803532,0.24050000,62.42000000,147487108,147487109,1782871348413625,False,True
66803533,0.24060000,21.55000000,147487110,147487110,1782871370292215,False,True
66803534,0.24070000,83.91000000,147487111,147487113,1782871372174373,False,True
66803535,0.24080000,21.53000000,147487114,147487114,1782871380765715,False,True
66803536,0.24080000,2235.49000000,147487115,147487121,1782871386366129,True,True
66803537,0.24080000,450.00000000,147487122,147487122,1782871389098849,True,True
66803538,0.24070000,21.51000000,147487123,147487123,1782871396954791,True,True
66803539,0.24070000,417.99000000,147487124,147487124,1782871424891968,False,True
66803540,0.24070000,982.72000000,147487125,147487125,1782871424896890,True,True
66803541,0.24080000,83.87000000,147487126,147487128,1782871445904448,False,True
66803542,0.24070000,21.51000000,147487129,147487129,1782871475011923,True,True
66803543,0.24060000,21.51000000,147487130,147487130,1782871476874227,True,True
66803544,0.24050000,21.53000000,147487131,147487131,1782871487084849,True,True
66803545,0.24040000,1061.03000000,147487132,147487133,1782871500396561,True,True
66803546,0.24030000,21.55000000,147487134,147487134,1782871501539501,True,True
66803547,0.24030000,450.00000000,147487135,147487135,1782871504063716,True,True
66803548,0.24020000,21.56000000,147487136,147487136,1782871517100725,True,True
66803549,0.24020000,450.00000000,147487137,147487137,1782871517612854,False,True
66803550,0.24020000,924.21000000,147487138,147487140,1782871520051152,True,True
66803551,0.24020000,924.21000000,147487141,147487141,1782871520051246,True,True
66803552,0.24010000,21.56000000,147487142,147487142,1782871566072564,True,True
66803553,0.24000000,520.03000000,147487143,147487144,1782871569104564,True,True
66803554,0.24000000,498.45000000,147487145,147487145,1782871569130996,True,True
66803555,0.24000000,450.00000000,147487146,147487146,1782871569253143,True,True
66803556,0.24010000,84.12000000,147487147,147487149,1782871591585421,False,True
66803557,0.24000000,471.58000000,147487150,147487151,1782871608048377,True,True
66803558,0.24000000,1000.00000000,147487152,147487152,1782871609595028,True,True
66803559,0.24010000,84.12000000,147487153,147487155,1782871621850646,False,True
66803560,0.24000000,41.67000000,147487156,147487156,1782871634282969,False,True
66803561,0.24000000,450.00000000,147487157,147487157,1782871641240238,True,True
66803562,0.24010000,84.12000000,147487158,147487160,1782871674926647,False,True
66803563,0.24010000,67.24000000,147487161,147487161,1782871685918664,True,True
66803564,0.24010000,450.00000000,147487162,147487162,1782871749859215,True,True
66803565,0.24000000,21.58000000,147487163,147487163,1782871765394168,True,True
66803566,0.24000000,1000.00000000,147487164,147487164,1782871777810096,True,True
66803567,0.24000000,1000.00000000,147487165,147487165,1782871791460182,True,True
66803568,0.24000000,323.94000000,147487166,147487166,1782871791470431,True,True
66803569,0.24000000,118.37000000,147487167,147487167,1782871791514528,True,True
66803570,0.24000000,105.31000000,147487168,147487168,1782871791553888,True,True
66803571,0.24010000,84.12000000,147487169,147487171,1782871802794183,False,True
66803572,0.24020000,84.10000000,147487172,147487174,1782871803994711,False,True
66803573,0.24030000,84.06000000,147487175,147487177,1782871827257582,False,True
66803574,0.24040000,21.57000000,147487178,147487178,1782871833046113,False,True
66803575,0.24050000,24.94000000,147487179,147487179,1782871835082081,False,True
66803576,0.24040000,450.00000000,147487180,147487180,1782871856417836,True,True
66803577,0.24040000,450.00000000,147487181,147487181,1782871856445143,True,True
66803578,0.24030000,565.21000000,147487182,147487186,1782871875118466,True,True
66803579,0.24020000,83.98000000,147487187,147487189,1782871877697983,True,True
66803580,0.24030000,84.06000000,147487190,147487192,1782871889596568,False,True
66803581,0.24040000,21.57000000,147487193,147487193,1782871894180168,False,True
66803582,0.24050000,471.57000000,147487194,147487195,1782871894180508,False,True
66803583,0.24060000,83.95000000,147487196,147487198,1782871902129999,False,True
66803584,0.24070000,21.55000000,147487199,147487199,1782871920995878,False,True
66803585,0.24080000,83.87000000,147487200,147487202,1782871920995878,False,True
66803586,0.24090000,21.52000000,147487203,147487203,1782871921128086,False,True
66803587,0.24100000,471.52000000,147487204,147487205,1782871940053140,False,True
66803588,0.24110000,603.08000000,147487206,147487207,1782871952406379,False,True
66803589,0.24120000,471.50000000,147487208,147487209,1782871954183274,False,True
66803590,0.24120000,6849.95000000,147487210,147487212,1782871954402738,True,True
66803591,0.24110000,2255.47000000,147487213,147487216,1782871954405791,True,True
66803592,0.24100000,83.71000000,147487217,147487219,1782871958990368,True,True
66803593,0.24100000,62.62000000,147487220,147487220,1782871967983292,False,True
66803594,0.24110000,21.51000000,147487221,147487221,1782871980700774,False,True
66803595,0.24120000,21.50000000,147487222,147487222,1782871986887135,False,True
66803596,0.24130000,1133.28000000,147487223,147487224,1782871987160516,False,True
66803597,0.24130000,792.60000000,147487225,147487225,1782871987160841,False,True
66803598,0.24140000,2682.74000000,147487226,147487227,1782871988085548,False,True
66803599,0.24140000,575.37000000,147487228,147487228,1782871988085697,False,True
66803600,0.24150000,21.48000000,147487229,147487229,1782871991057718,False,True
66803601,0.24160000,130.20000000,147487230,147487231,1782871991289971,False,True
66803602,0.24160000,1122.00000000,147487232,147487232,1782871991291940,False,True
66803603,0.24160000,2003.88000000,147487233,147487233,1782871991292908,False,True
66803604,0.24160000,605.91000000,147487234,147487235,1782871991941790,True,True
66803605,0.24160000,498.45000000,147487236,147487236,1782871991945362,True,True
66803606,0.24150000,83.52000000,147487237,147487239,1782871992782165,True,True
66803607,0.24140000,21.44000000,147487240,147487240,1782872002875355,True,True
66803608,0.24140000,1372.10000000,147487241,147487241,1782872020635943,False,True
66803609,0.24130000,533.60000000,147487242,147487245,1782872025578590,True,True
66803610,0.24140000,85.82000000,147487246,147487247,1782872033963632,False,True
66803611,0.24140000,85.82000000,147487248,147487248,1782872041934032,True,True
66803612,0.24140000,450.00000000,147487249,147487249,1782872045261792,True,True
66803613,0.24130000,83.60000000,147487250,147487252,1782872053238061,True,True
66803614,0.24140000,363.95000000,147487253,147487254,1782872054547189,False,True
66803615,0.24140000,238.57000000,147487255,147487255,1782872054547396,False,True
66803616,0.24150000,124.50000000,147487256,147487256,1782872054547396,False,True
66803617,0.24150000,363.07000000,147487257,147487257,1782872054547702,False,True
66803618,0.24150000,363.07000000,147487258,147487258,1782872054547719,False,True
66803619,0.24120000,812.34000000,147487259,147487263,1782872060938577,True,True
66803620,0.24120000,274.07000000,147487264,147487264,1782872077225947,False,True
66803621,0.24120000,275.00000000,147487265,147487265,1782872077226057,False,True
66803622,0.24130000,275.00000000,147487266,147487266,1782872077229069,False,True
66803623,0.24130000,450.00000000,147487267,147487267,1782872106355190,False,True
66803624,0.24130000,252.51000000,147487268,147487268,1782872111227321,False,True
66803625,0.24130000,328.58000000,147487269,147487269,1782872111227438,False,True
66803626,0.24130000,166.00000000,147487270,147487270,1782872119357857,True,True
66803627,0.24130000,450.00000000,147487271,147487271,1782872120970349,True,True
66803628,0.24140000,21.48000000,147487272,147487272,1782872131470294,False,True
66803629,0.24150000,21.48000000,147487273,147487273,1782872135113618,False,True
66803630,0.24160000,21.46000000,147487274,147487274,1782872143085224,False,True
66803631,0.24160000,887.65000000,147487275,147487277,1782872145167312,True,True
66803632,0.24170000,21.63000000,147487278,147487278,1782872146306961,False,True
66803633,0.24180000,343.00000000,147487279,147487280,1782872173265139,False,True
66803634,0.24170000,2090.39000000,147487281,147487288,1782872189234473,True,True
66803635,0.24170000,27.69000000,147487289,147487289,1782872189239508,True,True
66803636,0.24170000,126.76000000,147487290,147487292,1782872210126230,True,True
66803637,0.24160000,1176.55000000,147487293,147487298,1782872242628019,True,True
66803638,0.24150000,21.44000000,147487299,147487299,1782872276278820,True,True
66803639,0.24160000,21.46000000,147487300,147487300,1782872281443604,False,True
66803640,0.24160000,450.00000000,147487301,147487301,1782872302150569,False,True
66803641,0.24160000,450.00000000,147487302,147487302,1782872305894638,False,True
66803642,0.24150000,83.52000000,147487303,147487305,1782872313123958,True,True
66803643,0.24140000,26.51000000,147487306,147487306,1782872313123958,True,True
66803644,0.24150000,728.72000000,147487307,147487308,1782872345357206,True,True
66803645,0.24160000,1133.60000000,147487309,147487312,1782872351932422,False,True
66803646,0.24170000,363.00000000,147487313,147487314,1782872351932757,False,True
66803647,0.24170000,170.55000000,147487315,147487317,1782872351934085,False,True
66803648,0.24180000,192.73000000,147487318,147487318,1782872351934085,False,True
66803649,0.24150000,83.52000000,147487319,147487321,1782872411619528,True,True
66803650,0.24160000,21.46000000,147487322,147487322,1782872436631123,False,True
66803651,0.24170000,21.45000000,147487323,147487323,1782872490671277,False,True
66803652,0.24180000,1575.19000000,147487324,147487328,1782872490671277,False,True
66803653,0.24190000,83.69000000,147487329,147487331,1782872490733767,False,True
66803654,0.24200000,25.00000000,147487332,147487333,1782872490959504,False,True
66803655,0.24200000,67.29000000,147487334,147487334,1782872490960942,False,True
