67110287,202.20000000,0.15640000,159992194,159992199,1782864000971676,False,True
67110288,202.20000000,0.02600000,159992200,159992200,1782864000972114,False,True
67110289,202.30000000,0.02960000,159992201,159992201,1782864006706520,False,True
67110290,202.30000000,47.34440000,159992202,159992218,1782864015853072,False,True
67110291,202.40000000,131.82190000,159992219,159992241,1782864015853072,False,True
67110292,202.50000000,96.39770000,159992242,159992261,1782864015853072,False,True
67110293,202.60000000,72.27240000,159992262,159992280,1782864015853072,False,True
67110294,202.70000000,99.29790000,159992281,159992301,1782864015853072,False,True
67110295,202.80000000,47.18100000,159992302,159992316,1782864015853072,False,True
67110296,202.80000000,0.21570000,159992317,159992317,1782864015853072,False,True
67110297,202.50000000,0.90200000,159992318,159992318,1782864015854930,True,True
67110298,202.50000000,0.50780000,159992319,159992319,1782864015855023,True,True
67110299,202.50000000,6.54240000,159992320,159992321,1782864015855088,True,True
67110300,202.50000000,0.42630000,159992322,159992322,1782864015855126,True,True
67110301,202.50000000,0.44370000,159992323,159992323,1782864015855242,True,True
67110302,202.50000000,4.05840000,159992324,159992324,1782864015855268,True,True
67110303,202.40000000,0.44370000,159992325,159992325,1782864015855287,True,True
67110304,202.50000000,4.50210000,159992326,159992326,1782864015855521,True,True
67110305,202.60000000,0.02730000,159992327,159992327,1782864015855584,False,True
67110306,202.40000000,1.33120000,159992328,159992328,1782864015855821,True,True
67110307,202.40000000,1.33130000,159992329,159992329,1782864015856156,True,True
67110308,202.40000000,0.50780000,159992330,159992330,1782864015856207,True,True
67110309,202.40000000,0.73960000,159992331,159992331,1782864015856339,True,True
67110310,202.40000000,1.49900000,159992332,159992333,1782864015856346,True,True
67110311,202.40000000,1.49900000,159992334,159992334,1782864015856399,True,True
67110312,202.40000000,0.21200000,159992335,159992335,1782864015856421,True,True
67110313,202.40000000,0.64100000,159992336,159992336,1782864015856464,True,True
67110314,202.40000000,0.44370000,159992337,159992337,1782864015856956,True,True
67110315,202.40000000,0.03000000,159992338,159992338,1782864015857095,True,True
67110316,202.40000000,0.10760000,159992339,159992339,1782864015857486,True,True
67110317,202.40000000,5.86340000,159992340,159992342,1782864015861949,True,True
67110318,202.50000000,0.44370000,159992343,159992343,1782864015866955,False,True
67110319,202.40000000,0.31240000,159992344,159992351,1782864015873084,True,True
67110320,202.30000000,0.12250000,159992352,159992352,1782864015873084,True,True
67110321,202.40000000,0.55130000,159992353,159992353,1782864015887202,False,True
67110322,202.40000000,2.38690000,159992354,159992355,1782864015900429,False,True
67110323,202.40000000,9.01140000,159992356,159992361,1782864015901245,False,True
67110324,202.40000000,1.04350000,159992362,159992362,1782864015901379,False,True
67110325,202.40000000,0.44820000,159992363,159992363,1782864015902335,False,True
67110326,202.40000000,2.95630000,159992364,159992369,1782864015902372,False,True
67110327,202.40000000,0.43490000,159992370,159992370,1782864015953096,True,True
67110328,202.40000000,0.97180000,159992371,159992374,1782864015954066,True,True
67110329,202.40000000,0.43490000,159992375,159992375,1782864015979050,True,True
67110330,202.40000000,0.81070000,159992376,159992378,1782864015980944,True,True
67110331,202.40000000,0.70870000,159992379,159992379,1782864015983015,True,True
67110332,202.50000000,4.72460000,159992380,159992380,1782864016009692,False,True
67110333,202.50000000,1.69300000,159992381,159992381,1782864016009983,False,True
67110334,202.50000000,2.97780000,159992382,159992382,1782864016010157,False,True
67110335,202.50000000,7.49040000,159992383,159992399,1782864017067461,False,True
67110336,202.50000000,0.70870000,159992400,159992400,1782864017070952,True,True
67110337,202.50000000,18.98820000,159992401,159992409,1782864017073016,True,True
67110338,202.50000000,0.03920000,159992410,159992410,1782864020338457,False,True
67110339,202.50000000,0.37610000,159992411,159992418,1782864022160622,False,True
67110340,202.60000000,0.04700000,159992419,159992420,1782864025967049,False,True
67110341,202.60000000,0.23330000,159992421,159992428,1782864026041764,False,True
67110342,202.60000000,0.03130000,159992429,159992429,1782864033697717,False,True
67110343,202.60000000,1.00000000,159992430,159992430,1782864035594207,False,True
67110344,202.60000000,0.21000000,159992431,159992431,1782864036044865,False,True
67110345,202.60000000,1.84750000,159992432,159992433,1782864039577688,False,True
67110346,202.60000000,0.16400000,159992434,159992434,1782864050017147,False,True
67110347,202.60000000,0.07820000,159992435,159992438,1782864051175491,False,True
67110348,202.50000000,0.18170000,159992439,159992445,1782864052266617,True,True
67110349,202.50000000,0.05210000,159992446,159992447,1782864052268034,True,True
67110350,202.50000000,0.17010000,159992448,159992448,1782864056048654,False,True
67110351,202.50000000,0.24900000,159992449,159992449,1782864061048636,False,True
67110352,202.50000000,1.53070000,159992450,159992451,1782864061048836,False,True
67110353,202.40000000,0.43490000,159992452,159992454,1782864093147216,True,True
67110354,202.40000000,0.83930000,159992455,159992462,1782864093147926,True,True
67110355,202.30000000,0.81330000,159992463,159992463,1782864093149393,True,True
67110356,202.40000000,0.09670000,159992464,159992464,1782864094406050,False,True
67110357,202.30000000,1.57860000,159992465,159992465,1782864095188406,True,True
67110358,202.40000000,0.50740000,159992466,159992467,1782864095456453,False,True
67110359,202.40000000,0.55830000,159992468,159992477,1782864098096538,False,True
67110360,202.50000000,0.05590000,159992478,159992480,1782864106407382,False,True
67110361,202.40000000,4.67440000,159992481,159992482,1782864111432056,True,True
67110362,202.40000000,5.02880000,159992483,159992487,1782864111432112,True,True
67110363,202.40000000,45.90800000,159992488,159992498,1782864111432143,True,True
67110364,202.40000000,0.45950000,159992499,159992499,1782864111432279,True,True
67110365,202.40000000,1.41590000,159992500,159992500,1782864111432297,True,True
67110366,202.40000000,24.49900000,159992501,159992501,1782864111432325,True,True
67110367,202.40000000,0.22310000,159992502,159992504,1782864111433736,True,True
67110368,202.30000000,4.26200000,159992505,159992516,1782864114204337,True,True
67110369,202.40000000,0.48170000,159992517,159992524,1782864123236764,False,True
67110370,202.50000000,0.04110000,159992525,159992526,1782864124853690,False,True
67110371,202.40000000,1.12490000,159992527,159992527,1782864141324107,True,True
67110372,202.50000000,3.30300000,159992528,159992539,1782864154874023,False,True
67110373,202.50000000,0.07830000,159992540,159992542,1782864154875368,False,True
67110374,202.60000000,0.60300000,159992543,159992555,1782864160326844,False,True
67110375,202.60000000,0.05150000,159992556,159992557,1782864160327063,False,True
67110376,202.60000000,0.43450000,159992558,159992562,1782864168750394,True,True
67110377,202.60000000,1.40360000,159992563,159992563,1782864168754137,True,True
67110378,202.60000000,0.70870000,159992564,159992564,1782864168756808,True,True
67110379,202.60000000,0.07750000,159992565,159992567,1782864168776168,True,True
67110380,202.60000000,0.08990000,159992568,159992568,1782864173133993,False,True
67110381,202.50000000,1.27450000,159992569,159992578,1782864176568471,True,True
67110382,202.50000000,0.04670000,159992579,159992579,1782864192332986,False,True
67110383,202.40000000,7.28940000,159992580,159992589,1782864194030247,True,True
67110384,202.40000000,9.34510000,159992590,159992591,1782864194033448,True,True
67110385,202.40000000,0.10410000,159992592,159992595,1782864194036507,True,True
67110386,202.30000000,0.40870000,159992596,159992596,1782864196198429,True,True
67110387,202.40000000,0.26940000,159992597,159992597,1782864207578361,False,True
67110388,202.30000000,0.03100000,159992598,159992598,1782864213822514,True,True
67110389,202.30000000,1.66500000,159992599,159992609,1782864213822767,True,True
67110390,202.20000000,0.74310000,159992610,159992622,1782864216752854,True,True
67110391,202.10000000,0.03100000,159992623,159992624,1782864216753132,True,True
67110392,202.10000000,0.50850000,159992625,159992625,1782864216768154,True,True
67110393,202.10000000,2.04970000,159992626,159992626,1782864216775018,True,True
67110394,202.20000000,10.32800000,159992627,159992640,1782864220625139,False,True
67110395,202.20000000,0.05160000,159992641,159992642,1782864220626188,False,True
67110396,202.20000000,28.46110000,159992643,159992653,1782864224378603,True,True
67110397,202.10000000,0.03100000,159992654,159992654,1782864224379348,True,True
67110398,202.10000000,12.00000000,159992655,159992663,1782864224379419,True,True
67110399,202.10000000,9.88680000,159992664,159992672,1782864224379427,True,True
67110400,202.10000000,0.09100000,159992673,159992675,1782864226900610,False,True
67110401,202.10000000,4.65770000,159992676,159992683,1782864227298348,False,True
67110402,202.10000000,0.05220000,159992684,159992685,1782864227300307,False,True
67110403,202.10000000,5.00000000,159992686,159992687,1782864229182465,True,True
67110404,202.20000000,2.57420000,159992688,159992689,1782864240853553,False,True
67110405,202.20000000,20.56380000,159992690,159992702,1782864240853968,False,True
67110406,202.20000000,0.41330000,159992703,159992703,1782864289997786,True,True
67110407,202.30000000,10.77570000,159992704,159992716,1782864301472405,False,True
67110408,202.30000000,0.05220000,159992717,159992718,1782864301474489,False,True
67110409,202.40000000,0.07620000,159992719,159992719,1782864306395457,False,True
67110410,202.30000000,0.43510000,159992720,159992721,1782864308217882,True,True
67110411,202.30000000,0.10370000,159992722,159992725,1782864308220126,True,True
67110412,202.30000000,4.96200000,159992726,159992736,1782864310808373,False,True
67110413,202.30000000,0.05150000,159992737,159992738,1782864310809883,False,True
67110414,202.40000000,0.04450000,159992739,159992739,1782864320422624,False,True
67110415,202.40000000,0.03430000,159992740,159992740,1782864326292454,False,True
67110416,202.30000000,5.23610000,159992741,159992747,1782864328071380,True,True
67110417,202.30000000,0.02610000,159992748,159992748,1782864328072744,True,True
67110418,202.30000000,11.84000000,159992749,159992759,1782864328541997,False,True
67110419,202.30000000,0.05180000,159992760,159992761,1782864328542250,False,True
67110420,202.30000000,0.69000000,159992762,159992762,1782864335772311,True,True
67110421,202.30000000,0.32130000,159992763,159992768,1782864343861962,True,True
67110422,202.30000000,0.03950000,159992769,159992769,1782864363063779,False,True
67110423,202.20000000,4.17900000,159992770,159992782,1782864375435703,True,True
67110424,202.20000000,0.02550000,159992783,159992783,1782864375437588,True,True
67110425,202.20000000,0.98910000,159992784,159992785,1782864384464352,False,True
67110426,202.20000000,1.48630000,159992786,159992790,1782864393672414,False,True
67110427,202.20000000,7.33250000,159992791,159992797,1782864393672478,False,True
67110428,202.20000000,0.05210000,159992798,159992799,1782864393672482,False,True
67110429,202.20000000,1.01530000,159992800,159992806,1782864407093037,True,True
67110430,202.20000000,0.98940000,159992807,159992810,1782864421323150,False,True
67110431,202.20000000,11.77290000,159992811,159992819,1782864421323178,False,True
67110432,202.20000000,0.05210000,159992820,159992821,1782864421323181,False,True
67110433,202.30000000,0.46340000,159992822,159992832,1782864424091540,False,True
67110434,202.30000000,0.04900000,159992833,159992833,1782864430419594,True,True
67110435,202.40000000,0.17290000,159992834,159992834,1782864435180555,False,True
67110436,202.30000000,0.23780000,159992835,159992835,1782864450645908,True,True
67110437,202.40000000,0.24700000,159992836,159992844,1782864451405768,False,True
67110438,202.40000000,0.03620000,159992845,159992845,1782864457395853,False,True
67110439,202.40000000,5.00000000,159992846,159992846,1782864465059549,False,True
67110440,202.40000000,4.94070000,159992847,159992849,1782864465549769,False,True
67110441,202.40000000,1.00290000,159992850,159992850,1782864471454528,False,True
67110442,202.30000000,0.15880000,159992851,159992851,1782864476604865,True,True
67110443,202.40000000,1.29550000,159992852,159992856,1782864477240964,False,True
67110444,202.40000000,1.22430000,159992857,159992857,1782864479957521,False,True
67110445,202.40000000,2.68320000,159992858,159992865,1782864479957797,False,True
67110446,202.40000000,0.83370000,159992866,159992868,1782864479959977,False,True
67110447,202.50000000,0.03920000,159992869,159992869,1782864483212029,False,True
67110448,202.50000000,7.01010000,159992870,159992871,1782864487805022,False,True
67110449,202.50000000,1.54560000,159992872,159992873,1782864487805371,False,True
67110450,202.50000000,1.71240000,159992874,159992874,1782864487806287,False,True
67110451,202.50000000,0.74690000,159992875,159992875,1782864487806396,False,True
67110452,202.50000000,0.31310000,159992876,159992876,1782864487807484,False,True
67110453,202.50000000,0.93320000,159992877,159992877,1782864487807489,False,True
67110454,202.50000000,8.84200000,159992878,159992886,1782864487827110,False,True
67110455,202.50000000,11.24570000,159992887,159992891,1782864487827115,False,True
67110456,202.50000000,1.17100000,159992892,159992897,1782864490784359,True,True
67110457,202.50000000,0.02610000,159992898,159992898,1782864490785482,True,True
67110458,202.40000000,0.12420000,159992899,159992899,1782864494714025,True,True
67110459,202.50000000,0.03920000,159992900,159992900,1782864502228772,False,True
67110460,202.40000000,10.25390000,159992901,159992907,1782864511690988,True,True
67110461,202.40000000,1.24810000,159992908,159992916,1782864513308132,True,True
67110462,202.40000000,0.04100000,159992917,159992917,1782864526429778,False,True
67110463,202.30000000,4.55100000,159992918,159992920,1782864526902597,True,True
67110464,202.40000000,7.20630000,159992921,159992929,1782864527900499,False,True
67110465,202.40000000,0.07760000,159992930,159992932,1782864527901878,False,True
67110466,202.50000000,3.12500000,159992933,159992941,1782864529672348,False,True
67110467,202.50000000,4.93850000,159992942,159992942,1782864529673614,False,True
67110468,202.50000000,4.51520000,159992943,159992943,1782864529674557,False,True
67110469,202.50000000,2.11840000,159992944,159992946,1782864529674601,False,True
67110470,202.50000000,0.07810000,159992947,159992949,1782864529675570,False,True
67110471,202.50000000,0.17240000,159992950,159992950,1782864530488723,True,True
67110472,202.60000000,0.10460000,159992951,159992954,1782864535018228,False,True
67110473,202.50000000,13.24150000,159992955,159992967,1782864541783898,True,True
67110474,202.50000000,0.05220000,159992968,159992969,1782864541786808,True,True
67110475,202.50000000,0.02460000,159992970,159992970,1782864543520217,False,True
67110476,202.50000000,0.03920000,159992971,159992971,1782864549701214,False,True
67110477,202.50000000,0.06020000,159992972,159992972,1782864552055265,False,True
67110478,202.50000000,0.92250000,159992973,159992974,1782864555585849,False,True
67110479,202.50000000,0.04720000,159992975,159992975,1782864571833037,False,True
67110480,202.40000000,0.04880000,159992976,159992976,1782864577647278,True,True
67110481,202.40000000,0.51520000,159992977,159992988,1782864578797570,True,True
67110482,202.30000000,0.28430000,159992989,159992998,1782864586251403,True,True
67110483,202.30000000,0.02610000,159992999,159992999,1782864586252946,True,True
67110484,202.30000000,0.03880000,159993000,159993000,1782864593204171,False,True
67110485,202.30000000,0.07830000,159993001,159993001,1782864594226510,False,True
67110486,202.30000000,0.06220000,159993002,159993002,1782864609145122,False,True
67110487,202.30000000,1.99460000,159993003,159993005,1782864613731417,False,True
67110488,202.20000000,0.83510000,159993006,159993015,1782864617171774,True,True
67110489,202.30000000,0.04460000,159993016,159993016,1782864622984301,False,True
67110490,202.30000000,0.08070000,159993017,159993017,1782864631377097,False,True
67110491,202.30000000,0.87920000,159993018,159993020,1782864633482625,False,True
67110492,202.30000000,1.92930000,159993021,159993022,1782864633484097,False,True
67110493,202.30000000,1.19780000,159993023,159993026,1782864633485240,False,True
67110494,202.30000000,2.23740000,159993027,159993027,1782864633485477,False,True
67110495,202.30000000,1.51240000,159993028,159993028,1782864633486611,False,True
67110496,202.30000000,1.88520000,159993029,159993032,1782864633487726,False,True
67110497,202.30000000,3.09450000,159993033,159993033,1782864633489010,False,True
67110498,202.30000000,3.96270000,159993034,159993039,1782864633490549,False,True
67110499,202.30000000,0.02600000,159993040,159993040,1782864633491586,False,True
67110500,202.40000000,0.02580000,159993041,159993041,1782864638323789,False,True
67110501,202.40000000,0.03130000,159993042,159993042,1782864645833734,False,True
67110502,202.40000000,0.04910000,159993043,159993043,1782864647760900,False,True
67110503,202.40000000,0.09390000,159993044,159993044,1782864654018578,False,True
67110504,202.40000000,8.67000000,159993045,159993055,1782864659027657,False,True
67110505,202.40000000,7.47900000,159993056,159993056,1782864659027701,False,True
67110506,202.40000000,0.07750000,159993057,159993059,1782864659027748,False,True
67110507,202.50000000,0.15610000,159993060,159993060,1782864662788154,False,True
67110508,202.50000000,0.07820000,159993061,159993061,1782864668488428,False,True
67110509,202.50000000,1.23450000,159993062,159993062,1782864668633896,False,True
67110510,202.50000000,0.04040000,159993063,159993063,1782864670499664,False,True
67110511,202.50000000,0.02750000,159993064,159993064,1782864673102184,False,True
67110512,202.50000000,0.06550000,159993065,159993065,1782864674016820,False,True
67110513,202.40000000,0.35000000,159993066,159993068,1782864676487370,True,True
67110514,202.40000000,0.56430000,159993069,159993070,1782864677153253,True,True
67110515,202.50000000,0.02570000,159993071,159993071,1782864680889240,False,True
67110516,202.50000000,0.06230000,159993072,159993072,1782864696993148,False,True
67110517,202.50000000,0.03930000,159993073,159993073,1782864699599900,False,True
67110518,202.50000000,0.09560000,159993074,159993074,1782864702411055,False,True
67110519,202.40000000,1.45670000,159993075,159993077,1782864706215578,True,True
67110520,202.30000000,1.48260000,159993078,159993091,1782864711232431,True,True
67110521,202.30000000,0.05770000,159993092,159993092,1782864712245409,False,True
67110522,202.30000000,0.02650000,159993093,159993093,1782864712775874,False,True
67110523,202.30000000,0.02910000,159993094,159993094,1782864715922311,False,True
67110524,202.30000000,0.03580000,159993095,159993095,1782864720179843,False,True
67110525,202.20000000,3.11070000,159993096,159993096,1782864725686037,True,True
67110526,202.30000000,0.03920000,159993097,159993097,1782864725882880,False,True
67110527,202.20000000,0.71980000,159993098,159993106,1782864726189111,True,True
67110528,202.20000000,0.14830000,159993107,159993107,1782864730166679,False,True
67110529,202.20000000,0.02870000,159993108,159993108,1782864730618985,False,True
67110530,202.20000000,0.03530000,159993109,159993109,1782864731052960,False,True
67110531,202.10000000,0.85080000,159993110,159993114,1782864731157264,True,True
67110532,202.20000000,0.02990000,159993115,159993115,1782864734802638,False,True
67110533,202.20000000,0.07890000,159993116,159993116,1782864742094703,False,True
67110534,202.20000000,0.06780000,159993117,159993117,1782864742226621,False,True
67110535,202.10000000,10.22980000,159993118,159993119,1782864744803254,True,True
67110536,202.20000000,5.19290000,159993120,159993129,1782864745551726,False,True
67110537,202.20000000,1.09070000,159993130,159993132,1782864745553213,False,True
67110538,202.30000000,0.02780000,159993133,159993133,1782864748619467,False,True
67110539,202.20000000,4.99690000,159993134,159993136,1782864751721310,True,True
67110540,202.20000000,0.09340000,159993137,159993137,1782864752084758,False,True
67110541,202.20000000,0.02940000,159993138,159993138,1782864755321396,False,True
67110542,202.10000000,2.99970000,159993139,159993144,1782864758576164,True,True
67110543,202.10000000,0.41360000,159993145,159993145,1782864758941392,False,True
67110544,202.10000000,0.02920000,159993146,159993146,1782864761280518,False,True
67110545,202.10000000,0.08570000,159993147,159993147,1782864762943547,False,True
67110546,202.10000000,0.17920000,159993148,159993148,1782864764284631,False,True
67110547,202.10000000,0.33130000,159993149,159993149,1782864767257897,False,True
67110548,202.10000000,0.12930000,159993150,159993150,1782864768326345,False,True
67110549,202.10000000,0.03430000,159993151,159993151,1782864768979288,False,True
67110550,202.10000000,0.16560000,159993152,159993153,1782864771386760,False,True
67110551,202.10000000,0.02980000,159993154,159993154,1782864772777070,False,True
67110552,202.10000000,0.04780000,159993155,159993155,1782864773176061,False,True
67110553,202.10000000,0.02600000,159993156,159993156,1782864775990627,False,True
67110554,202.10000000,0.12730000,159993157,159993157,1782864776334539,False,True
67110555,202.10000000,0.14520000,159993158,159993158,1782864777919912,False,True
67110556,202.10000000,0.06330000,159993159,159993159,1782864778497708,False,True
67110557,202.10000000,0.03920000,159993160,159993160,1782864782839981,False,True
67110558,202.10000000,0.03920000,159993161,159993161,1782864783214609,False,True
67110559,202.10000000,0.79040000,159993162,159993162,1782864783629328,False,True
67110560,202.10000000,0.17720000,159993163,159993163,1782864783807319,False,True
67110561,202.10000000,0.04340000,159993164,159993164,1782864784231143,False,True
67110562,202.10000000,0.03920000,159993165,159993165,1782864786497736,False,True
67110563,202.10000000,0.03950000,159993166,159993166,1782864786886593,False,True
67110564,202.10000000,0.04420000,159993167,159993167,1782864790765600,False,True
67110565,202.00000000,0.65580000,159993168,159993171,1782864791135415,True,True
67110566,202.10000000,0.04900000,159993172,159993172,1782864792278491,False,True
67110567,202.10000000,0.98000000,159993173,159993173,1782864792542296,False,True
67110568,202.10000000,0.12890000,159993174,159993174,1782864794473646,False,True
67110569,202.10000000,0.06550000,159993175,159993175,1782864794948098,False,True
67110570,202.10000000,0.09410000,159993176,159993176,1782864795232349,False,True
67110571,202.10000000,0.15620000,159993177,159993178,1782864796714635,False,True
67110572,202.10000000,0.05300000,159993179,159993179,1782864798622408,False,True
67110573,202.10000000,1.00000000,159993180,159993180,1782864799935531,False,True
67110574,202.10000000,0.04070000,159993181,159993181,1782864800775203,False,True
67110575,202.10000000,0.03920000,159993182,159993182,1782864801130131,False,True
67110576,202.10000000,0.04840000,159993183,159993183,1782864802025756,False,True
67110577,202.10000000,0.07220000,159993184,159993184,1782864802995908,False,True
67110578,202.10000000,10.96380000,159993185,159993196,1782864803577219,False,True
67110579,202.20000000,0.06900000,159993197,159993197,1782864805199240,False,True
67110580,202.20000000,0.06550000,159993198,159993198,1782864808043225,False,True
67110581,202.20000000,0.99900000,159993199,159993199,1782864808509434,False,True
67110582,202.20000000,0.07250000,159993200,159993200,1782864809297811,False,True
67110583,202.20000000,9.96860000,159993201,159993210,1782864812223349,False,True
67110584,202.20000000,5.67420000,159993211,159993214,1782864812223780,False,True
67110585,202.30000000,0.40260000,159993215,159993215,1782864814668434,False,True
67110586,202.30000000,0.11660000,159993216,159993216,1782864816880090,False,True
67110587,202.30000000,0.05700000,159993217,159993219,1782864820249963,False,True
67110588,202.20000000,1.02900000,159993220,159993220,1782864822024792,True,True
67110589,202.30000000,0.08180000,159993221,159993224,1782864823331705,False,True
67110590,202.30000000,0.08070000,159993225,159993228,1782864824109611,False,True
67110591,202.30000000,0.17280000,159993229,159993229,1782864825564169,False,True
67110592,202.30000000,0.15200000,159993230,159993230,1782864825989284,False,True
67110593,202.30000000,0.09500000,159993231,159993231,1782864827541528,False,True
67110594,202.30000000,6.52220000,159993232,159993237,1782864828220621,False,True
67110595,202.30000000,0.10410000,159993238,159993241,1782864828222167,False,True
67110596,202.40000000,0.04550000,159993242,159993242,1782864830330583,False,True
67110597,202.40000000,0.27600000,159993243,159993243,1782864830913474,False,True
67110598,202.40000000,0.03920000,159993244,159993244,1782864833496170,False,True
67110599,202.40000000,0.03250000,159993245,159993245,1782864834657143,False,True
67110600,202.40000000,0.11460000,159993246,159993246,1782864835201340,False,True
67110601,202.40000000,0.94160000,159993247,159993260,1782864836322456,False,True
67110602,202.50000000,0.04630000,159993261,159993261,1782864837300193,False,True
67110603,202.50000000,0.10790000,159993262,159993262,1782864837609584,False,True
67110604,202.50000000,0.04230000,159993263,159993263,1782864839037733,False,True
67110605,202.50000000,0.18480000,159993264,159993264,1782864840937492,False,True
67110606,202.50000000,0.06230000,159993265,159993265,1782864844142372,False,True
67110607,202.50000000,0.04700000,159993266,159993266,1782864846052649,False,True
67110608,202.50000000,0.02570000,159993267,159993267,1782864846314354,False,True
67110609,202.40000000,0.22620000,159993268,159993268,1782864850162606,True,True
67110610,202.50000000,0.06310000,159993269,159993269,1782864860224295,False,True
67110611,202.50000000,0.26230000,159993270,159993279,1782864861822251,False,True
67110612,202.60000000,0.30000000,159993280,159993280,1782864863983417,False,True
67110613,202.60000000,0.03100000,159993281,159993282,1782864866696301,False,True
67110614,202.60000000,3.21860000,159993283,159993287,1782864866696377,False,True
67110615,202.60000000,4.18340000,159993288,159993293,1782864866696379,False,True
67110616,202.70000000,14.52000000,159993294,159993295,1782864866697107,False,True
67110617,202.70000000,32.72900000,159993296,159993302,1782864866697200,False,True
67110618,202.70000000,0.95570000,159993303,159993303,1782864866697379,False,True
67110619,202.70000000,0.81370000,159993304,159993304,1782864866697481,False,True
67110620,202.70000000,2.75750000,159993305,159993305,1782864866697750,False,True
67110621,202.70000000,3.70000000,159993306,159993310,1782864866826820,False,True
67110622,202.70000000,0.03940000,159993311,159993311,1782864870018065,False,True
67110623,202.70000000,0.02730000,159993312,159993312,1782864873141910,False,True
67110624,202.70000000,0.04510000,159993313,159993313,1782864883829193,False,True
67110625,202.70000000,0.05290000,159993314,159993314,1782864893234524,False,True
67110626,202.60000000,5.76380000,159993315,159993318,1782864893583673,True,True
67110627,202.60000000,0.02530000,159993319,159993319,1782864893587893,True,True
67110628,202.60000000,1.01770000,159993320,159993323,1782864900047067,False,True
67110629,202.60000000,2.69150000,159993324,159993324,1782864900608688,True,True
67110630,202.60000000,1.46320000,159993325,159993326,1782864902918941,True,True
67110631,202.60000000,0.41600000,159993327,159993328,1782864911635080,True,True
67110632,202.60000000,6.20930000,159993329,159993330,1782864911892307,False,True
67110633,202.60000000,0.03920000,159993331,159993331,1782864913142425,False,True
67110634,202.60000000,0.07820000,159993332,159993332,1782864913501482,False,True
67110635,202.70000000,0.12900000,159993333,159993333,1782864916666052,False,True
67110636,202.70000000,0.07430000,159993334,159993334,1782864921058111,False,True
67110637,202.70000000,0.04470000,159993335,159993335,1782864930781748,False,True
67110638,202.70000000,0.03910000,159993336,159993336,1782864934954734,False,True
67110639,202.70000000,0.18110000,159993337,159993337,1782864935776975,False,True
67110640,202.70000000,0.05370000,159993338,159993338,1782864940502119,False,True
67110641,202.70000000,0.04400000,159993339,159993339,1782864941602675,False,True
67110642,202.60000000,6.00030000,159993340,159993344,1782864944555649,True,True
67110643,202.50000000,13.01180000,159993345,159993347,1782864948377582,True,True
67110644,202.50000000,12.00000000,159993348,159993354,1782864950699360,True,True
67110645,202.50000000,0.02600000,159993355,159993355,1782864950699903,True,True
67110646,202.50000000,0.02720000,159993356,159993356,1782864967750883,False,True
67110647,202.50000000,0.05190000,159993357,159993358,1782864967968650,False,True
67110648,202.50000000,0.07430000,159993359,159993361,1782864969639794,False,True
67110649,202.50000000,11.16920000,159993362,159993372,1782864969796062,False,True
67110650,202.50000000,0.02600000,159993373,159993373,1782864969796079,False,True
67110651,202.60000000,0.03430000,159993374,159993374,1782864971134685,False,True
67110652,202.60000000,0.07820000,159993375,159993375,1782864973963558,False,True
67110653,202.60000000,0.07100000,159993376,159993376,1782864980645735,False,True
67110654,202.60000000,0.10460000,159993377,159993377,1782864988282788,False,True
67110655,202.60000000,0.03020000,159993378,159993378,1782864992296108,False,True
67110656,202.50000000,1.92800000,159993379,159993379,1782864992772102,True,True
67110657,202.60000000,0.25350000,159993380,159993380,1782865001205676,False,True
67110658,202.60000000,0.28080000,159993381,159993381,1782865003899783,False,True
67110659,202.60000000,0.17590000,159993382,159993382,1782865006558534,False,True
67110660,202.60000000,1.48070000,159993383,159993383,1782865012504504,False,True
67110661,202.60000000,2.24090000,159993384,159993384,1782865013199319,False,True
67110662,202.60000000,0.31380000,159993385,159993394,1782865014897268,False,True
67110663,202.70000000,0.04430000,159993395,159993395,1782865022324805,False,True
67110664,202.60000000,0.59200000,159993396,159993396,1782865027772085,True,True
67110665,202.60000000,5.04000000,159993397,159993401,1782865032380835,True,True
67110666,202.60000000,0.05220000,159993402,159993403,1782865032383136,True,True
67110667,202.60000000,0.04410000,159993404,159993404,1782865033452560,False,True
67110668,202.50000000,7.41110000,159993405,159993409,1782865043408992,True,True
67110669,202.60000000,6.84550000,159993410,159993413,1782865043556416,False,True
67110670,202.60000000,0.06260000,159993414,159993414,1782865049889892,False,True
67110671,202.60000000,0.04920000,159993415,159993415,1782865054638339,False,True
67110672,202.60000000,0.07090000,159993416,159993418,1782865059107770,False,True
67110673,202.60000000,0.02910000,159993419,159993420,1782865062003820,False,True
67110674,202.50000000,10.13760000,159993421,159993421,1782865073692914,True,True
67110675,202.50000000,2.67270000,159993422,159993434,1782865073695563,True,True
67110676,202.40000000,0.88020000,159993435,159993439,1782865073723494,True,True
67110677,202.50000000,0.04150000,159993440,159993440,1782865085017985,False,True
67110678,202.50000000,0.19160000,159993441,159993444,1782865085987340,False,True
67110679,202.50000000,0.02670000,159993445,159993445,1782865088834139,False,True
67110680,202.50000000,0.04410000,159993446,159993446,1782865090298187,False,True
67110681,202.50000000,2.31810000,159993447,159993447,1782865107766531,False,True
67110682,202.50000000,0.03570000,159993448,159993448,1782865120200815,False,True
67110683,202.50000000,0.04840000,159993449,159993449,1782865131883377,False,True
67110684,202.40000000,0.51000000,159993450,159993450,1782865135218362,True,True
67110685,202.50000000,0.03570000,159993451,159993451,1782865141103760,False,True
67110686,202.50000000,0.08010000,159993452,159993452,1782865141411931,False,True
67110687,202.40000000,1.21680000,159993453,159993462,1782865149933215,True,True
67110688,202.40000000,0.09690000,159993463,159993463,1782865152071077,False,True
67110689,202.30000000,0.41220000,159993464,159993475,1782865155675680,True,True
67110690,202.30000000,0.03730000,159993476,159993476,1782865159412123,False,True
67110691,202.30000000,0.20780000,159993477,159993484,1782865167169868,False,True
67110692,202.40000000,2.47030000,159993485,159993485,1782865169613440,False,True
67110693,202.40000000,0.03970000,159993486,159993486,1782865177563615,False,True
67110694,202.40000000,0.03110000,159993487,159993487,1782865182087684,False,True
67110695,202.40000000,0.05540000,159993488,159993488,1782865184207970,False,True
67110696,202.40000000,0.03550000,159993489,159993489,1782865187232563,False,True
67110697,202.30000000,0.16730000,159993490,159993494,1782865188733562,True,True
67110698,202.30000000,0.05150000,159993495,159993496,1782865188738298,True,True
67110699,202.30000000,0.02610000,159993497,159993497,1782865188738363,True,True
67110700,202.30000000,0.02620000,159993498,159993498,1782865191545305,False,True
67110701,202.30000000,0.13910000,159993499,159993499,1782865195429401,False,True
67110702,202.30000000,0.06710000,159993500,159993500,1782865200447272,False,True
67110703,202.30000000,0.23390000,159993501,159993509,1782865201097675,False,True
67110704,202.30000000,4.95540000,159993510,159993514,1782865206574905,True,True
67110705,202.30000000,0.05220000,159993515,159993516,1782865206597400,True,True
67110706,202.20000000,0.06680000,159993517,159993517,1782865207778580,True,True
67110707,202.30000000,0.07830000,159993518,159993521,1782865210281565,False,True
67110708,202.20000000,0.21010000,159993522,159993522,1782865215050303,True,True
67110709,202.30000000,0.61010000,159993523,159993531,1782865222646810,False,True
67110710,202.30000000,0.05220000,159993532,159993533,1782865222648627,False,True
67110711,202.40000000,0.10540000,159993534,159993534,1782865226146957,False,True
67110712,202.40000000,0.27110000,159993535,159993535,1782865227870206,False,True
67110713,202.40000000,0.53430000,159993536,159993545,1782865231722592,False,True
67110714,202.50000000,2.00000000,159993546,159993546,1782865234449761,False,True
67110715,202.50000000,0.02560000,159993547,159993547,1782865236571178,False,True
67110716,202.50000000,0.04850000,159993548,159993548,1782865237660159,False,True
67110717,202.50000000,0.02510000,159993549,159993549,1782865252880768,False,True
67110718,202.40000000,6.83860000,159993550,159993556,1782865259990377,True,True
67110719,202.50000000,0.05310000,159993557,159993557,1782865260117126,False,True
67110720,202.50000000,0.06910000,159993558,159993558,1782865266008020,False,True
67110721,202.40000000,0.07750000,159993559,159993561,1782865269382892,True,True
67110722,202.40000000,0.14200000,159993562,159993562,1782865270221465,False,True
67110723,202.40000000,0.03730000,159993563,159993563,1782865274507191,False,True
67110724,202.30000000,0.14980000,159993564,159993564,1782865279867432,True,True
67110725,202.30000000,0.22740000,159993565,159993565,1782865283227751,True,True
67110726,202.30000000,8.39960000,159993566,159993568,1782865292250155,True,True
67110727,202.30000000,13.57080000,159993569,159993579,1782865292254139,True,True
67110728,202.30000000,0.05210000,159993580,159993581,1782865292256023,True,True
67110729,202.20000000,0.59390000,159993582,159993582,1782865292256023,True,True
67110730,202.20000000,0.64600000,159993583,159993584,1782865292256385,True,True
67110731,202.30000000,0.11470000,159993585,159993586,1782865292411430,False,True
67110732,202.30000000,0.02830000,159993587,159993587,1782865295738605,False,True
67110733,202.30000000,0.16770000,159993588,159993588,1782865296672210,False,True
67110734,202.30000000,1.00000000,159993589,159993589,1782865302826528,False,True
67110735,202.30000000,0.03990000,159993590,159993590,1782865305119981,False,True
67110736,202.30000000,0.07830000,159993591,159993591,1782865305443326,False,True
67110737,202.30000000,0.04410000,159993592,159993592,1782865305922933,False,True
67110738,202.30000000,0.03920000,159993593,159993593,1782865306929936,False,True
67110739,202.30000000,0.06760000,159993594,159993594,1782865308181565,False,True
67110740,202.30000000,0.38620000,159993595,159993595,1782865312256830,False,True
67110741,202.20000000,3.33310000,159993596,159993606,1782865312601179,True,True
67110742,202.10000000,23.39100000,159993607,159993611,1782865312605869,True,True
67110743,202.10000000,2.68180000,159993612,159993612,1782865312609712,True,True
67110744,202.10000000,38.31200000,159993613,159993622,1782865312616849,True,True
67110745,202.10000000,0.51370000,159993623,159993623,1782865312616879,True,True
67110746,202.10000000,0.66030000,159993624,159993624,1782865312618621,True,True
67110747,202.10000000,2.70000000,159993625,159993627,1782865312620242,True,True
67110748,202.10000000,0.97650000,159993628,159993630,1782865312622940,True,True
67110749,202.10000000,1.74110000,159993631,159993633,1782865312680126,False,True
67110750,202.10000000,1.53640000,159993634,159993635,1782865312680627,False,True
67110751,202.10000000,0.87890000,159993636,159993637,1782865312685259,False,True
67110752,202.10000000,0.43000000,159993638,159993638,1782865312685707,False,True
67110753,202.10000000,6.95750000,159993639,159993647,1782865312691917,False,True
67110754,202.20000000,0.12240000,159993648,159993648,1782865313236019,False,True
67110755,202.20000000,0.03490000,159993649,159993649,1782865313403857,False,True
67110756,202.20000000,0.19560000,159993650,159993652,1782865313655713,False,True
67110757,202.20000000,0.14650000,159993653,159993653,1782865314461885,False,True
67110758,202.20000000,0.50760000,159993654,159993662,1782865314547171,False,True
67110759,202.30000000,0.18790000,159993663,159993663,1782865316082144,False,True
67110760,202.20000000,0.10440000,159993664,159993667,1782865316300736,True,True
67110761,202.10000000,0.23390000,159993668,159993676,1782865316847488,True,True
67110762,202.10000000,0.07830000,159993677,159993679,1782865318942227,False,True
67110763,202.10000000,0.10440000,159993680,159993683,1782865320209223,True,True
67110764,202.10000000,0.07830000,159993684,159993684,1782865320579362,False,True
67110765,202.10000000,0.11730000,159993685,159993685,1782865320922849,False,True
67110766,202.10000000,0.22460000,159993686,159993686,1782865321084837,False,True
67110767,202.10000000,0.06270000,159993687,159993687,1782865321571475,False,True
67110768,202.10000000,1.05990000,159993688,159993688,1782865323178657,False,True
67110769,202.10000000,0.04700000,159993689,159993689,1782865325666256,False,True
67110770,202.10000000,0.21180000,159993690,159993690,1782865328242701,False,True
67110771,202.10000000,0.09680000,159993691,159993691,1782865330762263,False,True
67110772,202.10000000,0.07830000,159993692,159993692,1782865331086475,False,True
67110773,202.10000000,0.10150000,159993693,159993693,1782865333044955,False,True
67110774,202.10000000,0.05140000,159993694,159993694,1782865334735536,False,True
67110775,202.10000000,0.07830000,159993695,159993695,1782865335166744,False,True
67110776,202.10000000,0.31030000,159993696,159993696,1782865338241508,False,True
67110777,202.10000000,0.02850000,159993697,159993697,1782865341114310,False,True
67110778,202.10000000,0.06930000,159993698,159993698,1782865341390825,False,True
67110779,202.10000000,0.14090000,159993699,159993699,1782865342228136,False,True
67110780,202.00000000,1.33390000,159993700,159993701,1782865352192741,True,True
67110781,202.10000000,0.02730000,159993702,159993702,1782865352431128,False,True
67110782,202.00000000,0.32970000,159993703,159993703,1782865355116209,True,True
67110783,202.00000000,6.58090000,159993704,159993716,1782865356301070,True,True
67110784,202.00000000,0.06630000,159993717,159993719,1782865364272277,False,True
67110785,202.00000000,0.03930000,159993720,159993722,1782865366548152,False,True
67110786,202.00000000,0.02580000,159993723,159993723,1782865369816129,False,True
67110787,201.90000000,0.37590000,159993724,159993735,1782865401222306,True,True
67110788,201.90000000,3.83600000,159993736,159993744,1782865403552715,False,True
67110789,201.90000000,0.02610000,159993745,159993745,1782865403554212,False,True
67110790,202.00000000,0.15670000,159993746,159993748,1782865404635807,False,True
67110791,202.00000000,0.02830000,159993749,159993750,1782865418404013,False,True
67110792,202.00000000,0.07950000,159993751,159993754,1782865426147453,False,True
67110793,202.00000000,0.03110000,159993755,159993756,1782865433239636,False,True
67110794,202.00000000,12.00000000,159993757,159993761,1782865438580003,False,True
67110795,202.00000000,8.19000000,159993762,159993762,1782865438580008,False,True
67110796,202.00000000,12.00000000,159993763,159993763,1782865438581488,False,True
67110797,202.00000000,2.00130000,159993764,159993764,1782865439747014,False,True
67110798,202.00000000,0.55530000,159993765,159993765,1782865439747178,False,True
67110799,202.00000000,12.00000000,159993766,159993766,1782865439747622,False,True
67110800,202.00000000,0.24640000,159993767,159993767,1782865439748106,False,True
67110801,202.00000000,15.80400000,159993768,159993768,1782865439749008,False,True
67110802,202.00000000,2.55250000,159993769,159993769,1782865439749156,False,True
67110803,202.00000000,1.34230000,159993770,159993770,1782865439749162,False,True
67110804,202.00000000,12.52200000,159993771,159993771,1782865439749411,False,True
67110805,202.00000000,0.88170000,159993772,159993772,1782865439751089,False,True
67110806,202.00000000,12.52200000,159993773,159993773,1782865439751110,False,True
67110807,202.00000000,0.65130000,159993774,159993774,1782865439751894,False,True
67110808,202.00000000,8.64820000,159993775,159993775,1782865439752556,False,True
67110809,202.00000000,9.35930000,159993776,159993776,1782865439753575,False,True
67110810,202.00000000,7.25110000,159993777,159993777,1782865439753686,False,True
67110811,202.00000000,15.10400000,159993778,159993778,1782865439754633,False,True
67110812,202.00000000,2.26290000,159993779,159993788,1782865439754708,False,True
67110813,202.00000000,12.00000000,159993789,159993793,1782865441714664,True,True
67110814,202.00000000,20.66670000,159993794,159993800,1782865441717343,True,True
67110815,202.00000000,0.05220000,159993801,159993802,1782865441731346,True,True
67110816,201.90000000,0.29000000,159993803,159993803,1782865447356771,True,True
67110817,201.90000000,0.85620000,159993804,159993811,1782865462351520,True,True
67110818,201.90000000,1.16590000,159993812,159993812,1782865466038348,True,True
67110819,202.00000000,0.05090000,159993813,159993813,1782865467213468,False,True
67110820,202.00000000,0.02740000,159993814,159993814,1782865472663316,False,True
67110821,201.90000000,0.03860000,159993815,159993816,1782865514672807,True,True
67110822,202.00000000,0.50000000,159993817,159993822,1782865531884885,False,True
67110823,201.90000000,4.60760000,159993823,159993835,1782865537533618,True,True
67110824,201.90000000,2.69240000,159993836,159993838,1782865537533681,True,True
67110825,201.80000000,0.03100000,159993839,159993840,1782865539907030,True,True
67110826,201.80000000,0.74710000,159993841,159993847,1782865539909022,True,True
67110827,201.80000000,0.58210000,159993848,159993848,1782865539909061,True,True
67110828,201.80000000,0.26550000,159993849,159993850,1782865539909183,True,True
67110829,201.80000000,1.59170000,159993851,159993856,1782865539909353,True,True
67110830,201.70000000,2.27770000,159993857,159993861,1782865539917100,True,True
67110831,201.70000000,0.69670000,159993862,159993863,1782865539920962,True,True
67110832,201.70000000,35.57880000,159993864,159993874,1782865539922538,True,True
67110833,201.70000000,0.21100000,159993875,159993875,1782865539944619,False,True
67110834,201.60000000,2.00320000,159993876,159993876,1782865539972728,True,True
67110835,201.70000000,0.21100000,159993877,159993877,1782865539982246,False,True
67110836,201.70000000,0.66810000,159993878,159993880,1782865540019877,False,True
67110837,201.70000000,4.90240000,159993881,159993883,1782865540020749,False,True
67110838,201.70000000,4.96050000,159993884,159993887,1782865540021069,False,True
67110839,201.70000000,10.54710000,159993888,159993890,1782865540029644,True,True
67110840,201.70000000,0.95700000,159993891,159993891,1782865540034777,False,True
67110841,201.70000000,0.07830000,159993892,159993894,1782865540074101,True,True
67110842,201.70000000,0.71190000,159993895,159993895,1782865540201424,False,True
67110843,201.70000000,0.20450000,159993896,159993896,1782865540245853,False,True
67110844,201.70000000,2.44020000,159993897,159993907,1782865548289753,False,True
67110845,201.70000000,0.16700000,159993908,159993908,1782865549140684,True,True
67110846,201.70000000,2.42090000,159993909,159993912,1782865549197507,True,True
67110847,201.70000000,0.10440000,159993913,159993916,1782865554217801,True,True
67110848,201.70000000,0.09910000,159993917,159993917,1782865556874987,False,True
67110849,201.60000000,7.58500000,159993918,159993928,1782865562175608,True,True
67110850,201.60000000,0.41360000,159993929,159993933,1782865562194167,True,True
67110851,201.60000000,1.63380000,159993934,159993935,1782865562275420,False,True
67110852,201.60000000,0.76430000,159993936,159993936,1782865562276403,False,True
67110853,201.60000000,3.75190000,159993937,159993937,1782865562277091,False,True
67110854,201.60000000,3.86900000,159993938,159993945,1782865562565002,False,True
67110855,201.60000000,0.05220000,159993946,159993947,1782865562566921,False,True
67110856,201.70000000,1.08720000,159993948,159993948,1782865571933316,False,True
67110857,201.70000000,1.00000000,159993949,159993949,1782865573031544,False,True
67110858,201.60000000,0.99620000,159993950,159993956,1782865581667624,True,True
67110859,201.50000000,6.15000000,159993957,159993968,1782865582043733,True,True
67110860,201.50000000,0.05220000,159993969,159993970,1782865586016824,True,True
67110861,201.50000000,0.20780000,159993971,159993971,1782865588721496,False,True
67110862,201.40000000,12.22370000,159993972,159993987,1782865594597113,True,True
67110863,201.40000000,0.07690000,159993988,159993990,1782865601246603,False,True
67110864,201.40000000,10.16390000,159993991,159993998,1782865606537562,False,True
67110865,201.40000000,0.05220000,159993999,159994000,1782865606539300,False,True
67110866,201.50000000,1.00000000,159994001,159994002,1782865607504560,False,True
67110867,201.40000000,1.00000000,159994003,159994006,1782865617856759,True,True
67110868,201.40000000,0.07830000,159994007,159994009,1782865618305234,True,True
67110869,201.40000000,2.95090000,159994010,159994017,1782865623015754,False,True
67110870,201.40000000,0.07770000,159994018,159994020,1782865623017164,False,True
67110871,201.50000000,3.16580000,159994021,159994030,1782865632476328,False,True
67110872,201.50000000,0.13050000,159994031,159994035,1782865632497176,False,True
67110873,201.50000000,1.46750000,159994036,159994036,1782865635778799,True,True
67110874,201.60000000,0.03500000,159994037,159994037,1782865667658087,False,True
67110875,201.60000000,21.05480000,159994038,159994053,1782865667808468,False,True
67110876,201.60000000,0.02610000,159994054,159994054,1782865667809766,False,True
67110877,201.60000000,2.71520000,159994055,159994063,1782865668538718,True,True
67110878,201.60000000,1.02240000,159994064,159994071,1782865688909490,False,True
67110879,201.70000000,0.63730000,159994072,159994084,1782865699927417,False,True
67110880,201.80000000,4.96190000,159994085,159994086,1782865723889749,False,True
67110881,201.80000000,2.07110000,159994087,159994088,1782865729264832,False,True
67110882,201.80000000,2.81020000,159994089,159994089,1782865741321425,False,True
67110883,201.80000000,12.00000000,159994090,159994104,1782865741321923,False,True
67110884,201.80000000,2.53510000,159994105,159994107,1782865741323323,False,True
67110885,201.80000000,10.01800000,159994108,159994115,1782865745135009,True,True
67110886,201.80000000,0.05200000,159994116,159994116,1782865745137122,True,True
67110887,201.80000000,2.60400000,159994117,159994121,1782865745137252,True,True
67110888,201.80000000,1.86890000,159994122,159994122,1782865745138427,True,True
67110889,201.70000000,7.65980000,159994123,159994126,1782865753187165,True,True
67110890,201.70000000,5.64210000,159994127,159994128,1782865753187409,True,True
67110891,201.70000000,2.60160000,159994129,159994129,1782865753187594,True,True
67110892,201.70000000,6.39730000,159994130,159994143,1782865753188872,True,True
67110893,201.60000000,8.93150000,159994144,159994145,1782865753191138,True,True
67110894,201.60000000,7.26800000,159994146,159994150,1782865753191244,True,True
67110895,201.60000000,3.78590000,159994151,159994153,1782865753191261,True,True
67110896,201.60000000,1.62910000,159994154,159994158,1782865753191359,True,True
67110897,201.50000000,3.50000000,159994159,159994159,1782865753196797,True,True
67110898,201.50000000,7.32310000,159994160,159994169,1782865753197144,True,True
67110899,201.40000000,2.67690000,159994170,159994170,1782865753197144,True,True
67110900,201.40000000,10.50000000,159994171,159994176,1782865753197497,True,True
67110901,201.40000000,0.09920000,159994177,159994177,1782865753198135,True,True
67110902,201.40000000,5.60270000,159994178,159994179,1782865753198877,True,True
67110903,201.40000000,4.94290000,159994180,159994186,1782865753199293,True,True
67110904,201.40000000,4.74640000,159994187,159994188,1782865753199296,True,True
67110905,201.40000000,0.03100000,159994189,159994190,1782865753300773,True,True
67110906,201.40000000,2.60000000,159994191,159994193,1782865753394343,True,True
67110907,201.50000000,4.96920000,159994194,159994199,1782865755682359,False,True
67110908,201.50000000,4.96680000,159994200,159994200,1782865766077093,False,True
67110909,201.50000000,3.03520000,159994201,159994205,1782865778169677,False,True
67110910,201.50000000,0.02550000,159994206,159994206,1782865778171087,False,True
67110911,201.60000000,4.96680000,159994207,159994208,1782865785914869,False,True
67110912,201.50000000,4.72740000,159994209,159994209,1782865797860831,True,True
67110913,201.60000000,6.65410000,159994210,159994210,1782865802292172,False,True
67110914,201.60000000,12.05650000,159994211,159994218,1782865802293354,False,True
67110915,201.60000000,0.13050000,159994219,159994223,1782865802295488,False,True
67110916,201.70000000,1.52200000,159994224,159994224,1782865804449975,False,True
67110917,201.70000000,0.03710000,159994225,159994225,1782865806430778,False,True
67110918,201.70000000,8.19480000,159994226,159994228,1782865838259652,False,True
67110919,201.70000000,11.94040000,159994229,159994240,1782865838261002,False,True
67110920,201.70000000,0.05220000,159994241,159994242,1782865838262132,False,True
67110921,201.80000000,0.31570000,159994243,159994253,1782865838972103,False,True
67110922,201.80000000,0.94340000,159994254,159994254,1782865851331212,True,True
67110923,201.90000000,10.73910000,159994255,159994256,1782865851563032,False,True
67110924,201.90000000,14.97160000,159994257,159994275,1782865851566365,False,True
67110925,202.00000000,5.06250000,159994276,159994290,1782865861947399,False,True
67110926,202.10000000,5.22230000,159994291,159994302,1782865866645021,False,True
67110927,202.10000000,0.02610000,159994303,159994303,1782865866646448,False,True
67110928,202.20000000,0.19450000,159994304,159994306,1782865871072498,False,True
67110929,202.20000000,1.21430000,159994307,159994319,1782865871097752,False,True
67110930,202.30000000,1.79820000,159994320,159994329,1782865872573594,False,True
67110931,202.30000000,0.05220000,159994330,159994331,1782865872580243,False,True
67110932,202.30000000,0.18240000,159994332,159994338,1782865873469683,True,True
67110933,202.20000000,5.25370000,159994339,159994350,1782865875626224,True,True
67110934,202.10000000,5.23400000,159994351,159994362,1782865883054521,True,True
67110935,202.00000000,0.48100000,159994363,159994374,1782865900256827,True,True
67110936,202.00000000,8.13580000,159994375,159994385,1782865908224678,False,True
67110937,202.00000000,0.99540000,159994386,159994392,1782865914731861,True,True
67110938,201.90000000,0.23570000,159994393,159994401,1782865918750389,True,True
67110939,201.90000000,0.05220000,159994402,159994403,1782865918752001,True,True
67110940,201.90000000,4.95690000,159994404,159994406,1782865920130663,False,True
67110941,201.90000000,2.68880000,159994407,159994415,1782865923876145,False,True
67110942,201.90000000,1.32560000,159994416,159994421,1782865924194231,True,True
67110943,201.90000000,0.05220000,159994422,159994423,1782865924195569,True,True
67110944,201.90000000,0.07830000,159994424,159994426,1782865924395633,False,True
67110945,201.90000000,0.10440000,159994427,159994430,1782865924624521,True,True
67110946,201.90000000,0.49500000,159994431,159994431,1782865930150369,False,True
67110947,201.90000000,6.32630000,159994432,159994442,1782865937900745,False,True
67110948,202.00000000,14.61020000,159994443,159994447,1782865937900765,False,True
67110949,202.00000000,9.61690000,159994448,159994458,1782865937900824,False,True
67110950,202.00000000,7.21830000,159994459,159994463,1782865937900872,False,True
67110951,202.00000000,0.10370000,159994464,159994467,1782865941660328,True,True
67110952,201.90000000,3.12930000,159994468,159994469,1782865942534279,True,True
67110953,202.00000000,0.16000000,159994470,159994470,1782865945512365,False,True
67110954,202.00000000,2.71290000,159994471,159994480,1782865950785590,False,True
67110955,202.00000000,0.50680000,159994481,159994481,1782865951582712,True,True
67110956,202.10000000,0.28810000,159994482,159994492,1782865952247700,False,True
67110957,202.10000000,48.35300000,159994493,159994504,1782865959799281,True,True
67110958,202.10000000,0.20780000,159994505,159994512,1782865962352514,True,True
67110959,202.10000000,1.95220000,159994513,159994513,1782865966871833,False,True
67110960,202.00000000,0.23390000,159994514,159994522,1782865988022251,True,True
67110961,201.90000000,2.41650000,159994523,159994523,1782865991057918,True,True
67110962,201.90000000,2.37570000,159994524,159994526,1782866011658440,True,True
67110963,202.00000000,3.18660000,159994527,159994535,1782866023897679,False,True
67110964,202.00000000,0.06560000,159994536,159994536,1782866049969371,True,True
67110965,202.00000000,0.13050000,159994537,159994541,1782866054246532,True,True
67110966,202.00000000,0.10440000,159994542,159994545,1782866059491105,False,True
67110967,202.10000000,0.06680000,159994546,159994548,1782866060740461,False,True
67110968,202.00000000,0.02720000,159994549,159994550,1782866110834507,True,True
67110969,202.00000000,0.18080000,159994551,159994557,1782866112305723,True,True
67110970,201.90000000,0.39150000,159994558,159994568,1782866127780180,True,True
67110971,201.90000000,0.02610000,159994569,159994569,1782866127781723,True,True
67110972,201.80000000,0.31780000,159994570,159994581,1782866133797641,True,True
67110973,201.70000000,0.60740000,159994582,159994591,1782866140147102,True,True
67110974,201.70000000,2.79100000,159994592,159994599,1782866165231635,False,True
67110975,201.70000000,0.05160000,159994600,159994601,1782866165231767,False,True
67110976,201.70000000,0.03100000,159994602,159994602,1782866171936028,True,True
67110977,201.70000000,4.00000000,159994603,159994603,1782866172860160,True,True
67110978,201.70000000,0.15590000,159994604,159994609,1782866172950013,True,True
67110979,201.60000000,0.06930000,159994610,159994610,1782866177268674,True,True
67110980,201.60000000,2.33580000,159994611,159994611,1782866203659570,True,True
67110981,201.70000000,4.96430000,159994612,159994617,1782866204142056,False,True
67110982,201.70000000,5.02130000,159994618,159994618,1782866212878144,False,True
67110983,201.70000000,4.70850000,159994619,159994625,1782866224607125,False,True
67110984,201.70000000,0.07250000,159994626,159994628,1782866230118489,True,True
67110985,201.80000000,4.53510000,159994629,159994638,1782866290895329,False,True
67110986,201.80000000,3.38980000,159994639,159994645,1782866295647499,False,True
67110987,201.90000000,2.71300000,159994646,159994656,1782866302493714,False,True
67110988,201.90000000,0.05150000,159994657,159994658,1782866302494580,False,True
67110989,201.90000000,0.13050000,159994659,159994663,1782866307065394,True,True
67110990,201.90000000,0.02470000,159994664,159994664,1782866316883954,False,True
67110991,201.90000000,0.98810000,159994665,159994665,1782866321423760,False,True
67110992,201.90000000,1.13740000,159994666,159994666,1782866322446121,False,True
67110993,201.80000000,1.18660000,159994667,159994676,1782866326969346,True,True
67110994,201.70000000,14.00070000,159994677,159994689,1782866371317090,True,True
67110995,201.70000000,0.56230000,159994690,159994690,1782866392954735,False,True
67110996,201.60000000,0.38560000,159994691,159994703,1782866405961189,True,True
67110997,201.60000000,0.05070000,159994704,159994704,1782866426914252,False,True
67110998,201.60000000,0.20880000,159994705,159994712,1782866441822413,False,True
67110999,201.60000000,0.49600000,159994713,159994713,1782866467277557,True,True
67111000,201.60000000,0.31990000,159994714,159994714,1782866475612010,True,True
67111001,201.60000000,0.04660000,159994715,159994716,1782866526201753,True,True
67111002,201.70000000,0.70130000,159994717,159994718,1782866530789909,False,True
67111003,201.70000000,0.02470000,159994719,159994719,1782866538187955,False,True
67111004,201.60000000,6.24640000,159994720,159994728,1782866547100506,True,True
67111005,201.60000000,2.14580000,159994729,159994729,1782866572901521,False,True
67111006,201.50000000,0.75180000,159994730,159994741,1782866608551617,True,True
67111007,201.50000000,0.90740000,159994742,159994746,1782866632954406,False,True
67111008,201.50000000,0.09350000,159994747,159994749,1782866640923938,False,True
67111009,201.50000000,4.81010000,159994750,159994759,1782866649580191,False,True
67111010,201.50000000,0.13050000,159994760,159994764,1782866667268167,True,True
67111011,201.50000000,4.75610000,159994765,159994773,1782866686064778,False,True
67111012,201.60000000,0.14760000,159994774,159994774,1782866711260487,False,True
67111013,201.60000000,0.55790000,159994775,159994775,1782866716743361,False,True
67111014,201.50000000,0.13050000,159994776,159994780,1782866718580105,True,True
67111015,201.50000000,0.07960000,159994781,159994781,1782866719333940,False,True
67111016,201.50000000,0.05360000,159994782,159994782,1782866725935200,False,True
67111017,201.50000000,1.20930000,159994783,159994783,1782866741487332,False,True
67111018,201.50000000,2.71080000,159994784,159994792,1782866741492958,False,True
67111019,201.60000000,1.63210000,159994793,159994796,1782866760942467,False,True
67111020,201.60000000,1.08610000,159994797,159994803,1782866760942543,False,True
67111021,201.70000000,5.07010000,159994804,159994816,1782866768524460,False,True
67111022,201.80000000,10.60020000,159994817,159994826,1782866771801230,False,True
67111023,201.80000000,0.99140000,159994827,159994827,1782866771801281,False,True
67111024,201.80000000,0.07760000,159994828,159994830,1782866771804047,False,True
67111025,201.80000000,3.57120000,159994831,159994840,1782866773069543,True,True
67111026,201.70000000,3.62030000,159994841,159994851,1782866786468824,True,True
67111027,201.70000000,0.05150000,159994852,159994853,1782866786470804,True,True
67111028,201.70000000,0.05190000,159994854,159994854,1782866794851925,False,True
67111029,201.70000000,0.53660000,159994855,159994859,1782866824790290,False,True
67111030,201.70000000,2.15420000,159994860,159994864,1782866824790313,False,True
67111031,201.70000000,3.53020000,159994865,159994867,1782866824798595,True,True
67111032,201.70000000,0.18270000,159994868,159994874,1782866835438600,True,True
67111033,201.70000000,3.14020000,159994875,159994875,1782866839188165,False,True
67111034,201.60000000,0.31260000,159994876,159994886,1782866888045139,True,True
67111035,201.60000000,0.02610000,159994887,159994887,1782866888046492,True,True
67111036,201.50000000,0.07680000,159994888,159994890,1782866888663381,True,True
67111037,201.50000000,2.33900000,159994891,159994900,1782866888665160,True,True
67111038,201.50000000,0.07770000,159994901,159994903,1782866890073679,True,True
67111039,201.50000000,0.05220000,159994904,159994906,1782866890078350,True,True
67111040,201.50000000,0.07770000,159994907,159994909,1782866890082637,True,True
67111041,201.50000000,0.13050000,159994910,159994915,1782866890811733,True,True
67111042,201.40000000,0.63610000,159994916,159994917,1782866896858518,True,True
67111043,201.50000000,0.09930000,159994918,159994921,1782866898393965,False,True
67111044,201.50000000,2.84800000,159994922,159994930,1782866919533787,False,True
67111045,201.50000000,0.47510000,159994931,159994933,1782866931616136,True,True
67111046,201.60000000,0.20880000,159994934,159994941,1782866932397191,False,True
67111047,201.70000000,0.03530000,159994942,159994943,1782866937516271,False,True
67111048,201.70000000,1.07520000,159994944,159994945,1782866954265630,False,True
67111049,201.70000000,10.19400000,159994946,159994956,1782866954265678,False,True
67111050,201.70000000,3.00850000,159994957,159994962,1782866954265727,False,True
67111051,201.70000000,0.15660000,159994963,159994968,1782866960970937,True,True
67111052,201.70000000,0.05220000,159994969,159994970,1782866960973134,True,True
67111053,201.70000000,0.02670000,159994971,159994971,1782866965340481,False,True
67111054,201.60000000,0.25690000,159994972,159994980,1782866976137986,True,True
67111055,201.60000000,0.05150000,159994981,159994982,1782866976142856,True,True
67111056,201.60000000,0.10440000,159994983,159994987,1782866976180465,True,True
67111057,201.60000000,2.70110000,159994988,159994995,1782866996181555,False,True
67111058,201.60000000,0.11810000,159994996,159994996,1782867000821100,True,True
67111059,201.70000000,0.16560000,159994997,159994997,1782867067203712,False,True
67111060,201.70000000,0.56990000,159994998,159994998,1782867070830585,False,True
67111061,201.70000000,0.03720000,159994999,159995000,1782867084522718,False,True
67111062,201.70000000,0.03720000,159995001,159995002,1782867084522761,False,True
67111063,201.70000000,0.03720000,159995003,159995005,1782867084522764,False,True
67111064,201.70000000,0.20860000,159995006,159995013,1782867085078494,False,True
67111065,201.80000000,0.03460000,159995014,159995015,1782867104747002,False,True
67111066,201.80000000,2.65360000,159995016,159995023,1782867111105733,False,True
67111067,201.80000000,0.02610000,159995024,159995024,1782867111107871,False,True
67111068,201.90000000,0.35230000,159995025,159995035,1782867120097126,False,True
67111069,202.00000000,0.06690000,159995036,159995036,1782867136890009,False,True
67111070,202.00000000,0.09900000,159995037,159995037,1782867140061324,False,True
67111071,201.90000000,10.41560000,159995038,159995046,1782867162171361,True,True
67111072,201.90000000,2.02880000,159995047,159995048,1782867162173018,True,True
67111073,201.90000000,0.77540000,159995049,159995052,1782867162174146,True,True
67111074,201.90000000,0.23390000,159995053,159995061,1782867164097178,False,True
67111075,201.90000000,25.22640000,159995062,159995071,1782867167283270,True,True
67111076,201.90000000,5.44120000,159995072,159995074,1782867167283818,True,True
67111077,201.90000000,0.05220000,159995075,159995076,1782867167284718,True,True
67111078,201.90000000,0.18240000,159995077,159995083,1782867169372215,False,True
67111079,201.90000000,0.06000000,159995084,159995084,1782867172907256,True,True
67111080,201.90000000,0.15660000,159995085,159995090,1782867181057419,True,True
67111081,201.90000000,0.02610000,159995091,159995091,1782867181059055,True,True
67111082,201.90000000,2.95880000,159995092,159995100,1782867189688047,False,True
67111083,201.90000000,0.20810000,159995101,159995108,1782867194409522,True,True
67111084,201.80000000,0.13360000,159995109,159995109,1782867204416157,True,True
67111085,201.80000000,1.12000000,159995110,159995110,1782867216771806,True,True
67111086,201.90000000,0.19120000,159995111,159995111,1782867241335566,False,True
67111087,201.90000000,0.03350000,159995112,159995112,1782867244824181,False,True
67111088,201.80000000,4.45300000,159995113,159995125,1782867247385593,True,True
67111089,201.80000000,0.05570000,159995126,159995126,1782867249087537,False,True
67111090,201.70000000,0.18440000,159995127,159995133,1782867250571440,True,True
67111091,201.70000000,0.02610000,159995134,159995134,1782867250574330,True,True
67111092,201.60000000,0.31120000,159995135,159995144,1782867253086221,True,True
67111093,201.60000000,0.07760000,159995145,159995147,1782867253089817,True,True
67111094,201.60000000,0.05220000,159995148,159995150,1782867253092904,True,True
67111095,201.60000000,0.05150000,159995151,159995152,1782867253095757,True,True
67111096,201.60000000,0.13050000,159995153,159995158,1782867253297242,True,True
67111097,201.60000000,0.09780000,159995159,159995159,1782867292989557,False,True
67111098,201.60000000,0.53610000,159995160,159995160,1782867304345227,False,True
67111099,201.60000000,1.03650000,159995161,159995161,1782867305078829,False,True
67111100,201.60000000,5.99730000,159995162,159995170,1782867315177350,False,True
67111101,201.60000000,9.11760000,159995171,159995172,1782867315178425,False,True
67111102,201.70000000,0.51490000,159995173,159995177,1782867366926674,False,True
67111103,201.70000000,1.83170000,159995178,159995178,1782867370819193,False,True
67111104,201.60000000,0.03130000,159995179,159995180,1782867430777089,True,True
67111105,201.60000000,0.30540000,159995181,159995190,1782867440873883,True,True
67111106,201.60000000,0.25800000,159995191,159995196,1782867455932358,False,True
67111107,201.60000000,0.03120000,159995197,159995197,1782867472925218,False,True
67111108,201.50000000,4.29200000,159995198,159995212,1782867557886433,True,True
67111109,201.50000000,1.85140000,159995213,159995214,1782867560476934,False,True
67111110,201.50000000,0.30300000,159995215,159995218,1782867562884545,False,True
67111111,201.50000000,0.32040000,159995219,159995219,1782867567468899,False,True
67111112,201.50000000,0.27230000,159995220,159995220,1782867569115901,False,True
67111113,201.50000000,0.07830000,159995221,159995223,1782867570196766,False,True
67111114,201.50000000,1.58240000,159995224,159995230,1782867577341348,True,True
67111115,201.60000000,5.59600000,159995231,159995231,1782867598867079,False,True
67111116,201.60000000,5.70520000,159995232,159995243,1782867601680150,False,True
67111117,201.60000000,1.38410000,159995244,159995251,1782867656197571,True,True
67111118,201.60000000,0.07760000,159995252,159995254,1782867656199453,True,True
67111119,201.50000000,5.26420000,159995255,159995256,1782867685892040,True,True
67111120,201.50000000,0.64710000,159995257,159995266,1782867686795896,True,True
67111121,201.50000000,0.04020000,159995267,159995267,1782867712889134,False,True
67111122,201.50000000,3.99230000,159995268,159995278,1782867716211184,False,True
67111123,201.60000000,1.25980000,159995279,159995280,1782867727703787,False,True
67111124,201.50000000,1.16470000,159995281,159995291,1782867735230278,True,True
67111125,201.40000000,1.42130000,159995292,159995307,1782867736531776,True,True
67111126,201.30000000,0.40470000,159995308,159995321,1782867745096657,True,True
67111127,201.20000000,0.21060000,159995322,159995329,1782867754139060,True,True
67111128,201.20000000,0.05220000,159995330,159995331,1782867754139867,True,True
67111129,201.20000000,1.21170000,159995332,159995332,1782867754273967,False,True
67111130,201.20000000,1.81770000,159995333,159995333,1782867754293948,False,True
67111131,201.20000000,0.14890000,159995334,159995337,1782867760397512,False,True
67111132,201.20000000,0.30770000,159995338,159995341,1782867760398402,False,True
67111133,201.20000000,0.89000000,159995342,159995345,1782867779533705,True,True
67111134,201.30000000,0.10260000,159995346,159995346,1782867782314827,False,True
67111135,201.20000000,0.74920000,159995347,159995347,1782867782364759,True,True
67111136,201.20000000,0.20110000,159995348,159995353,1782867794942407,True,True
67111137,201.20000000,2.00000000,159995354,159995354,1782867814066444,False,True
67111138,201.20000000,0.03270000,159995355,159995355,1782867832835078,False,True
67111139,201.20000000,0.02480000,159995356,159995356,1782867833992534,False,True
67111140,201.20000000,0.02480000,159995357,159995357,1782867837084471,False,True
67111141,201.10000000,0.40110000,159995358,159995366,1782867843099595,True,True
67111142,201.00000000,1.51200000,159995367,159995369,1782867849759998,True,True
67111143,201.00000000,3.18990000,159995370,159995370,1782867849761301,True,True
67111144,201.00000000,10.01800000,159995371,159995371,1782867849762828,True,True
67111145,201.00000000,7.68950000,159995372,159995381,1782867849762905,True,True
67111146,200.90000000,0.53800000,159995382,159995394,1782867857620830,True,True
67111147,200.90000000,0.00690000,159995395,159995395,1782867857620981,True,True
67111148,200.90000000,1.48860000,159995396,159995396,1782867863931446,False,True
67111149,200.80000000,0.37950000,159995397,159995406,1782867878201686,True,True
67111150,200.80000000,0.02610000,159995407,159995407,1782867878203287,True,True
67111151,200.80000000,0.13540000,159995408,159995413,1782867884185956,False,True
67111152,200.80000000,0.02070000,159995414,159995414,1782867884186310,False,True
67111153,200.80000000,0.13050000,159995415,159995419,1782867893651443,True,True
67111154,200.80000000,0.06290000,159995420,159995420,1782867894285452,False,True
67111155,200.80000000,0.16540000,159995421,159995424,1782867901536909,False,True
67111156,200.80000000,0.06730000,159995425,159995425,1782867906751633,False,True
67111157,200.70000000,5.59040000,159995426,159995436,1782867911542925,True,True
67111158,200.70000000,0.10440000,159995437,159995440,1782867915817904,True,True
67111159,200.60000000,6.30130000,159995441,159995454,1782867916060512,True,True
67111160,200.50000000,3.31910000,159995455,159995459,1782867921160583,True,True
67111161,200.50000000,0.22410000,159995460,159995460,1782867921160583,True,True
67111162,200.50000000,5.20070000,159995461,159995462,1782867923387531,True,True
67111163,200.60000000,4.99150000,159995463,159995465,1782867923388627,False,True
67111164,200.50000000,0.28270000,159995466,159995474,1782867923390396,True,True
67111165,200.40000000,0.27990000,159995475,159995484,1782867924147720,True,True
67111166,200.40000000,2.60320000,159995485,159995489,1782867926181930,False,True
67111167,200.40000000,0.02610000,159995490,159995490,1782867926183549,False,True
67111168,200.40000000,0.10440000,159995491,159995494,1782867935295758,True,True
67111169,200.40000000,0.13000000,159995495,159995499,1782867938348592,False,True
67111170,200.50000000,5.10770000,159995500,159995508,1782867955248565,False,True
67111171,200.50000000,0.02610000,159995509,159995509,1782867955248592,False,True
67111172,200.50000000,2.82840000,159995510,159995510,1782867955647402,True,True
67111173,200.60000000,0.49450000,159995511,159995511,1782867955810691,False,True
67111174,200.60000000,2.75660000,159995512,159995521,1782867961513066,False,True
67111175,200.70000000,0.15620000,159995522,159995526,1782867966671271,False,True
67111176,200.70000000,3.00000000,159995527,159995532,1782867979564223,False,True
67111177,200.60000000,0.15610000,159995533,159995538,1782867988538388,True,True
67111178,200.50000000,1.43200000,159995539,159995545,1782867989952390,True,True
67111179,200.40000000,0.27340000,159995546,159995546,1782867995311912,True,True
67111180,200.40000000,3.99000000,159995547,159995548,1782867997978099,True,True
67111181,200.50000000,0.35130000,159995549,159995549,1782867998149797,False,True
67111182,200.40000000,0.18410000,159995550,159995556,1782867998252234,True,True
67111183,200.40000000,0.02610000,159995557,159995557,1782867998253251,True,True
67111184,200.40000000,5.10540000,159995558,159995565,1782868001979635,False,True
67111185,200.50000000,0.14770000,159995566,159995566,1782868006026176,False,True
67111186,200.40000000,0.15610000,159995567,159995572,1782868013457098,True,True
67111187,200.40000000,0.07830000,159995573,159995575,1782868014806431,False,True
67111188,200.40000000,3.08940000,159995576,159995576,1782868014910199,True,True
67111189,200.40000000,3.86150000,159995577,159995580,1782868023705968,True,True
67111190,200.40000000,3.94500000,159995581,159995583,1782868023712225,True,True
67111191,200.40000000,0.10390000,159995584,159995587,1782868026069116,False,True
67111192,200.50000000,5.86870000,159995588,159995596,1782868057587533,False,True
67111193,200.50000000,0.25190000,159995597,159995602,1782868074485866,True,True
67111194,200.50000000,0.10440000,159995603,159995606,1782868081103735,False,True
67111195,200.50000000,0.10440000,159995607,159995610,1782868081377813,True,True
67111196,200.50000000,0.25300000,159995611,159995611,1782868089728998,False,True
67111197,200.40000000,0.24910000,159995612,159995619,1782868096283912,True,True
67111198,200.40000000,0.70250000,159995620,159995620,1782868106080764,False,True
67111199,200.40000000,1.00000000,159995621,159995621,1782868117220674,False,True
67111200,200.30000000,2.13890000,159995622,159995633,1782868119213364,True,True
67111201,200.30000000,3.69980000,159995634,159995640,1782868119809620,False,True
67111202,200.30000000,0.13000000,159995641,159995645,1782868121622318,True,True
67111203,200.30000000,0.40440000,159995646,159995650,1782868122026425,False,True
67111204,200.30000000,0.13050000,159995651,159995655,1782868130226826,True,True
67111205,200.30000000,1.00500000,159995656,159995659,1782868130456650,False,True
67111206,200.20000000,0.88860000,159995660,159995668,1782868152810089,True,True
67111207,200.30000000,0.09430000,159995669,159995669,1782868162849828,False,True
67111208,200.30000000,0.10440000,159995670,159995673,1782868165872144,False,True
67111209,200.30000000,18.77050000,159995674,159995681,1782868180060208,True,True
67111210,200.20000000,9.17800000,159995682,159995683,1782868180060208,True,True
67111211,200.30000000,2.00000000,159995684,159995685,1782868181404511,False,True
67111212,200.30000000,1.09730000,159995686,159995692,1782868191516031,False,True
67111213,200.40000000,0.25220000,159995693,159995693,1782868198036758,False,True
67111214,200.30000000,0.19590000,159995694,159995694,1782868200286698,True,True
67111215,200.30000000,0.07910000,159995695,159995695,1782868200316581,True,True
67111216,200.30000000,0.10440000,159995696,159995699,1782868212500116,True,True
67111217,200.20000000,14.31830000,159995700,159995708,1782868215814499,True,True
67111218,200.20000000,0.55200000,159995709,159995709,1782868215829380,False,True
67111219,200.10000000,8.33190000,159995710,159995713,1782868217362549,True,True
67111220,200.10000000,3.11500000,159995714,159995714,1782868217362967,True,True
67111221,200.10000000,0.28610000,159995715,159995715,1782868217366299,True,True
67111222,200.10000000,0.47210000,159995716,159995716,1782868217394515,True,True
67111223,200.10000000,0.44900000,159995717,159995717,1782868217394683,True,True
67111224,200.10000000,0.16500000,159995718,159995718,1782868217410353,True,True
67111225,200.10000000,5.02190000,159995719,159995719,1782868218080338,True,True
67111226,200.10000000,5.74560000,159995720,159995726,1782868218080424,True,True
67111227,200.10000000,0.02610000,159995727,159995727,1782868218080446,True,True
67111228,200.10000000,2.26250000,159995728,159995729,1782868218832181,False,True
67111229,200.00000000,0.45740000,159995730,159995732,1782868223050871,True,True
67111230,200.00000000,0.45740000,159995733,159995733,1782868225734540,True,True
67111231,200.00000000,6.78700000,159995734,159995741,1782868225999769,True,True
67111232,200.00000000,11.33620000,159995742,159995742,1782868225999792,True,True
67111233,200.00000000,13.74610000,159995743,159995749,1782868225999837,True,True
67111234,200.00000000,2.42560000,159995750,159995753,1782868226000029,True,True
67111235,200.00000000,31.10000000,159995754,159995770,1782868226000055,True,True
67111236,199.90000000,0.86100000,159995771,159995782,1782868227942422,True,True
67111237,199.90000000,0.05160000,159995783,159995784,1782868227948205,True,True
67111238,199.90000000,0.19400000,159995785,159995785,1782868228853680,False,True
67111239,199.80000000,0.03100000,159995786,159995786,1782868229399065,True,True
67111240,199.80000000,11.97340000,159995787,159995787,1782868229399065,True,True
67111241,199.80000000,9.12980000,159995788,159995800,1782868229399065,True,True
67111242,199.70000000,3.84150000,159995801,159995804,1782868229399065,True,True
67111243,199.80000000,21.21350000,159995805,159995812,1782868229402795,False,True
67111244,199.80000000,0.66790000,159995813,159995813,1782868229443928,True,True
67111245,199.80000000,2.80400000,159995814,159995818,1782868230101265,True,True
67111246,199.80000000,1.17140000,159995819,159995820,1782868230230950,False,True
67111247,199.80000000,1.00000000,159995821,159995822,1782868230239486,False,True
67111248,199.70000000,0.03300000,159995823,159995823,1782868235253577,True,True
67111249,199.80000000,0.08130000,159995824,159995826,1782868236007377,False,True
67111250,199.80000000,4.25630000,159995827,159995830,1782868237283707,False,True
67111251,199.70000000,10.01800000,159995831,159995831,1782868238146270,True,True
67111252,199.70000000,10.01800000,159995832,159995840,1782868238179276,True,True
67111253,199.70000000,0.14470000,159995841,159995843,1782868238179858,True,True
67111254,199.60000000,3.84680000,159995844,159995855,1782868238466839,True,True
67111255,199.50000000,11.51220000,159995856,159995869,1782868238466839,True,True
67111256,199.50000000,29.97000000,159995870,159995875,1782868238466839,True,True
67111257,199.50000000,16.04290000,159995876,159995881,1782868238466839,True,True
67111258,199.50000000,0.02760000,159995882,159995882,1782868238468640,True,True
67111259,199.50000000,2.97450000,159995883,159995883,1782868238501184,True,True
67111260,199.50000000,3.83850000,159995884,159995887,1782868238558332,True,True
67111261,199.50000000,0.02610000,159995888,159995888,1782868238558401,True,True
67111262,199.40000000,0.03770000,159995889,159995889,1782868238889047,True,True
67111263,199.40000000,10.60100000,159995890,159995904,1782868238889047,True,True
67111264,199.30000000,10.37800000,159995905,159995918,1782868238889047,True,True
67111265,199.30000000,2.23620000,159995919,159995919,1782868238889047,True,True
67111266,199.30000000,7.30890000,159995920,159995924,1782868238931276,True,True
67111267,199.40000000,0.19490000,159995925,159995929,1782868239437896,False,True
67111268,199.40000000,0.20420000,159995930,159995934,1782868240476736,False,True
67111269,199.40000000,0.79430000,159995935,159995938,1782868241074596,True,True
67111270,199.30000000,0.19420000,159995939,159995945,1782868250720396,True,True
67111271,199.20000000,0.35210000,159995946,159995951,1782868250727507,True,True
67111272,199.20000000,1.80190000,159995952,159995959,1782868250727507,True,True
67111273,199.10000000,5.91960000,159995960,159995972,1782868250727507,True,True
67111274,199.10000000,6.12980000,159995973,159995973,1782868250729150,False,True
67111275,199.10000000,0.29000000,159995974,159995974,1782868250730233,False,True
67111276,199.10000000,18.66990000,159995975,159995980,1782868250730499,False,True
67111277,199.20000000,0.16400000,159995981,159995981,1782868250732654,False,True
67111278,199.20000000,1.08100000,159995982,159995983,1782868250737211,False,True
67111279,199.10000000,3.26020000,159995984,159995990,1782868250747924,True,True
67111280,199.10000000,2.97010000,159995991,159995995,1782868250755536,True,True
67111281,199.20000000,0.05550000,159995996,159995996,1782868250794669,False,True
67111282,199.20000000,0.99910000,159995997,159995997,1782868250805520,False,True
67111283,199.10000000,21.17060000,159995998,159996005,1782868250807712,True,True
67111284,199.00000000,63.48120000,159996006,159996037,1782868250809841,True,True
67111285,198.90000000,0.32670000,159996038,159996038,1782868250809841,True,True
67111286,198.90000000,0.20720000,159996039,159996039,1782868250809841,True,True
67111287,198.90000000,0.10680000,159996040,159996040,1782868250809841,True,True
67111288,198.90000000,24.15750000,159996041,159996044,1782868250809841,True,True
67111289,198.90000000,3.73550000,159996045,159996047,1782868250809841,True,True
67111290,198.90000000,0.09850000,159996048,159996050,1782868250809841,True,True
67111291,198.90000000,0.48090000,159996051,159996052,1782868250809841,True,True
67111292,198.90000000,0.03580000,159996053,159996053,1782868250809841,True,True
67111293,198.90000000,1.04000000,159996054,159996054,1782868250809841,True,True
67111294,198.90000000,219.15540000,159996055,159996074,1782868250809841,True,True
67111295,198.90000000,0.21110000,159996075,159996075,1782868250811928,False,True
67111296,198.90000000,1.00000000,159996076,159996076,1782868250811959,False,True
67111297,198.80000000,0.05530000,159996077,159996077,1782868250811969,True,True
67111298,198.80000000,1.00000000,159996078,159996080,1782868250811969,True,True
67111299,198.80000000,4.02340000,159996081,159996083,1782868250811969,True,True
67111300,198.80000000,9.23350000,159996084,159996091,1782868250812123,True,True
67111301,198.80000000,0.21100000,159996092,159996093,1782868250812164,False,True
67111302,198.90000000,0.21090000,159996094,159996094,1782868250815655,False,True
67111303,198.90000000,3.24140000,159996095,159996095,1782868250825572,False,True
67111304,198.80000000,4.48140000,159996096,159996100,1782868250837312,True,True
67111305,198.90000000,0.08000000,159996101,159996101,1782868250841763,False,True
67111306,198.90000000,3.75430000,159996102,159996102,1782868250845383,False,True
67111307,198.80000000,6.01800000,159996103,159996109,1782868250856274,True,True
67111308,198.80000000,0.68420000,159996110,159996110,1782868250856504,True,True
67111309,198.70000000,0.88100000,159996111,159996112,1782868250857300,True,True
67111310,198.70000000,0.27600000,159996113,159996114,1782868250857389,True,True
67111311,198.70000000,0.17500000,159996115,159996115,1782868250857522,True,True
67111312,198.70000000,0.08200000,159996116,159996116,1782868250857575,True,True
67111313,198.70000000,0.69900000,159996117,159996117,1782868250857649,True,True
67111314,198.70000000,0.45400000,159996118,159996120,1782868250857657,True,True
67111315,198.70000000,0.12600000,159996121,159996123,1782868250857660,True,True
67111316,198.70000000,1.08200000,159996124,159996124,1782868250857764,True,True
67111317,198.70000000,0.60500000,159996125,159996125,1782868250858111,True,True
67111318,198.80000000,0.96900000,159996126,159996127,1782868250859381,False,True
67111319,198.80000000,1.54300000,159996128,159996131,1782868250859678,False,True
67111320,198.80000000,0.02610000,159996132,159996132,1782868250859911,False,True
67111321,198.80000000,7.44590000,159996133,159996135,1782868250860848,False,True
67111322,198.90000000,1.54200000,159996136,159996136,1782868250862413,False,True
67111323,198.90000000,0.96800000,159996137,159996137,1782868250862559,False,True
67111324,198.90000000,3.24140000,159996138,159996138,1782868250869125,False,True
67111325,198.90000000,0.99910000,159996139,159996139,1782868250875172,False,True
67111326,198.90000000,2.00360000,159996140,159996140,1782868250878281,False,True
67111327,198.80000000,2.17550000,159996141,159996146,1782868250879062,True,True
67111328,198.80000000,1.67320000,159996147,159996150,1782868250879095,True,True
67111329,198.80000000,0.03010000,159996151,159996151,1782868250883015,False,True
67111330,198.70000000,0.03300000,159996152,159996152,1782868250894871,True,True
67111331,198.70000000,12.24710000,159996153,159996154,1782868250895603,True,True
67111332,198.70000000,12.00000000,159996155,159996155,1782868250895950,True,True
67111333,198.70000000,12.00000000,159996156,159996156,1782868250896071,True,True
67111334,198.80000000,0.99910000,159996157,159996159,1782868250917728,False,True
67111335,198.80000000,3.23630000,159996160,159996160,1782868250931930,False,True
67111336,198.80000000,0.99910000,159996161,159996161,1782868250958952,False,True
67111337,198.80000000,0.99910000,159996162,159996162,1782868251001656,False,True
67111338,198.80000000,1.54100000,159996163,159996163,1782868251004405,False,True
67111339,198.80000000,0.96700000,159996164,159996166,1782868251004650,False,True
67111340,198.80000000,0.93200000,159996167,159996167,1782868251007650,False,True
67111341,198.80000000,1.54000000,159996168,159996168,1782868251007706,False,True
67111342,198.80000000,0.99910000,159996169,159996169,1782868251053684,False,True
67111343,198.80000000,0.99910000,159996170,159996170,1782868251094549,False,True
67111344,198.80000000,0.99910000,159996171,159996171,1782868251138122,False,True
67111345,198.80000000,10.00000000,159996172,159996177,1782868251150112,False,True
67111346,198.80000000,0.17250000,159996178,159996178,1782868251181699,False,True
67111347,198.80000000,0.64310000,159996179,159996179,1782868251259225,False,True
67111348,198.80000000,31.32360000,159996180,159996184,1782868251460150,False,True
67111349,198.80000000,0.05220000,159996185,159996186,1782868251462952,False,True
67111350,198.90000000,0.03000000,159996187,159996187,1782868251481751,False,True
67111351,198.80000000,2.79500000,159996188,159996192,1782868251720729,True,True
67111352,198.70000000,10.01800000,159996193,159996193,1782868251908835,True,True
67111353,198.70000000,7.52350000,159996194,159996201,1782868251910416,True,True
67111354,198.60000000,2.99010000,159996202,159996204,1782868252294696,True,True
67111355,198.60000000,8.68420000,159996205,159996210,1782868252294756,True,True
67111356,198.60000000,2.67480000,159996211,159996219,1782868252294902,True,True
67111357,198.60000000,37.59110000,159996220,159996227,1782868252299213,False,True
67111358,198.60000000,26.42120000,159996228,159996229,1782868252300715,False,True
67111359,198.60000000,5.28540000,159996230,159996233,1782868252302183,False,True
67111360,198.70000000,5.75370000,159996234,159996236,1782868252451802,False,True
67111361,198.60000000,2.98650000,159996237,159996238,1782868253087386,True,True
67111362,198.50000000,2.16600000,159996239,159996239,1782868253087485,True,True
67111363,198.50000000,1.13630000,159996240,159996241,1782868253087485,True,True
67111364,198.60000000,24.00000000,159996242,159996245,1782868253093555,False,True
67111365,198.60000000,12.00000000,159996246,159996247,1782868253094898,False,True
67111366,198.60000000,19.57670000,159996248,159996249,1782868253095497,False,True
67111367,198.50000000,0.05000000,159996250,159996250,1782868253486564,True,True
67111368,198.60000000,0.50000000,159996251,159996251,1782868254104374,False,True
67111369,198.60000000,2.35290000,159996252,159996252,1782868254113910,False,True
67111370,198.70000000,0.07030000,159996253,159996255,1782868254893157,False,True
67111371,198.60000000,5.23840000,159996256,159996256,1782868255470956,True,True
67111372,198.60000000,2.72580000,159996257,159996258,1782868255473858,True,True
67111373,198.60000000,0.12570000,159996259,159996259,1782868255672221,False,True
67111374,198.50000000,23.74800000,159996260,159996263,1782868258221485,True,True
67111375,198.50000000,6.46900000,159996264,159996275,1782868258221503,True,True
67111376,198.50000000,0.02550000,159996276,159996276,1782868258223249,True,True
67111377,198.50000000,2.31650000,159996277,159996277,1782868259733798,False,True
67111378,198.60000000,8.77960000,159996278,159996279,1782868259914856,False,True
67111379,198.60000000,6.82850000,159996280,159996284,1782868259915145,False,True
67111380,198.60000000,0.02580000,159996285,159996285,1782868259917428,False,True
67111381,198.70000000,2.53400000,159996286,159996286,1782868260098952,False,True
67111382,198.70000000,0.94600000,159996287,159996290,1782868260104429,False,True
67111383,198.70000000,6.55220000,159996291,159996292,1782868260394935,False,True
67111384,198.70000000,0.05430000,159996293,159996294,1782868260411841,False,True
67111385,198.80000000,0.13260000,159996295,159996299,1782868260810669,False,True
67111386,198.80000000,3.13700000,159996300,159996300,1782868260885437,True,True
67111387,198.80000000,0.15090000,159996301,159996301,1782868260927366,True,True
67111388,198.80000000,0.26220000,159996302,159996302,1782868260932652,True,True
67111389,198.80000000,0.36860000,159996303,159996303,1782868260953780,True,True
67111390,198.80000000,2.62300000,159996304,159996304,1782868261042541,True,True
67111391,198.80000000,1.11900000,159996305,159996308,1782868261060998,True,True
67111392,198.80000000,0.02610000,159996309,159996309,1782868261062182,True,True
67111393,198.80000000,0.18270000,159996310,159996316,1782868261672538,False,True
67111394,198.80000000,0.10440000,159996317,159996320,1782868261895893,True,True
67111395,198.70000000,11.94840000,159996321,159996323,1782868264111745,True,True
67111396,198.70000000,10.33450000,159996324,159996332,1782868264114156,True,True
67111397,198.70000000,0.02610000,159996333,159996333,1782868264115397,True,True
67111398,198.70000000,0.03740000,159996334,159996334,1782868264222582,False,True
67111399,198.60000000,0.25280000,159996335,159996335,1782868265051603,True,True
67111400,198.70000000,0.06430000,159996336,159996336,1782868265305753,False,True
67111401,198.70000000,0.92320000,159996337,159996343,1782868265322049,False,True
67111402,198.80000000,1.24280000,159996344,159996348,1782868265322049,False,True
67111403,198.80000000,2.16600000,159996349,159996349,1782868265322115,False,True
67111404,198.80000000,1.08400000,159996350,159996350,1782868265322121,False,True
67111405,198.80000000,2.16600000,159996351,159996351,1782868265322163,False,True
67111406,198.80000000,1.08400000,159996352,159996352,1782868265322187,False,True
67111407,198.70000000,0.25200000,159996353,159996353,1782868265741613,True,True
67111408,198.80000000,0.20600000,159996354,159996360,1782868266550979,False,True
67111409,198.90000000,0.10000000,159996361,159996361,1782868268462271,False,True
67111410,198.90000000,0.09820000,159996362,159996362,1782868268633064,False,True
67111411,198.90000000,0.30950000,159996363,159996363,1782868269448014,False,True
67111412,198.90000000,0.03780000,159996364,159996364,1782868269915499,False,True
67111413,198.90000000,10.33450000,159996365,159996365,1782868269915835,False,True
67111414,198.90000000,12.00000000,159996366,159996366,1782868269915975,False,True
67111415,198.90000000,12.00000000,159996367,159996367,1782868269916706,False,True
67111416,198.90000000,12.00000000,159996368,159996368,1782868269917622,False,True
67111417,198.90000000,9.09500000,159996369,159996369,1782868269918239,False,True
67111418,198.90000000,7.40900000,159996370,159996370,1782868269918255,False,True
67111419,198.90000000,0.85800000,159996371,159996371,1782868269918296,False,True
67111420,198.90000000,12.00000000,159996372,159996372,1782868269918452,False,True
67111421,198.90000000,12.00000000,159996373,159996373,1782868269919606,False,True
67111422,198.90000000,37.46600000,159996374,159996374,1782868269919694,False,True
67111423,198.90000000,13.49200000,159996375,159996375,1782868269920511,False,True
67111424,198.90000000,8.96700000,159996376,159996376,1782868269921242,False,True
67111425,198.90000000,23.16800000,159996377,159996377,1782868269921412,False,True
67111426,198.90000000,1.56430000,159996378,159996378,1782868269921735,False,True
67111427,198.90000000,2.85020000,159996379,159996379,1782868269921785,False,True
67111428,198.90000000,7.31700000,159996380,159996380,1782868269922179,False,True
67111429,198.90000000,2.44000000,159996381,159996381,1782868269922262,False,True
67111430,198.90000000,7.14620000,159996382,159996382,1782868269924088,False,True
67111431,198.90000000,14.32850000,159996383,159996383,1782868269924985,False,True
67111432,198.90000000,6.47940000,159996384,159996384,1782868269925705,False,True
67111433,198.90000000,4.00940000,159996385,159996385,1782868269925773,False,True
67111434,198.90000000,10.01800000,159996386,159996386,1782868269926208,False,True
67111435,198.90000000,1.38120000,159996387,159996387,1782868269926232,False,True
67111436,198.90000000,5.04260000,159996388,159996388,1782868269926351,False,True
67111437,198.90000000,2.92810000,159996389,159996389,1782868269926441,False,True
67111438,198.90000000,0.09000000,159996390,159996390,1782868269926633,False,True
67111439,198.90000000,15.54230000,159996391,159996391,1782868269928262,False,True
67111440,198.90000000,2.16400000,159996392,159996392,1782868269928782,False,True
67111441,198.90000000,1.26510000,159996393,159996393,1782868269929168,False,True
67111442,198.90000000,1.31790000,159996394,159996394,1782868269930022,False,True
67111443,198.90000000,2.07400000,159996395,159996395,1782868269930531,False,True
67111444,198.90000000,8.82160000,159996396,159996396,1782868269932273,False,True
67111445,198.90000000,7.13250000,159996397,159996397,1782868269932328,False,True
67111446,198.90000000,4.06970000,159996398,159996398,1782868269932696,False,True
67111447,198.90000000,5.58120000,159996399,159996399,1782868269933798,False,True
67111448,198.90000000,1.87610000,159996400,159996400,1782868269934055,False,True
67111449,198.90000000,7.80170000,159996401,159996401,1782868269934628,False,True
67111450,198.90000000,11.74020000,159996402,159996402,1782868269934640,False,True
67111451,198.90000000,2.08860000,159996403,159996403,1782868269934843,False,True
67111452,198.90000000,1.08200000,159996404,159996404,1782868269935117,False,True
67111453,198.90000000,5.28560000,159996405,159996405,1782868269936071,False,True
67111454,198.90000000,3.09600000,159996406,159996416,1782868269936399,False,True
67111455,199.00000000,1.08200000,159996417,159996418,1782868269947262,False,True
67111456,198.90000000,2.79500000,159996419,159996423,1782868270157029,True,True
67111457,198.80000000,8.42230000,159996424,159996431,1782868273555946,True,True
67111458,198.80000000,0.07540000,159996432,159996432,1782868273937933,False,True
67111459,198.80000000,0.09040000,159996433,159996433,1782868274858238,False,True
67111460,198.70000000,0.68020000,159996434,159996442,1782868275641408,True,True
67111461,198.70000000,0.07830000,159996443,159996445,1782868275856481,False,True
67111462,198.80000000,5.50410000,159996446,159996447,1782868277493320,False,True
67111463,198.80000000,0.18260000,159996448,159996454,1782868278576138,False,True
67111464,198.80000000,0.72210000,159996455,159996455,1782868278928823,True,True
67111465,198.80000000,1.00000000,159996456,159996456,1782868279946280,True,True
67111466,198.90000000,0.28620000,159996457,159996466,1782868280004345,False,True
67111467,198.90000000,2.12360000,159996467,159996467,1782868280935448,True,True
67111468,198.90000000,0.07830000,159996468,159996470,1782868280986762,True,True
67111469,198.90000000,0.15630000,159996471,159996476,1782868281672147,False,True
67111470,198.90000000,0.10410000,159996477,159996480,1782868283722309,True,True
67111471,198.80000000,0.04970000,159996481,159996482,1782868283956828,True,True
67111472,198.90000000,3.04950000,159996483,159996489,1782868285402643,False,True
67111473,198.90000000,10.60560000,159996490,159996493,1782868285438304,True,True
67111474,198.90000000,0.23710000,159996494,159996494,1782868288112237,True,True
67111475,199.00000000,1.99860000,159996495,159996505,1782868290119772,False,True
67111476,199.00000000,0.12440000,159996506,159996509,1782868293453990,True,True
67111477,199.00000000,0.05190000,159996510,159996511,1782868293454678,True,True
67111478,199.00000000,16.70630000,159996512,159996519,1782868300403975,False,True
67111479,199.00000000,8.96130000,159996520,159996524,1782868300408316,False,True
67111480,199.00000000,1.01000000,159996525,159996525,1782868301629200,False,True
67111481,198.90000000,17.67210000,159996526,159996533,1782868302701684,True,True
67111482,198.80000000,10.17670000,159996534,159996540,1782868304528612,True,True
67111483,198.80000000,0.05220000,159996541,159996542,1782868304530378,True,True
67111484,198.80000000,0.09880000,159996543,159996543,1782868304724104,False,True
67111485,198.70000000,1.69890000,159996544,159996544,1782868304942174,True,True
67111486,198.70000000,8.45170000,159996545,159996550,1782868304943453,True,True
67111487,198.70000000,0.05220000,159996551,159996552,1782868305043871,True,True
67111488,198.70000000,0.02790000,159996553,159996554,1782868306084818,False,True
67111489,198.70000000,3.00000000,159996555,159996558,1782868307585625,False,True
67111490,198.70000000,0.15020000,159996559,159996563,1782868309277244,False,True
67111491,198.80000000,0.23060000,159996564,159996571,1782868314298174,False,True
67111492,198.80000000,3.00000000,159996572,159996574,1782868314689796,True,True
67111493,198.90000000,0.05020000,159996575,159996576,1782868319405340,False,True
67111494,198.90000000,0.13460000,159996577,159996582,1782868319406537,False,True
67111495,199.00000000,0.21060000,159996583,159996590,1782868320347605,False,True
67111496,199.10000000,0.45300000,159996591,159996591,1782868320353498,False,True
67111497,199.10000000,0.23580000,159996592,159996599,1782868322702061,False,True
67111498,199.10000000,5.98400000,159996600,159996606,1782868326223000,True,True
67111499,199.10000000,8.50620000,159996607,159996610,1782868329804620,False,True
67111500,199.10000000,0.14040000,159996611,159996613,1782868335390158,False,True
67111501,199.10000000,1.88780000,159996614,159996616,1782868338210695,False,True
67111502,199.10000000,2.00000000,159996617,159996617,1782868338929597,False,True
67111503,199.10000000,1.50680000,159996618,159996618,1782868339857836,False,True
67111504,199.00000000,0.15630000,159996619,159996624,1782868341918543,True,True
67111505,198.90000000,10.20250000,159996625,159996632,1782868344646040,True,True
67111506,198.90000000,0.02610000,159996633,159996633,1782868344652163,True,True
67111507,198.90000000,0.05190000,159996634,159996635,1782868344657235,True,True
67111508,198.90000000,0.13050000,159996636,159996640,1782868345620767,False,True
67111509,198.90000000,0.50220000,159996641,159996645,1782868347107383,True,True
67111510,198.90000000,0.05220000,159996646,159996647,1782868350609604,True,True
67111511,198.90000000,0.07260000,159996648,159996648,1782868353871484,False,True
67111512,198.80000000,0.18480000,159996649,159996655,1782868355287730,True,True
67111513,198.80000000,0.05020000,159996656,159996656,1782868355505194,False,True
67111514,198.80000000,0.50170000,159996657,159996657,1782868358561380,False,True
67111515,198.70000000,1.81570000,159996658,159996666,1782868364634158,True,True
67111516,198.70000000,0.05220000,159996667,159996668,1782868364638091,True,True
67111517,198.60000000,4.80330000,159996669,159996681,1782868364890797,True,True
67111518,198.50000000,10.01800000,159996682,159996695,1782868365014735,True,True
67111519,198.50000000,1.73480000,159996696,159996698,1782868365020379,True,True
67111520,198.40000000,3.19220000,159996699,159996701,1782868365047932,True,True
67111521,198.40000000,0.73220000,159996702,159996706,1782868365047932,True,True
67111522,198.40000000,46.16100000,159996707,159996713,1782868365050278,True,True
67111523,198.40000000,10.58160000,159996714,159996718,1782868365050676,True,True
67111524,198.30000000,3.13710000,159996719,159996720,1782868365109840,True,True
67111525,198.30000000,20.21240000,159996721,159996737,1782868365110577,True,True
