24747402,0.30850000,41.10000000,60498933,60498934,1782864000556524,False,True
24747403,0.30860000,50.90000000,60498935,60498937,1782864002360228,False,True
24747404,0.30870000,160.10000000,60498938,60498942,1782864018066122,False,True
24747405,0.30880000,75.10000000,60498943,60498946,1782864021813822,False,True
24747406,0.30890000,85.30000000,60498947,60498950,1782864031731898,False,True
24747407,0.30890000,32.30000000,60498951,60498951,1782864033641279,True,True
24747408,0.30900000,128.10000000,60498952,60498955,1782864050480254,False,True
24747409,0.30910000,859.50000000,60498956,60498960,1782864050484524,False,True
24747410,0.30890000,50.80000000,60498961,60498963,1782864094176891,True,True
24747411,0.30880000,277.10000000,60498964,60498967,1782864108963430,True,True
24747412,0.30880000,273.20000000,60498968,60498969,1782864117423067,True,True
24747413,0.30890000,383.90000000,60498970,60498970,1782864123045631,False,True
24747414,0.30890000,16.70000000,60498971,60498971,1782864124820391,False,True
24747415,0.30900000,50.70000000,60498972,60498974,1782864131641058,False,True
24747416,0.30890000,48.60000000,60498975,60498975,1782864135333551,True,True
24747417,0.30900000,601.60000000,60498976,60498977,1782864147781485,True,True
24747418,0.30900000,273.20000000,60498978,60498979,1782864147786890,True,True
24747419,0.30900000,273.20000000,60498980,60498981,1782864147790581,True,True
24747420,0.30910000,739.50000000,60498982,60498985,1782864154144745,False,True
24747421,0.30920000,7735.40000000,60498986,60498994,1782864154144805,False,True
24747422,0.30920000,1305.50000000,60498995,60498995,1782864154146131,True,True
24747423,0.30920000,1087.70000000,60498996,60498996,1782864154146147,True,True
24747424,0.30920000,661.20000000,60498997,60498997,1782864154146261,True,True
24747425,0.30920000,589.10000000,60498998,60498998,1782864154147347,True,True
24747426,0.30920000,21.30000000,60498999,60498999,1782864154217266,False,True
24747427,0.30920000,257.00000000,60499000,60499000,1782864168470146,False,True
24747428,0.30920000,1378.00000000,60499001,60499001,1782864171706627,True,True
24747429,0.30910000,16.70000000,60499002,60499002,1782864175091344,True,True
24747430,0.30900000,24.30000000,60499003,60499003,1782864175597226,True,True
24747431,0.30900000,24.30000000,60499004,60499004,1782864175597689,True,True
24747432,0.30900000,242.90000000,60499005,60499007,1782864175598765,True,True
24747433,0.30900000,273.20000000,60499008,60499009,1782864191127118,True,True
24747434,0.30900000,273.20000000,60499010,60499011,1782864191130120,True,True
24747435,0.30890000,2215.60000000,60499012,60499014,1782864194031845,True,True
24747436,0.30890000,32.40000000,60499015,60499015,1782864198057949,False,True
24747437,0.30880000,20.40000000,60499016,60499016,1782864198431729,True,True
24747438,0.30880000,50.80000000,60499017,60499019,1782864198798613,True,True
24747439,0.30870000,120.60000000,60499020,60499024,1782864200491320,True,True
24747440,0.30880000,41.00000000,60499025,60499026,1782864211088491,False,True
24747441,0.30890000,83.20000000,60499027,60499030,1782864213311963,False,True
24747442,0.30890000,201.70000000,60499031,60499031,1782864220902205,True,True
24747443,0.30900000,21.30000000,60499032,60499032,1782864227317640,False,True
24747444,0.30900000,75.00000000,60499033,60499036,1782864227318953,False,True
24747445,0.30910000,141.80000000,60499037,60499042,1782864251947374,False,True
24747446,0.30920000,34.50000000,60499043,60499044,1782864252851365,False,True
24747447,0.30920000,27.60000000,60499045,60499045,1782864280172338,False,True
24747448,0.30930000,242.60000000,60499046,60499050,1782864289024925,False,True
24747449,0.30930000,266.80000000,60499051,60499051,1782864290100935,False,True
24747450,0.30930000,64.40000000,60499052,60499053,1782864302095650,False,True
24747451,0.30940000,279.70000000,60499054,60499054,1782864302095650,False,True
24747452,0.30930000,130.80000000,60499055,60499056,1782864315134763,True,True
24747453,0.30940000,32.40000000,60499057,60499058,1782864315909466,False,True
24747454,0.30940000,32.40000000,60499059,60499061,1782864315929939,False,True
24747455,0.30940000,32.40000000,60499062,60499062,1782864316330188,False,True
24747456,0.30940000,356.20000000,60499063,60499064,1782864336619319,True,True
24747457,0.30940000,2316.70000000,60499065,60499066,1782864347002740,False,True
24747458,0.30940000,843.80000000,60499067,60499067,1782864356049691,True,True
24747459,0.30940000,8646.20000000,60499068,60499068,1782864356050704,True,True
24747460,0.30940000,3243.80000000,60499069,60499070,1782864356050826,True,True
24747461,0.30930000,732.70000000,60499071,60499072,1782864359916487,True,True
24747462,0.30930000,791.30000000,60499073,60499073,1782864360065268,False,True
24747463,0.30930000,124.20000000,60499074,60499075,1782864370324752,True,True
24747464,0.30930000,41.00000000,60499076,60499077,1782864370328144,True,True
24747465,0.30920000,1181.20000000,60499078,60499081,1782864375097115,True,True
24747466,0.30920000,236.20000000,60499082,60499082,1782864375099664,True,True
24747467,0.30920000,1810.60000000,60499083,60499084,1782864386243252,False,True
24747468,0.30920000,123.00000000,60499085,60499085,1782864397060501,False,True
24747469,0.30920000,281.10000000,60499086,60499086,1782864400024228,False,True
24747470,0.30920000,281.60000000,60499087,60499087,1782864400044778,False,True
24747471,0.30920000,281.60000000,60499088,60499088,1782864400100693,False,True
24747472,0.30920000,1142.30000000,60499089,60499089,1782864406304395,False,True
24747473,0.30920000,640.20000000,60499090,60499090,1782864406399226,False,True
24747474,0.30910000,1369.10000000,60499091,60499093,1782864410482354,True,True
24747475,0.30910000,266.20000000,60499094,60499094,1782864410496543,False,True
24747476,0.30910000,2531.60000000,60499095,60499100,1782864410517946,False,True
24747477,0.30910000,1006.50000000,60499101,60499105,1782864410554942,True,True
24747478,0.30910000,1435.50000000,60499106,60499107,1782864428120559,False,True
24747479,0.30920000,41.00000000,60499108,60499109,1782864428375062,False,True
24747480,0.30920000,167.00000000,60499110,60499110,1782864432380561,True,True
24747481,0.30920000,3011.40000000,60499111,60499114,1782864445148771,False,True
24747482,0.30920000,414.40000000,60499115,60499116,1782864491397120,True,True
24747483,0.30920000,71.50000000,60499117,60499117,1782864524871698,True,True
24747484,0.30930000,83.10000000,60499118,60499121,1782864529436954,False,True
24747485,0.30930000,144.10000000,60499122,60499122,1782864557145030,True,True
24747486,0.30930000,948.30000000,60499123,60499125,1782864578690168,True,True
24747487,0.30920000,647.00000000,60499126,60499127,1782864580720136,True,True
24747488,0.30920000,517.60000000,60499128,60499128,1782864580721713,True,True
24747489,0.30910000,579.60000000,60499129,60499133,1782864582222829,True,True
24747490,0.30910000,2579.80000000,60499134,60499136,1782864582259327,False,True
24747491,0.30900000,3509.20000000,60499137,60499143,1782864587507235,True,True
24747492,0.30890000,1171.20000000,60499144,60499144,1782864592996513,True,True
24747493,0.30890000,1110.80000000,60499145,60499149,1782864592997662,True,True
24747494,0.30890000,4751.90000000,60499150,60499153,1782864592997841,True,True
24747495,0.30890000,99.00000000,60499154,60499154,1782864594271732,False,True
24747496,0.30880000,1912.10000000,60499155,60499159,1782864595309665,True,True
24747497,0.30880000,1239.00000000,60499160,60499161,1782864597325428,False,True
24747498,0.30880000,1720.00000000,60499162,60499162,1782864597325611,False,True
24747499,0.30880000,988.00000000,60499163,60499163,1782864597325629,False,True
24747500,0.30880000,2108.00000000,60499164,60499167,1782864597327449,False,True
24747501,0.30880000,430.00000000,60499168,60499168,1782864597327563,False,True
24747502,0.30880000,24.80000000,60499169,60499169,1782864603190704,True,True
24747503,0.30880000,391.50000000,60499170,60499171,1782864603205723,True,True
24747504,0.30880000,175.00000000,60499172,60499174,1782864611326047,True,True
24747505,0.30880000,491.90000000,60499175,60499175,1782864613303200,False,True
24747506,0.30880000,31.00000000,60499176,60499176,1782864618213080,True,True
24747507,0.30890000,557.20000000,60499177,60499180,1782864631451942,False,True
24747508,0.30900000,143.90000000,60499181,60499184,1782864633693903,False,True
24747509,0.30910000,34.50000000,60499185,60499186,1782864653970170,False,True
24747510,0.30920000,34.50000000,60499187,60499188,1782864657190256,False,True
24747511,0.30920000,1274.00000000,60499189,60499192,1782864678642098,True,True
24747512,0.30920000,51.90000000,60499193,60499194,1782864678643700,True,True
24747513,0.30920000,229.40000000,60499195,60499195,1782864678645421,True,True
24747514,0.30920000,29.40000000,60499196,60499196,1782864685553303,False,True
24747515,0.30920000,453.90000000,60499197,60499199,1782864706205467,True,True
24747516,0.30910000,1219.80000000,60499200,60499203,1782864709641916,True,True
24747517,0.30910000,130.20000000,60499204,60499204,1782864737280606,False,True
24747518,0.30900000,2761.10000000,60499205,60499209,1782864758557947,True,True
24747519,0.30890000,1589.10000000,60499210,60499212,1782864758590873,True,True
24747520,0.30900000,19.40000000,60499213,60499213,1782864760532580,False,True
24747521,0.30890000,465.60000000,60499214,60499217,1782864771457911,True,True
24747522,0.30890000,93.10000000,60499218,60499218,1782864771460130,True,True
24747523,0.30880000,24.30000000,60499219,60499219,1782864778551267,True,True
24747524,0.30880000,1770.40000000,60499220,60499225,1782864778696208,True,True
24747525,0.30870000,858.50000000,60499226,60499229,1782864787755433,True,True
24747526,0.30870000,171.70000000,60499230,60499230,1782864787758339,True,True
24747527,0.30870000,2181.00000000,60499231,60499231,1782864793806043,False,True
24747528,0.30870000,2181.00000000,60499232,60499232,1782864793807795,False,True
24747529,0.30870000,180.00000000,60499233,60499233,1782864793809056,False,True
24747530,0.30880000,273.70000000,60499234,60499235,1782864798774905,False,True
24747531,0.30890000,83.20000000,60499236,60499239,1782864812092095,False,True
24747532,0.30900000,34.50000000,60499240,60499241,1782864814797753,False,True
24747533,0.30910000,129.60000000,60499242,60499247,1782864828231271,False,True
24747534,0.30920000,95.30000000,60499248,60499252,1782864845518158,False,True
24747535,0.30920000,16.20000000,60499253,60499253,1782864890080427,True,True
24747536,0.30920000,887.90000000,60499254,60499256,1782864893562702,True,True
24747537,0.30910000,747.90000000,60499257,60499260,1782864900610317,True,True
24747538,0.30930000,58.80000000,60499261,60499263,1782864910798298,False,True
24747539,0.30940000,66.90000000,60499264,60499267,1782864914503745,False,True
24747540,0.30950000,76.00000000,60499268,60499271,1782864918815015,False,True
24747541,0.30950000,698.00000000,60499272,60499275,1782864921251721,True,True
24747542,0.30940000,114.20000000,60499276,60499277,1782864923550087,True,True
24747543,0.30940000,1232.20000000,60499278,60499279,1782864923553019,True,True
24747544,0.30950000,557.10000000,60499280,60499280,1782864933088620,False,True
24747545,0.30940000,108.00000000,60499281,60499281,1782864939334764,True,True
24747546,0.30930000,64.50000000,60499282,60499282,1782864940541398,True,True
24747547,0.30930000,64.50000000,60499283,60499283,1782864940541758,True,True
24747548,0.30930000,64.50000000,60499284,60499284,1782864940543826,True,True
24747549,0.30930000,528.00000000,60499285,60499288,1782864941085899,True,True
24747550,0.30920000,1020.40000000,60499289,60499292,1782864944739381,True,True
24747551,0.30910000,573.70000000,60499293,60499296,1782864948309589,True,True
24747552,0.30900000,1396.00000000,60499297,60499303,1782864950624323,True,True
24747553,0.30890000,908.10000000,60499304,60499308,1782864961101067,True,True
24747554,0.30890000,1175.00000000,60499309,60499310,1782864961894372,False,True
24747555,0.30890000,1887.00000000,60499311,60499311,1782864961895746,False,True
24747556,0.30900000,41.00000000,60499312,60499313,1782864961979558,False,True
24747557,0.30910000,168.00000000,60499314,60499318,1782864984624514,False,True
24747558,0.30910000,495.40000000,60499319,60499320,1782865007564310,True,True
24747559,0.30920000,58.80000000,60499321,60499323,1782865029592897,False,True
24747560,0.30920000,441.20000000,60499324,60499324,1782865032293414,True,True
24747561,0.30930000,34.50000000,60499325,60499326,1782865056584131,False,True
24747562,0.30930000,600.20000000,60499327,60499328,1782865063084491,True,True
24747563,0.30920000,1023.70000000,60499329,60499330,1782865072160532,True,True
24747564,0.30910000,411.60000000,60499331,60499333,1782865074159793,True,True
24747565,0.30910000,669.00000000,60499334,60499334,1782865074160871,True,True
24747566,0.30910000,3373.30000000,60499335,60499337,1782865085605648,False,True
24747567,0.30910000,1210.00000000,60499338,60499338,1782865087939215,False,True
24747568,0.30910000,2425.10000000,60499339,60499342,1782865108872525,True,True
24747569,0.30910000,1801.80000000,60499343,60499345,1782865113782019,False,True
24747570,0.30900000,554.50000000,60499346,60499350,1782865138352572,True,True
24747571,0.30900000,110.90000000,60499351,60499351,1782865138393181,True,True
24747572,0.30890000,973.80000000,60499352,60499355,1782865149296017,True,True
24747573,0.30890000,194.70000000,60499356,60499356,1782865149834929,True,True
24747574,0.30880000,423.30000000,60499357,60499359,1782865151334221,True,True
24747575,0.30870000,381.60000000,60499360,60499364,1782865155672716,True,True
24747576,0.30860000,528.60000000,60499365,60499367,1782865182583462,True,True
24747577,0.30850000,1167.20000000,60499368,60499373,1782865183989316,True,True
24747578,0.30850000,16.20000000,60499374,60499374,1782865195523081,False,True
24747579,0.30840000,521.30000000,60499375,60499377,1782865196974061,True,True
24747580,0.30840000,826.50000000,60499378,60499379,1782865196974927,True,True
24747581,0.30840000,1548.90000000,60499380,60499382,1782865200089373,False,True
24747582,0.30850000,984.80000000,60499383,60499386,1782865200446044,False,True
24747583,0.30860000,34.60000000,60499387,60499388,1782865201761510,False,True
24747584,0.30870000,58.90000000,60499389,60499391,1782865222653076,False,True
24747585,0.30870000,500.00000000,60499392,60499392,1782865227725276,True,True
24747586,0.30880000,28.50000000,60499393,60499394,1782865235282509,False,True
24747587,0.30880000,17.90000000,60499395,60499395,1782865235284047,False,True
24747588,0.30880000,341.50000000,60499396,60499398,1782865246959300,True,True
24747589,0.30870000,1788.80000000,60499399,60499401,1782865269381882,True,True
24747590,0.30860000,1282.00000000,60499402,60499405,1782865281017338,True,True
24747591,0.30850000,1137.60000000,60499406,60499408,1782865283184447,True,True
24747592,0.30850000,379.10000000,60499409,60499409,1782865283186027,True,True
24747593,0.30840000,1510.70000000,60499410,60499413,1782865292360087,True,True
24747594,0.30840000,1567.10000000,60499414,60499416,1782865295747718,False,True
24747595,0.30840000,260.20000000,60499417,60499417,1782865299507066,True,True
24747596,0.30840000,52.00000000,60499418,60499418,1782865299547715,True,True
24747597,0.30840000,273.60000000,60499419,60499419,1782865302243222,False,True
24747598,0.30840000,165.30000000,60499420,60499420,1782865305720614,False,True
24747599,0.30840000,3838.40000000,60499421,60499424,1782865306899698,False,True
24747600,0.30840000,427.00000000,60499425,60499426,1782865310834228,True,True
24747601,0.30830000,21.30000000,60499427,60499428,1782865312600947,True,True
24747602,0.30830000,729.00000000,60499429,60499430,1782865312602143,True,True
24747603,0.30830000,44.80000000,60499431,60499432,1782865312602295,True,True
24747604,0.30820000,1958.00000000,60499433,60499439,1782865312606228,True,True
24747605,0.30820000,3394.00000000,60499440,60499442,1782865312619924,True,True
24747606,0.30820000,1054.30000000,60499443,60499443,1782865312625078,True,True
24747607,0.30820000,17.90000000,60499444,60499444,1782865312635673,True,True
24747608,0.30820000,180.30000000,60499445,60499445,1782865312646434,True,True
24747609,0.30820000,373.90000000,60499446,60499446,1782865312652986,True,True
24747610,0.30810000,1219.50000000,60499447,60499450,1782865312731663,True,True
24747611,0.30810000,1219.70000000,60499451,60499451,1782865312731669,True,True
24747612,0.30820000,6020.10000000,60499452,60499454,1782865312733596,False,True
24747613,0.30810000,65.00000000,60499455,60499455,1782865312734633,True,True
24747614,0.30810000,338.10000000,60499456,60499456,1782865312745887,True,True
24747615,0.30820000,1598.90000000,60499457,60499457,1782865312843788,False,True
24747616,0.30820000,986.60000000,60499458,60499458,1782865313088458,False,True
24747617,0.30820000,1370.20000000,60499459,60499460,1782865313157775,False,True
24747618,0.30820000,317.50000000,60499461,60499461,1782865316147890,True,True
24747619,0.30810000,1247.20000000,60499462,60499463,1782865316147890,True,True
24747620,0.30810000,1041.00000000,60499464,60499465,1782865316492434,True,True
24747621,0.30810000,556.30000000,60499466,60499467,1782865318936273,False,True
24747622,0.30820000,1265.00000000,60499468,60499469,1782865322575408,False,True
24747623,0.30810000,921.70000000,60499470,60499471,1782865323006518,True,True
24747624,0.30810000,1200.60000000,60499472,60499473,1782865323954982,False,True
24747625,0.30810000,950.60000000,60499474,60499475,1782865329003531,True,True
24747626,0.30810000,260.20000000,60499476,60499476,1782865336439307,True,True
24747627,0.30810000,1265.00000000,60499477,60499479,1782865344518015,False,True
24747628,0.30800000,2429.60000000,60499480,60499487,1782865347454261,True,True
24747629,0.30790000,2781.30000000,60499488,60499494,1782865347454261,True,True
24747630,0.30780000,446.40000000,60499495,60499498,1782865347454261,True,True
24747631,0.30790000,646.80000000,60499499,60499499,1782865347455740,False,True
24747632,0.30780000,17.90000000,60499500,60499500,1782865347455932,True,True
24747633,0.30790000,296.80000000,60499501,60499501,1782865347457133,False,True
24747634,0.30790000,66.70000000,60499502,60499502,1782865347457173,False,True
24747635,0.30790000,903.80000000,60499503,60499504,1782865347503143,False,True
24747636,0.30800000,16.80000000,60499505,60499505,1782865356448699,False,True
24747637,0.30800000,916.70000000,60499506,60499507,1782865362989334,True,True
24747638,0.30800000,136.70000000,60499508,60499508,1782865362998057,True,True
24747639,0.30800000,45.60000000,60499509,60499509,1782865363011776,True,True
24747640,0.30800000,229.50000000,60499510,60499511,1782865363084245,True,True
24747641,0.30800000,50.00000000,60499512,60499512,1782865363099107,True,True
24747642,0.30800000,264.40000000,60499513,60499515,1782865363180333,True,True
24747643,0.30800000,54.10000000,60499516,60499516,1782865363330575,True,True
24747644,0.30800000,2470.60000000,60499517,60499518,1782865365812387,False,True
24747645,0.30800000,5166.80000000,60499519,60499526,1782865369830448,True,True
24747646,0.30790000,10462.80000000,60499527,60499540,1782865369830448,True,True
24747647,0.30790000,18254.60000000,60499541,60499541,1782865369831495,False,True
24747648,0.30790000,9989.00000000,60499542,60499542,1782865369831757,False,True
24747649,0.30790000,3614.00000000,60499543,60499543,1782865369831764,False,True
24747650,0.30790000,2400.00000000,60499544,60499544,1782865369832322,False,True
24747651,0.30790000,129.10000000,60499545,60499546,1782865369832357,False,True
24747652,0.30800000,269.40000000,60499547,60499547,1782865369832607,False,True
24747653,0.30810000,1265.00000000,60499548,60499555,1782865390233622,False,True
24747654,0.30800000,630.50000000,60499556,60499558,1782865398144710,True,True
24747655,0.30790000,1876.00000000,60499559,60499561,1782865401084117,True,True
24747656,0.30780000,1562.10000000,60499562,60499565,1782865401994577,True,True
24747657,0.30790000,122.60000000,60499566,60499567,1782865404367657,False,True
24747658,0.30790000,561.60000000,60499568,60499569,1782865406883025,True,True
24747659,0.30790000,325.90000000,60499570,60499571,1782865410780419,True,True
24747660,0.30800000,106.70000000,60499572,60499574,1782865414146371,False,True
24747661,0.30790000,1082.50000000,60499575,60499576,1782865414146929,True,True
24747662,0.30800000,2189.20000000,60499577,60499582,1782865414771627,True,True
24747663,0.30790000,8346.10000000,60499583,60499593,1782865414771627,True,True
24747664,0.30780000,9464.70000000,60499594,60499605,1782865414771627,True,True
24747665,0.30790000,86.70000000,60499606,60499606,1782865414773643,False,True
24747666,0.30790000,646.80000000,60499607,60499607,1782865414773657,False,True
24747667,0.30790000,243.00000000,60499608,60499609,1782865414774595,False,True
24747668,0.30800000,169.60000000,60499610,60499611,1782865422853245,True,True
24747669,0.30790000,997.00000000,60499612,60499613,1782865422975889,True,True
24747670,0.30790000,32.40000000,60499614,60499614,1782865427078476,False,True
24747671,0.30780000,820.20000000,60499615,60499620,1782865430787174,True,True
24747672,0.30790000,319.70000000,60499621,60499621,1782865441714380,True,True
24747673,0.30790000,115.30000000,60499622,60499622,1782865441720757,True,True
24747674,0.30790000,1366.10000000,60499623,60499627,1782865457109588,False,True
24747675,0.30780000,826.40000000,60499628,60499630,1782865470780325,True,True
24747676,0.30780000,239.20000000,60499631,60499631,1782865472191501,True,True
24747677,0.30770000,386.50000000,60499632,60499635,1782865520783763,True,True
24747678,0.30770000,322.90000000,60499636,60499636,1782865530777587,True,True
24747679,0.30780000,128.40000000,60499637,60499637,1782865534308173,False,True
24747680,0.30770000,812.30000000,60499638,60499640,1782865537807162,True,True
24747681,0.30770000,885.10000000,60499641,60499642,1782865539905514,True,True
24747682,0.30760000,1438.00000000,60499643,60499647,1782865539907553,True,True
24747683,0.30760000,9601.70000000,60499648,60499653,1782865539916661,True,True
24747684,0.30750000,4200.00000000,60499654,60499654,1782865539922986,True,True
24747685,0.30750000,17.90000000,60499655,60499655,1782865539930615,True,True
24747686,0.30750000,1663.00000000,60499656,60499657,1782865539932314,True,True
24747687,0.30750000,2181.00000000,60499658,60499663,1782865539932947,True,True
24747688,0.30750000,155.40000000,60499664,60499664,1782865539940893,True,True
24747689,0.30750000,4800.00000000,60499665,60499668,1782865539941224,True,True
24747690,0.30750000,2884.00000000,60499669,60499669,1782865539955025,True,True
24747691,0.30750000,482.60000000,60499670,60499670,1782865539961972,True,True
24747692,0.30750000,342.20000000,60499671,60499671,1782865539962578,True,True
24747693,0.30740000,1797.80000000,60499672,60499673,1782865539962578,True,True
24747694,0.30740000,3457.30000000,60499674,60499677,1782865540018432,True,True
24747695,0.30740000,1874.40000000,60499678,60499680,1782865540018768,True,True
24747696,0.30750000,3007.50000000,60499681,60499684,1782865540033887,False,True
24747697,0.30750000,462.50000000,60499685,60499685,1782865540071414,False,True
24747698,0.30740000,374.80000000,60499686,60499686,1782865540175785,True,True
24747699,0.30740000,463.20000000,60499687,60499687,1782865540285125,False,True
24747700,0.30740000,1020.00000000,60499688,60499688,1782865540409283,False,True
24747701,0.30740000,94.10000000,60499689,60499689,1782865540411249,False,True
24747702,0.30740000,556.30000000,60499690,60499691,1782865540549483,False,True
24747703,0.30750000,6230.00000000,60499692,60499702,1782865540549483,False,True
24747704,0.30760000,41.20000000,60499703,60499704,1782865547707324,False,True
24747705,0.30770000,39.20000000,60499705,60499706,1782865548294036,False,True
24747706,0.30770000,95.00000000,60499707,60499707,1782865550776647,True,True
24747707,0.30770000,272.60000000,60499708,60499708,1782865554586007,True,True
24747708,0.30770000,273.30000000,60499709,60499710,1782865561638893,False,True
24747709,0.30770000,1500.80000000,60499711,60499714,1782865562170728,True,True
24747710,0.30770000,339.90000000,60499715,60499715,1782865562172125,True,True
24747711,0.30760000,1877.10000000,60499716,60499721,1782865562172125,True,True
24747712,0.30760000,2285.00000000,60499722,60499723,1782865562172923,True,True
24747713,0.30760000,1803.70000000,60499724,60499726,1782865562181904,True,True
24747714,0.30760000,197.50000000,60499727,60499727,1782865562181975,True,True
24747715,0.30760000,540.00000000,60499728,60499728,1782865562269670,False,True
24747716,0.30760000,16.30000000,60499729,60499729,1782865562884459,False,True
24747717,0.30770000,16.80000000,60499730,60499730,1782865575149937,False,True
24747718,0.30780000,60.90000000,60499731,60499731,1782865575586557,False,True
24747719,0.30770000,790.20000000,60499732,60499733,1782865581667411,True,True
24747720,0.30770000,427.80000000,60499734,60499735,1782865581667888,True,True
24747721,0.30760000,24.40000000,60499736,60499737,1782865582028545,True,True
24747722,0.30760000,1916.00000000,60499738,60499740,1782865582033039,True,True
24747723,0.30760000,358.00000000,60499741,60499742,1782865582033542,True,True
24747724,0.30760000,247.70000000,60499743,60499743,1782865599868459,False,True
24747725,0.30760000,108.00000000,60499744,60499744,1782865605960963,True,True
24747726,0.30750000,738.00000000,60499745,60499747,1782865618298312,True,True
24747727,0.30750000,717.30000000,60499748,60499750,1782865620746230,False,True
24747728,0.30760000,281.40000000,60499751,60499752,1782865626999165,False,True
24747729,0.30770000,83.50000000,60499753,60499756,1782865633532772,False,True
24747730,0.30780000,75.40000000,60499757,60499760,1782865636346921,False,True
24747731,0.30790000,66.50000000,60499761,60499763,1782865641956739,False,True
24747732,0.30790000,318.30000000,60499764,60499765,1782865650343910,True,True
24747733,0.30770000,256.40000000,60499766,60499766,1782865650390074,True,True
24747734,0.30770000,256.40000000,60499767,60499767,1782865650390095,True,True
24747735,0.30770000,410.20000000,60499768,60499768,1782865650390125,True,True
24747736,0.30770000,410.10000000,60499769,60499771,1782865650390192,True,True
24747737,0.30770000,256.40000000,60499772,60499772,1782865650390228,True,True
24747738,0.30770000,410.10000000,60499773,60499774,1782865650390245,True,True
24747739,0.30770000,256.40000000,60499775,60499775,1782865650390474,True,True
24747740,0.30770000,410.10000000,60499776,60499776,1782865650390491,True,True
24747741,0.30770000,256.40000000,60499777,60499777,1782865650390714,True,True
24747742,0.30770000,256.40000000,60499778,60499778,1782865650390744,True,True
24747743,0.30770000,1062.60000000,60499779,60499783,1782865650390944,True,True
24747744,0.30770000,65.10000000,60499784,60499784,1782865650410047,True,True
24747745,0.30770000,65.10000000,60499785,60499785,1782865650411106,True,True
24747746,0.30780000,519.80000000,60499786,60499787,1782865669692398,False,True
24747747,0.30770000,2997.30000000,60499788,60499791,1782865671693502,True,True
24747748,0.30760000,8983.80000000,60499792,60499804,1782865671693502,True,True
24747749,0.30750000,4259.80000000,60499805,60499808,1782865671693502,True,True
24747750,0.30760000,649.90000000,60499809,60499809,1782865671695815,False,True
24747751,0.30760000,633.80000000,60499810,60499810,1782865671696626,False,True
24747752,0.30770000,273.30000000,60499811,60499812,1782865673508323,False,True
24747753,0.30770000,451.40000000,60499813,60499815,1782865679343036,True,True
24747754,0.30780000,1975.70000000,60499816,60499819,1782865691705164,False,True
24747755,0.30790000,2473.10000000,60499820,60499829,1782865695182351,False,True
24747756,0.30790000,2342.60000000,60499830,60499836,1782865735627185,True,True
24747757,0.30780000,1519.90000000,60499837,60499840,1782865735627185,True,True
24747758,0.30790000,52.20000000,60499841,60499841,1782865765431503,True,True
24747759,0.30800000,1525.40000000,60499842,60499842,1782865769439779,False,True
24747760,0.30800000,118.90000000,60499843,60499846,1782865786137673,False,True
24747761,0.30800000,450.40000000,60499847,60499848,1782865796540996,True,True
24747762,0.30800000,37.00000000,60499849,60499849,1782865802879636,True,True
24747763,0.30800000,64.80000000,60499850,60499850,1782865829867479,True,True
24747764,0.30810000,151.20000000,60499851,60499857,1782865835179874,False,True
24747765,0.30810000,285.10000000,60499858,60499860,1782865836975348,True,True
24747766,0.30820000,101.20000000,60499861,60499865,1782865838186050,False,True
24747767,0.30830000,83.40000000,60499866,60499869,1782865838415030,False,True
24747768,0.30830000,658.20000000,60499870,60499870,1782865838681296,True,True
24747769,0.30840000,260.20000000,60499871,60499877,1782865844716193,False,True
24747770,0.30840000,378.20000000,60499878,60499879,1782865847101998,True,True
24747771,0.30840000,1920.80000000,60499880,60499881,1782865851277096,False,True
24747772,0.30850000,4867.70000000,60499882,60499888,1782865853003740,False,True
24747773,0.30860000,92.10000000,60499889,60499893,1782865860597784,False,True
24747774,0.30870000,120.40000000,60499894,60499899,1782865861954477,False,True
24747775,0.30880000,1268.90000000,60499900,60499906,1782865865038274,False,True
24747776,0.30880000,1403.40000000,60499907,60499911,1782865865041274,False,True
24747777,0.30880000,16.20000000,60499912,60499912,1782865866081451,False,True
24747778,0.30890000,1011.70000000,60499913,60499917,1782865866310064,False,True
24747779,0.30890000,110.70000000,60499918,60499918,1782865866603762,True,True
24747780,0.30900000,139.90000000,60499919,60499924,1782865870601485,False,True
24747781,0.30910000,99.30000000,60499925,60499929,1782865870875725,False,True
24747782,0.30920000,58.90000000,60499930,60499932,1782865871264104,False,True
24747783,0.30930000,83.60000000,60499933,60499936,1782865872510735,False,True
24747784,0.30930000,962.50000000,60499937,60499940,1782865873316586,True,True
24747785,0.30930000,689.00000000,60499941,60499941,1782865873414485,True,True
24747786,0.30930000,137.80000000,60499942,60499942,1782865873460097,True,True
24747787,0.30920000,16.20000000,60499943,60499943,1782865875080139,True,True
24747788,0.30910000,1359.50000000,60499944,60499945,1782865877701295,True,True
24747789,0.30900000,1247.00000000,60499946,60499950,1782865879489075,True,True
24747790,0.30900000,468.10000000,60499951,60499952,1782865879491017,True,True
24747791,0.30890000,2142.10000000,60499953,60499955,1782865883336864,True,True
24747792,0.30900000,970.20000000,60499956,60499958,1782865886931184,False,True
24747793,0.30900000,2238.20000000,60499959,60499962,1782865890794256,False,True
24747794,0.30900000,477.80000000,60499963,60499965,1782865892567561,True,True
24747795,0.30900000,95.50000000,60499966,60499966,1782865892570965,True,True
24747796,0.30900000,111.80000000,60499967,60499968,1782865894043028,True,True
24747797,0.30890000,965.30000000,60499969,60499971,1782865897342579,True,True
24747798,0.30890000,209.20000000,60499972,60499973,1782865897345258,True,True
24747799,0.30880000,620.10000000,60499974,60499977,1782865905359713,True,True
24747800,0.30870000,6345.20000000,60499978,60499988,1782865905359713,True,True
24747801,0.30860000,10559.20000000,60499989,60500000,1782865905359713,True,True
24747802,0.30860000,17.90000000,60500001,60500001,1782865905361891,True,True
24747803,0.30870000,531.30000000,60500002,60500002,1782865905368308,False,True
24747804,0.30880000,704.60000000,60500003,60500004,1782865906364737,False,True
24747805,0.30880000,1534.60000000,60500005,60500006,1782865906366038,False,True
24747806,0.30880000,257.00000000,60500007,60500007,1782865906366338,False,True
24747807,0.30890000,75.10000000,60500008,60500011,1782865908176979,False,True
24747808,0.30890000,16.20000000,60500012,60500012,1782865908226988,False,True
24747809,0.30890000,236.50000000,60500013,60500013,1782865910077742,True,True
24747810,0.30890000,432.90000000,60500014,60500014,1782865912031396,True,True
24747811,0.30880000,132.60000000,60500015,60500015,1782865912033690,True,True
24747812,0.30880000,132.60000000,60500016,60500016,1782865912034096,True,True
24747813,0.30870000,911.70000000,60500017,60500022,1782865941691580,True,True
24747814,0.30870000,16.10000000,60500023,60500023,1782865941976636,False,True
24747815,0.30870000,16.20000000,60500024,60500024,1782865950361689,False,True
24747816,0.30880000,1407.10000000,60500025,60500030,1782865952099684,False,True
24747817,0.30880000,533.30000000,60500031,60500032,1782865952099857,False,True
24747818,0.30890000,356.40000000,60500033,60500038,1782865952358223,False,True
24747819,0.30890000,273.20000000,60500039,60500040,1782865953325017,False,True
24747820,0.30900000,50.70000000,60500041,60500043,1782865956186819,False,True
24747821,0.30900000,182.20000000,60500044,60500046,1782865962343134,True,True
24747822,0.30890000,36.30000000,60500047,60500047,1782865962346058,True,True
24747823,0.30890000,36.30000000,60500048,60500048,1782865962346097,True,True
24747824,0.30890000,16.20000000,60500049,60500049,1782865964359487,True,True
24747825,0.30900000,4854.30000000,60500050,60500055,1782865972779148,False,True
24747826,0.30900000,37.10000000,60500056,60500057,1782865975745782,False,True
24747827,0.30910000,356.30000000,60500058,60500063,1782865981081573,False,True
24747828,0.30910000,260.50000000,60500064,60500064,1782865987967713,True,True
24747829,0.30900000,858.30000000,60500065,60500065,1782865992290679,True,True
24747830,0.30910000,218.10000000,60500066,60500067,1782866016221513,False,True
24747831,0.30920000,206.60000000,60500068,60500072,1782866017413499,False,True
24747832,0.30920000,16.20000000,60500073,60500073,1782866017414940,False,True
24747833,0.30930000,100.10000000,60500074,60500078,1782866023892291,False,True
24747834,0.30930000,69.60000000,60500079,60500079,1782866046433760,True,True
24747835,0.30930000,16.20000000,60500080,60500080,1782866046669875,True,True
24747836,0.30930000,575.30000000,60500081,60500083,1782866050412203,True,True
24747837,0.30930000,26.20000000,60500084,60500085,1782866062030506,True,True
24747838,0.30940000,19.50000000,60500086,60500086,1782866079314142,False,True
24747839,0.30930000,845.20000000,60500087,60500089,1782866109098182,True,True
24747840,0.30930000,16.20000000,60500090,60500090,1782866109844774,False,True
24747841,0.30930000,432.90000000,60500091,60500091,1782866112307780,True,True
24747842,0.30920000,1050.10000000,60500092,60500094,1782866123062609,True,True
24747843,0.30910000,1647.10000000,60500095,60500097,1782866128004060,True,True
24747844,0.30910000,218.60000000,60500098,60500099,1782866128346947,True,True
24747845,0.30900000,187.20000000,60500100,60500102,1782866133750511,True,True
24747846,0.30900000,187.20000000,60500103,60500103,1782866133750624,True,True
24747847,0.30900000,187.20000000,60500104,60500104,1782866133750633,True,True
24747848,0.30900000,309.50000000,60500105,60500105,1782866133750651,True,True
24747849,0.30890000,187.20000000,60500106,60500106,1782866133750655,True,True
24747850,0.30890000,117.00000000,60500107,60500107,1782866133750662,True,True
24747851,0.30890000,117.00000000,60500108,60500108,1782866133750713,True,True
24747852,0.30890000,117.00000000,60500109,60500109,1782866133750759,True,True
24747853,0.30890000,187.20000000,60500110,60500111,1782866133750794,True,True
24747854,0.30890000,117.00000000,60500112,60500112,1782866133750910,True,True
24747855,0.30890000,187.20000000,60500113,60500113,1782866133750930,True,True
24747856,0.30890000,117.00000000,60500114,60500114,1782866133751002,True,True
24747857,0.30890000,117.00000000,60500115,60500115,1782866133751172,True,True
24747858,0.30890000,117.00000000,60500116,60500116,1782866133751192,True,True
24747859,0.30890000,64.80000000,60500117,60500117,1782866133751194,True,True
24747860,0.30890000,64.80000000,60500118,60500118,1782866133751312,True,True
24747861,0.30890000,64.80000000,60500119,60500119,1782866133751333,True,True
24747862,0.30890000,64.80000000,60500120,60500120,1782866133751356,True,True
24747863,0.30890000,58.90000000,60500121,60500123,1782866133752095,True,True
24747864,0.30880000,5.90000000,60500124,60500124,1782866133752095,True,True
24747865,0.30880000,64.80000000,60500125,60500125,1782866133752536,True,True
24747866,0.30880000,64.80000000,60500126,60500126,1782866133752591,True,True
24747867,0.30880000,64.80000000,60500127,60500127,1782866133752659,True,True
24747868,0.30880000,64.80000000,60500128,60500129,1782866133752678,True,True
24747869,0.30880000,64.80000000,60500130,60500130,1782866133752838,True,True
24747870,0.30880000,64.80000000,60500131,60500131,1782866133768428,True,True
24747871,0.30880000,64.80000000,60500132,60500132,1782866133768999,True,True
24747872,0.30880000,64.80000000,60500133,60500133,1782866133769765,True,True
24747873,0.30880000,64.80000000,60500134,60500134,1782866133771134,True,True
24747874,0.30880000,64.80000000,60500135,60500135,1782866133771600,True,True
24747875,0.30880000,64.80000000,60500136,60500136,1782866133771759,True,True
24747876,0.30880000,64.80000000,60500137,60500137,1782866133772463,True,True
24747877,0.30880000,64.80000000,60500138,60500138,1782866133787632,True,True
24747878,0.30890000,51.40000000,60500139,60500139,1782866138670133,True,True
24747879,0.30890000,308.40000000,60500140,60500141,1782866143095176,True,True
24747880,0.30900000,20.40000000,60500142,60500142,1782866193316462,False,True
24747881,0.30900000,72.80000000,60500143,60500145,1782866203402758,False,True
24747882,0.30910000,639.30000000,60500146,60500151,1782866224749601,False,True
24747883,0.30920000,533.10000000,60500152,60500156,1782866245622017,False,True
24747884,0.30930000,99.30000000,60500157,60500161,1782866284543947,False,True
24747885,0.30940000,129.00000000,60500162,60500166,1782866292321770,False,True
24747886,0.30940000,25.40000000,60500167,60500167,1782866296378472,True,True
24747887,0.30950000,98.50000000,60500168,60500172,1782866301860170,False,True
24747888,0.30950000,1006.20000000,60500173,60500177,1782866312582626,True,True
24747889,0.30940000,27.50000000,60500178,60500178,1782866314316193,True,True
24747890,0.30940000,1625.50000000,60500179,60500181,1782866322958890,True,True
24747891,0.30930000,135.00000000,60500182,60500184,1782866323466980,True,True
24747892,0.30930000,499.20000000,60500185,60500185,1782866325939901,True,True
24747893,0.30930000,132.40000000,60500186,60500186,1782866325946156,True,True
24747894,0.30930000,132.40000000,60500187,60500187,1782866325946247,True,True
24747895,0.30930000,16.20000000,60500188,60500188,1782866325947617,True,True
24747896,0.30920000,828.40000000,60500189,60500191,1782866335285214,True,True
24747897,0.30910000,175.40000000,60500192,60500192,1782866335285405,True,True
24747898,0.30910000,109.70000000,60500193,60500193,1782866335285486,True,True
24747899,0.30910000,109.70000000,60500194,60500194,1782866335285607,True,True
24747900,0.30910000,175.40000000,60500195,60500197,1782866335285627,True,True
24747901,0.30910000,28.60000000,60500198,60500199,1782866335285633,True,True
24747902,0.30900000,81.10000000,60500200,60500200,1782866335285633,True,True
24747903,0.30900000,64.80000000,60500201,60500201,1782866335285660,True,True
24747904,0.30900000,175.40000000,60500202,60500203,1782866335285701,True,True
24747905,0.30900000,109.70000000,60500204,60500204,1782866335285867,True,True
24747906,0.30900000,64.80000000,60500205,60500205,1782866335285886,True,True
24747907,0.30900000,64.80000000,60500206,60500206,1782866335285918,True,True
24747908,0.30900000,64.80000000,60500207,60500207,1782866335285964,True,True
24747909,0.30900000,64.80000000,60500208,60500208,1782866335286003,True,True
24747910,0.30900000,64.80000000,60500209,60500209,1782866335286041,True,True
24747911,0.30900000,64.80000000,60500210,60500210,1782866335286080,True,True
24747912,0.30900000,64.80000000,60500211,60500211,1782866335286256,True,True
24747913,0.30900000,64.80000000,60500212,60500212,1782866335287128,True,True
24747914,0.30900000,64.80000000,60500213,60500213,1782866335287157,True,True
24747915,0.30900000,64.80000000,60500214,60500214,1782866335304967,True,True
24747916,0.30900000,64.80000000,60500215,60500215,1782866335306189,True,True
24747917,0.30900000,64.80000000,60500216,60500216,1782866335308047,True,True
24747918,0.30900000,64.80000000,60500217,60500217,1782866335308166,True,True
24747919,0.30900000,64.80000000,60500218,60500218,1782866335308186,True,True
24747920,0.30900000,64.80000000,60500219,60500219,1782866335308197,True,True
24747921,0.30900000,64.80000000,60500220,60500220,1782866335309581,True,True
24747922,0.30900000,64.80000000,60500221,60500221,1782866335311031,True,True
24747923,0.30920000,16.70000000,60500222,60500222,1782866351943580,False,True
24747924,0.30920000,314.00000000,60500223,60500224,1782866371336206,True,True
24747925,0.30920000,62.80000000,60500225,60500225,1782866371338907,True,True
24747926,0.30920000,16.20000000,60500226,60500226,1782866371339099,True,True
24747927,0.30920000,1539.70000000,60500227,60500230,1782866382001403,False,True
24747928,0.30910000,51.40000000,60500231,60500232,1782866409045450,True,True
24747929,0.30910000,32.20000000,60500233,60500233,1782866409045453,True,True
24747930,0.30910000,51.40000000,60500234,60500234,1782866409045465,True,True
24747931,0.30910000,51.40000000,60500235,60500235,1782866409045532,True,True
24747932,0.30910000,32.20000000,60500236,60500236,1782866409045535,True,True
24747933,0.30910000,51.40000000,60500237,60500237,1782866409045538,True,True
24747934,0.30910000,32.20000000,60500238,60500238,1782866409045600,True,True
24747935,0.30910000,32.20000000,60500239,60500239,1782866409045608,True,True
24747936,0.30910000,32.20000000,60500240,60500240,1782866409045673,True,True
24747937,0.30910000,51.40000000,60500241,60500241,1782866409045704,True,True
24747938,0.30910000,32.20000000,60500242,60500242,1782866409045708,True,True
24747939,0.30910000,51.40000000,60500243,60500243,1782866409045731,True,True
24747940,0.30910000,32.20000000,60500244,60500244,1782866409045960,True,True
24747941,0.30910000,32.20000000,60500245,60500245,1782866409046029,True,True
24747942,0.30910000,64.80000000,60500246,60500246,1782866409046409,True,True
24747943,0.30910000,64.80000000,60500247,60500247,1782866409067334,True,True
24747944,0.30910000,356.80000000,60500248,60500249,1782866409195756,True,True
24747945,0.30910000,366.50000000,60500250,60500253,1782866416376113,True,True
24747946,0.30910000,73.30000000,60500254,60500254,1782866416378792,True,True
24747947,0.30910000,70.80000000,60500255,60500257,1782866421000925,True,True
24747948,0.30920000,65.30000000,60500258,60500260,1782866441770684,False,True
24747949,0.30920000,132.50000000,60500261,60500262,1782866463089408,True,True
24747950,0.30920000,132.50000000,60500263,60500263,1782866463089543,True,True
24747951,0.30920000,16.20000000,60500264,60500264,1782866463867493,True,True
24747952,0.30920000,334.10000000,60500265,60500265,1782866479565634,False,True
24747953,0.30910000,870.10000000,60500266,60500267,1782866481564585,True,True
24747954,0.30910000,1326.30000000,60500268,60500268,1782866481564748,True,True
24747955,0.30910000,1292.40000000,60500269,60500271,1782866481564884,True,True
24747956,0.30900000,722.70000000,60500272,60500277,1782866481573129,True,True
24747957,0.30900000,529.50000000,60500278,60500278,1782866481666369,True,True
24747958,0.30900000,339.30000000,60500279,60500280,1782866481667652,True,True
24747959,0.30900000,348.40000000,60500281,60500282,1782866481671456,True,True
24747960,0.30900000,2181.00000000,60500283,60500283,1782866490629007,False,True
24747961,0.30910000,24.30000000,60500284,60500284,1782866513201548,False,True
24747962,0.30910000,420.30000000,60500285,60500286,1782866521244139,True,True
24747963,0.30920000,75.00000000,60500287,60500290,1782866539496910,False,True
24747964,0.30920000,418.00000000,60500291,60500293,1782866556605365,True,True
24747965,0.30920000,426.80000000,60500294,60500295,1782866615360635,True,True
24747966,0.30910000,5176.50000000,60500296,60500302,1782866621822952,True,True
24747967,0.30910000,2506.00000000,60500303,60500303,1782866637677224,False,True
24747968,0.30910000,2129.00000000,60500304,60500304,1782866637678698,False,True
24747969,0.30910000,487.40000000,60500305,60500305,1782866637679811,False,True
24747970,0.30920000,26.80000000,60500306,60500306,1782866646633256,False,True
24747971,0.30920000,192.80000000,60500307,60500307,1782866673035379,False,True
24747972,0.30920000,22.60000000,60500308,60500308,1782866686850313,False,True
24747973,0.30910000,408.00000000,60500309,60500310,1782866706629725,True,True
24747974,0.30910000,539.50000000,60500311,60500313,1782866717785122,True,True
24747975,0.30900000,111.90000000,60500314,60500314,1782866718650232,True,True
24747976,0.30900000,399.80000000,60500315,60500320,1782866737397428,True,True
24747977,0.30900000,412.30000000,60500321,60500321,1782866738696622,True,True
24747978,0.30920000,32.80000000,60500322,60500322,1782866741852802,False,True
24747979,0.30910000,175.60000000,60500323,60500325,1782866746589497,True,True
24747980,0.30910000,202.40000000,60500326,60500326,1782866755102240,True,True
24747981,0.30920000,16.70000000,60500327,60500327,1782866765208480,False,True
24747982,0.30920000,184.00000000,60500328,60500331,1782866765723989,True,True
24747983,0.30920000,370.10000000,60500332,60500334,1782866765916140,True,True
24747984,0.30920000,267.20000000,60500335,60500335,1782866766110514,True,True
24747985,0.30920000,133.50000000,60500336,60500337,1782866766513167,True,True
24747986,0.30920000,336.80000000,60500338,60500340,1782866766744513,True,True
24747987,0.30920000,243.80000000,60500341,60500341,1782866767319573,True,True
24747988,0.30920000,121.90000000,60500342,60500344,1782866767521666,True,True
24747989,0.30920000,331.00000000,60500345,60500346,1782866768513535,True,True
24747990,0.30920000,241.40000000,60500347,60500347,1782866768746195,True,True
24747991,0.30920000,120.70000000,60500348,60500350,1782866769116901,True,True
24747992,0.30920000,676.80000000,60500351,60500353,1782866769318586,True,True
24747993,0.30920000,948.50000000,60500354,60500357,1782866769346148,True,True
24747994,0.30910000,317.30000000,60500358,60500358,1782866769346148,True,True
24747995,0.30920000,32.60000000,60500359,60500359,1782866778811144,True,True
24747996,0.30920000,453.50000000,60500360,60500361,1782866782416469,True,True
24747997,0.30910000,1352.90000000,60500362,60500363,1782866786364414,True,True
24747998,0.30920000,57.20000000,60500364,60500366,1782866828653084,False,True
24747999,0.30920000,124.20000000,60500367,60500368,1782866835294489,True,True
24748000,0.30910000,706.30000000,60500369,60500370,1782866888100197,True,True
24748001,0.30920000,323.40000000,60500371,60500371,1782866927108175,False,True
24748002,0.30920000,41.00000000,60500372,60500373,1782866932942982,False,True
24748003,0.30920000,1036.30000000,60500374,60500378,1782866940620986,True,True
24748004,0.30920000,476.20000000,60500379,60500381,1782866961032450,True,True
24748005,0.30920000,63.90000000,60500382,60500382,1782866990085098,False,True
24748006,0.30930000,43.30000000,60500383,60500385,1782867004368121,False,True
24748007,0.30920000,5038.70000000,60500386,60500391,1782867017167940,True,True
24748008,0.30920000,1641.60000000,60500392,60500392,1782867017169006,False,True
24748009,0.30920000,4606.90000000,60500393,60500393,1782867017170407,False,True
24748010,0.30930000,24.30000000,60500394,60500394,1782867024954047,False,True
24748011,0.30940000,34.50000000,60500395,60500396,1782867052326427,False,True
24748012,0.30940000,178.10000000,60500397,60500398,1782867073399993,True,True
24748013,0.30940000,214.90000000,60500399,60500399,1782867073400022,True,True
24748014,0.30940000,78.60000000,60500400,60500400,1782867073401479,True,True
24748015,0.30950000,34.50000000,60500401,60500402,1782867105342877,False,True
24748016,0.30960000,57.00000000,60500403,60500405,1782867111143034,False,True
24748017,0.30970000,83.10000000,60500406,60500410,1782867119982186,False,True
24748018,0.30980000,93.10000000,60500411,60500414,1782867138941488,False,True
24748019,0.30990000,732.00000000,60500415,60500422,1782867142746372,False,True
24748020,0.30990000,147.00000000,60500423,60500423,1782867142764499,True,True
24748021,0.30990000,142.50000000,60500424,60500424,1782867142892225,True,True
24748022,0.30990000,110.30000000,60500425,60500427,1782867148059385,True,True
24748023,0.30990000,3.50000000,60500428,60500428,1782867148061011,True,True
24748024,0.30990000,21.20000000,60500429,60500429,1782867148188787,False,True
24748025,0.30990000,1001.30000000,60500430,60500432,1782867148346824,True,True
24748026,0.30980000,2181.00000000,60500433,60500437,1782867148350076,True,True
24748027,0.30980000,444.50000000,60500438,60500438,1782867148350188,True,True
24748028,0.30980000,38.70000000,60500439,60500439,1782867152860107,False,True
24748029,0.30980000,477.50000000,60500440,60500441,1782867159882752,False,True
24748030,0.30980000,1767.00000000,60500442,60500443,1782867160112158,True,True
24748031,0.30980000,793.50000000,60500444,60500446,1782867160112485,True,True
24748032,0.30990000,32.80000000,60500447,60500448,1782867164066155,False,True
24748033,0.31000000,24.20000000,60500449,60500450,1782867164320819,False,True
24748034,0.31000000,24.20000000,60500451,60500452,1782867164320820,False,True
24748035,0.31000000,24.20000000,60500453,60500453,1782867164320830,False,True
24748036,0.31000000,978.90000000,60500454,60500457,1782867164813180,False,True
24748037,0.31000000,1336.30000000,60500458,60500461,1782867167641614,True,True
24748038,0.30990000,2181.00000000,60500462,60500465,1782867167733201,True,True
24748039,0.30990000,236.30000000,60500466,60500466,1782867167733343,True,True
24748040,0.31000000,32.80000000,60500467,60500468,1782867177929359,False,True
24748041,0.31000000,343.70000000,60500469,60500469,1782867179376094,True,True
24748042,0.31000000,740.40000000,60500470,60500472,1782867180665553,True,True
24748043,0.30990000,284.20000000,60500473,60500475,1782867181158989,True,True
24748044,0.30990000,1859.10000000,60500476,60500476,1782867181160665,True,True
24748045,0.31000000,32.80000000,60500477,60500478,1782867192820418,False,True
24748046,0.31000000,414.20000000,60500479,60500480,1782867198608043,True,True
24748047,0.31000000,1696.10000000,60500481,60500484,1782867198818074,False,True
24748048,0.31010000,744.10000000,60500485,60500488,1782867198986871,False,True
24748049,0.31010000,1001.00000000,60500489,60500490,1782867203401919,False,True
24748050,0.31000000,273.20000000,60500491,60500492,1782867207568123,True,True
24748051,0.31000000,54.60000000,60500493,60500493,1782867208296922,True,True
24748052,0.30990000,815.60000000,60500494,60500495,1782867218576208,True,True
24748053,0.30990000,42.00000000,60500496,60500496,1782867219033458,False,True
24748054,0.30990000,928.00000000,60500497,60500500,1782867247648919,True,True
24748055,0.30990000,1040.00000000,60500501,60500501,1782867247649196,True,True
24748056,0.30990000,1467.00000000,60500502,60500503,1782867247649660,True,True
24748057,0.30990000,2427.00000000,60500504,60500504,1782867247649715,True,True
24748058,0.30990000,1058.00000000,60500505,60500505,1782867251790302,True,True
24748059,0.30990000,142.80000000,60500506,60500507,1782867251791387,True,True
24748060,0.30980000,781.00000000,60500508,60500511,1782867253849494,True,True
24748061,0.30980000,16.20000000,60500512,60500512,1782867253851401,True,True
24748062,0.30970000,646.10000000,60500513,60500515,1782867259843573,True,True
24748063,0.30970000,606.00000000,60500516,60500518,1782867268357047,True,True
24748064,0.30970000,249.60000000,60500519,60500520,1782867287279300,True,True
24748065,0.30970000,16.20000000,60500521,60500521,1782867302690454,False,True
24748066,0.30980000,16.70000000,60500522,60500522,1782867315721611,False,True
24748067,0.30990000,135.30000000,60500523,60500526,1782867330840661,False,True
24748068,0.30990000,357.40000000,60500527,60500527,1782867330860469,True,True
24748069,0.30990000,1733.80000000,60500528,60500530,1782867330933398,True,True
24748070,0.31000000,34.40000000,60500531,60500532,1782867360163447,False,True
24748071,0.31010000,249.60000000,60500533,60500533,1782867360168432,False,True
24748072,0.31010000,34.40000000,60500534,60500535,1782867360168629,False,True
24748073,0.31010000,2462.00000000,60500536,60500538,1782867369995156,True,True
24748074,0.31010000,287.90000000,60500539,60500539,1782867369998047,True,True
24748075,0.31010000,287.90000000,60500540,60500540,1782867369998091,True,True
24748076,0.31010000,262.00000000,60500541,60500541,1782867369998187,True,True
24748077,0.31000000,1214.90000000,60500542,60500542,1782867393745384,True,True
24748078,0.31000000,159.10000000,60500543,60500543,1782867432061583,True,True
24748079,0.31010000,2994.20000000,60500544,60500547,1782867460272657,False,True
24748080,0.31010000,2400.00000000,60500548,60500548,1782867465038206,True,True
24748081,0.31010000,2400.00000000,60500549,60500549,1782867465040590,True,True
24748082,0.31010000,2400.00000000,60500550,60500550,1782867465041212,True,True
24748083,0.31010000,2181.00000000,60500551,60500551,1782867492559243,True,True
24748084,0.31010000,4826.10000000,60500552,60500553,1782867492560800,True,True
24748085,0.31010000,532.50000000,60500554,60500554,1782867492561013,True,True
24748086,0.31000000,1259.80000000,60500555,60500555,1782867496479745,True,True
24748087,0.30990000,493.30000000,60500556,60500558,1782867519584123,True,True
24748088,0.30990000,116.70000000,60500559,60500560,1782867523506566,True,True
24748089,0.30980000,595.10000000,60500561,60500563,1782867540684929,True,True
24748090,0.30970000,161.80000000,60500564,60500567,1782867552227951,True,True
24748091,0.30970000,284.60000000,60500568,60500569,1782867552228114,True,True
24748092,0.30970000,284.60000000,60500570,60500570,1782867552228161,True,True
24748093,0.30970000,96.90000000,60500571,60500571,1782867552228194,True,True
24748094,0.30970000,96.90000000,60500572,60500572,1782867552228283,True,True
24748095,0.30970000,30.90000000,60500573,60500573,1782867552228332,True,True
24748096,0.30960000,130.90000000,60500574,60500576,1782867552228332,True,True
24748097,0.30960000,284.60000000,60500577,60500577,1782867552228454,True,True
24748098,0.30960000,284.60000000,60500578,60500578,1782867552228572,True,True
24748099,0.30960000,284.60000000,60500579,60500579,1782867552229199,True,True
24748100,0.30960000,284.70000000,60500580,60500580,1782867552229521,True,True
24748101,0.30960000,32.20000000,60500581,60500581,1782867571660378,True,True
24748102,0.30970000,2076.00000000,60500582,60500590,1782867574173274,False,True
24748103,0.30970000,207.30000000,60500591,60500592,1782867574174988,False,True
24748104,0.30970000,2223.40000000,60500593,60500593,1782867579394542,True,True
24748105,0.30970000,1556.40000000,60500594,60500595,1782867579395748,True,True
24748106,0.30970000,878.10000000,60500596,60500598,1782867592412695,True,True
24748107,0.30980000,35.40000000,60500599,60500600,1782867608623643,False,True
24748108,0.30980000,1362.30000000,60500601,60500608,1782867609009685,False,True
24748109,0.30980000,5088.30000000,60500609,60500615,1782867616969212,True,True
24748110,0.30980000,887.90000000,60500616,60500616,1782867616971810,True,True
24748111,0.30970000,2748.20000000,60500617,60500619,1782867619318017,True,True
24748112,0.30980000,328.80000000,60500620,60500621,1782867651561900,False,True
24748113,0.30970000,605.30000000,60500622,60500624,1782867656199961,True,True
24748114,0.30960000,301.90000000,60500625,60500626,1782867677883444,True,True
24748115,0.30960000,903.70000000,60500627,60500630,1782867692409236,True,True
24748116,0.30950000,1215.60000000,60500631,60500631,1782867707705480,True,True
24748117,0.30960000,35.50000000,60500632,60500632,1782867709604109,False,True
24748118,0.30960000,1941.80000000,60500633,60500634,1782867716207013,False,True
24748119,0.30960000,24.30000000,60500635,60500635,1782867731744010,True,True
24748120,0.30960000,24.30000000,60500636,60500636,1782867731744208,True,True
24748121,0.30960000,880.20000000,60500637,60500638,1782867731744348,True,True
24748122,0.30950000,559.20000000,60500639,60500642,1782867736531647,True,True
24748123,0.30940000,901.80000000,60500643,60500646,1782867745259200,True,True
24748124,0.30930000,477.00000000,60500647,60500651,1782867750933377,True,True
24748125,0.30930000,82.00000000,60500652,60500652,1782867752376081,False,True
24748126,0.30930000,29.00000000,60500653,60500654,1782867805571230,False,True
24748127,0.30920000,132.50000000,60500655,60500659,1782867806478092,True,True
24748128,0.30920000,132.50000000,60500660,60500660,1782867806478258,True,True
24748129,0.30920000,767.30000000,60500661,60500663,1782867807997781,True,True
24748130,0.30910000,857.80000000,60500664,60500668,1782867843102260,True,True
24748131,0.30900000,1041.20000000,60500669,60500675,1782867844373394,True,True
24748132,0.30890000,83.20000000,60500676,60500676,1782867844373394,True,True
24748133,0.30890000,971.80000000,60500677,60500679,1782867855723989,True,True
24748134,0.30880000,431.80000000,60500680,60500682,1782867857706908,True,True
24748135,0.30880000,1805.00000000,60500683,60500691,1782867868619169,False,True
24748136,0.30880000,261.80000000,60500692,60500692,1782867868619232,False,True
24748137,0.30880000,949.00000000,60500693,60500694,1782867874085959,True,True
24748138,0.30870000,1711.40000000,60500695,60500697,1782867874086688,True,True
24748139,0.30870000,949.00000000,60500698,60500699,1782867874088030,True,True
24748140,0.30870000,468.60000000,60500700,60500700,1782867874088141,True,True
24748141,0.30860000,455.40000000,60500701,60500705,1782867877189226,True,True
24748142,0.30860000,669.50000000,60500706,60500706,1782867877495821,True,True
24748143,0.30860000,935.00000000,60500707,60500709,1782867877496129,True,True
24748144,0.30850000,225.20000000,60500710,60500714,1782867888800185,True,True
24748145,0.30850000,274.90000000,60500715,60500716,1782867888800345,True,True
24748146,0.30840000,85.30000000,60500717,60500717,1782867888800345,True,True
24748147,0.30840000,225.20000000,60500718,60500718,1782867888800478,True,True
24748148,0.30840000,225.20000000,60500719,60500719,1782867888800616,True,True
24748149,0.30840000,535.70000000,60500720,60500723,1782867895813558,True,True
24748150,0.30840000,526.60000000,60500724,60500726,1782867900775482,True,True
24748151,0.30830000,505.70000000,60500727,60500729,1782867906558617,True,True
24748152,0.30830000,324.70000000,60500730,60500732,1782867910976895,True,True
24748153,0.30820000,2940.00000000,60500733,60500737,1782867914320872,True,True
24748154,0.30820000,588.00000000,60500738,60500738,1782867914323270,True,True
24748155,0.30810000,597.20000000,60500739,60500742,1782867917105268,True,True
24748156,0.30800000,302.00000000,60500743,60500747,1782867917113826,True,True
24748157,0.30800000,119.50000000,60500748,60500748,1782867917114786,True,True
24748158,0.30800000,302.00000000,60500749,60500752,1782867917115612,True,True
24748159,0.30800000,65.00000000,60500753,60500753,1782867917171362,True,True
24748160,0.30800000,137.10000000,60500754,60500754,1782867921102656,True,True
24748161,0.30790000,809.30000000,60500755,60500758,1782867924304590,True,True
24748162,0.30790000,91.90000000,60500759,60500759,1782867924476666,True,True
24748163,0.30790000,69.90000000,60500760,60500760,1782867924476725,True,True
24748164,0.30790000,271.10000000,60500761,60500761,1782867926159141,False,True
24748165,0.30800000,928.00000000,60500762,60500763,1782867926516451,False,True
24748166,0.30800000,228.70000000,60500764,60500764,1782867926518765,False,True
24748167,0.30800000,897.40000000,60500765,60500767,1782867934501416,True,True
24748168,0.30790000,699.20000000,60500768,60500769,1782867940128100,True,True
24748169,0.30790000,24.40000000,60500770,60500770,1782867951559369,True,True
24748170,0.30790000,24.40000000,60500771,60500771,1782867951559547,True,True
24748171,0.30790000,24.40000000,60500772,60500773,1782867951559804,True,True
24748172,0.30800000,41.20000000,60500774,60500775,1782867952530519,False,True
24748173,0.30810000,166.50000000,60500776,60500778,1782867959843251,False,True
24748174,0.30820000,50.90000000,60500779,60500781,1782867961707305,False,True
24748175,0.30820000,402.40000000,60500782,60500783,1782867964073589,True,True
24748176,0.30830000,1354.80000000,60500784,60500786,1782867979235033,False,True
24748177,0.30820000,99.70000000,60500787,60500787,1782867987159605,True,True
24748178,0.30820000,99.70000000,60500788,60500790,1782867987159774,True,True
24748179,0.30820000,99.70000000,60500791,60500791,1782867987159920,True,True
24748180,0.30820000,99.70000000,60500792,60500792,1782867987159969,True,True
24748181,0.30820000,61.70000000,60500793,60500793,1782867987160020,True,True
24748182,0.30810000,97.70000000,60500794,60500794,1782867987160020,True,True
24748183,0.30810000,122.30000000,60500795,60500795,1782867987160025,True,True
24748184,0.30810000,65.00000000,60500796,60500796,1782867987160046,True,True
24748185,0.30810000,92.10000000,60500797,60500797,1782867987160070,True,True
24748186,0.30810000,92.10000000,60500798,60500798,1782867987160103,True,True
24748187,0.30810000,87.50000000,60500799,60500800,1782867987160184,True,True
24748188,0.30800000,108.20000000,60500801,60500801,1782867987160184,True,True
24748189,0.30800000,65.00000000,60500802,60500802,1782867987160201,True,True
24748190,0.30800000,99.70000000,60500803,60500803,1782867987160204,True,True
24748191,0.30800000,65.00000000,60500804,60500804,1782867987160246,True,True
24748192,0.30800000,65.00000000,60500805,60500805,1782867987160289,True,True
24748193,0.30800000,65.00000000,60500806,60500806,1782867987160297,True,True
24748194,0.30800000,65.00000000,60500807,60500807,1782867987160320,True,True
24748195,0.30800000,65.00000000,60500808,60500809,1782867987160435,True,True
24748196,0.30800000,195.70000000,60500810,60500810,1782867987160440,True,True
24748197,0.30800000,92.10000000,60500811,60500811,1782867987160584,True,True
24748198,0.30800000,99.70000000,60500812,60500812,1782867987161501,True,True
24748199,0.30800000,65.00000000,60500813,60500813,1782867987161529,True,True
24748200,0.30800000,65.00000000,60500814,60500814,1782867987162000,True,True
24748201,0.30800000,65.00000000,60500815,60500815,1782867987162385,True,True
24748202,0.30800000,65.00000000,60500816,60500816,1782867987181072,True,True
24748203,0.30800000,65.00000000,60500817,60500817,1782867987181187,True,True
24748204,0.30800000,65.00000000,60500818,60500818,1782867987181361,True,True
24748205,0.30800000,65.00000000,60500819,60500819,1782867987181748,True,True
24748206,0.30800000,65.00000000,60500820,60500820,1782867987182898,True,True
24748207,0.30800000,65.00000000,60500821,60500821,1782867987184028,True,True
24748208,0.30800000,65.00000000,60500822,60500822,1782867987184523,True,True
24748209,0.30800000,1656.80000000,60500823,60500826,1782867989973252,True,True
24748210,0.30790000,65.00000000,60500827,60500827,1782867990017904,True,True
24748211,0.30790000,65.00000000,60500828,60500828,1782867990027919,True,True
24748212,0.30790000,61.90000000,60500829,60500831,1782867997449683,True,True
24748213,0.30780000,750.00000000,60500832,60500835,1782867998528286,True,True
24748214,0.30780000,959.90000000,60500836,60500837,1782868002688002,False,True
24748215,0.30790000,41.20000000,60500838,60500839,1782868005524314,False,True
24748216,0.30790000,422.70000000,60500840,60500842,1782868005525540,False,True
24748217,0.30790000,728.50000000,60500843,60500844,1782868007208376,True,True
24748218,0.30780000,268.10000000,60500845,60500846,1782868012867943,True,True
24748219,0.30780000,16.30000000,60500847,60500847,1782868012870605,True,True
24748220,0.30770000,1000.00000000,60500848,60500852,1782868014032733,True,True
24748221,0.30770000,1015.10000000,60500853,60500854,1782868018827570,True,True
24748222,0.30770000,1989.00000000,60500855,60500855,1782868021655906,False,True
24748223,0.30770000,1124.00000000,60500856,60500856,1782868021657233,False,True
24748224,0.30770000,1640.00000000,60500857,60500857,1782868021658334,False,True
24748225,0.30770000,3298.00000000,60500858,60500858,1782868021658760,False,True
24748226,0.30770000,1438.00000000,60500859,60500859,1782868021658849,False,True
24748227,0.30770000,2181.00000000,60500860,60500860,1782868021660130,False,True
24748228,0.30760000,1529.50000000,60500861,60500865,1782868023678084,True,True
24748229,0.30770000,263.30000000,60500866,60500868,1782868035314684,False,True
24748230,0.30780000,515.50000000,60500869,60500871,1782868035388796,False,True
24748231,0.30780000,319.40000000,60500872,60500873,1782868036239174,True,True
24748232,0.30780000,16.30000000,60500874,60500874,1782868060345479,False,True
24748233,0.30780000,1019.80000000,60500875,60500878,1782868062692845,True,True
24748234,0.30770000,4659.40000000,60500879,60500883,1782868062692845,True,True
24748235,0.30780000,159.00000000,60500884,60500885,1782868082322570,True,True
24748236,0.30780000,31.80000000,60500886,60500886,1782868082554333,True,True
24748237,0.30770000,851.90000000,60500887,60500889,1782868082710551,True,True
24748238,0.30770000,921.80000000,60500890,60500893,1782868093327167,True,True
24748239,0.30760000,750.70000000,60500894,60500896,1782868097995692,True,True
24748240,0.30760000,454.00000000,60500897,60500897,1782868106356134,False,True
24748241,0.30760000,664.80000000,60500898,60500898,1782868106467970,False,True
24748242,0.30760000,531.80000000,60500899,60500902,1782868106475642,False,True
24748243,0.30760000,50.00000000,60500903,60500903,1782868107198966,False,True
24748244,0.30750000,1140.00000000,60500904,60500906,1782868114114975,True,True
24748245,0.30750000,515.00000000,60500907,60500908,1782868114116609,True,True
24748246,0.30750000,1373.60000000,60500909,60500911,1782868114160786,False,True
24748247,0.30750000,3254.70000000,60500912,60500917,1782868114648314,False,True
24748248,0.30750000,1612.00000000,60500918,60500924,1782868115493540,False,True
24748249,0.30750000,37.00000000,60500925,60500926,1782868115614493,False,True
24748250,0.30760000,3349.40000000,60500927,60500932,1782868121156420,False,True
24748251,0.30750000,975.30000000,60500933,60500936,1782868132270347,True,True
24748252,0.30750000,606.10000000,60500937,60500937,1782868132291529,False,True
24748253,0.30750000,1598.20000000,60500938,60500941,1782868132306616,False,True
24748254,0.30750000,1718.80000000,60500942,60500943,1782868132512424,True,True
24748255,0.30750000,952.70000000,60500944,60500944,1782868132529958,False,True
24748256,0.30750000,2431.80000000,60500945,60500947,1782868132950166,False,True
24748257,0.30760000,2478.70000000,60500948,60500951,1782868133756021,False,True
24748258,0.30760000,451.80000000,60500952,60500954,1782868140503307,True,True
24748259,0.30770000,420.60000000,60500955,60500959,1782868146491926,False,True
24748260,0.30770000,355.60000000,60500960,60500961,1782868150048248,False,True
24748261,0.30770000,2044.60000000,60500962,60500963,1782868150177880,False,True
24748262,0.30770000,435.10000000,60500964,60500966,1782868155393650,True,True
24748263,0.30760000,65.10000000,60500967,60500967,1782868155405905,True,True
24748264,0.30760000,65.10000000,60500968,60500968,1782868155418130,True,True
24748265,0.30760000,65.10000000,60500969,60500969,1782868155424490,True,True
24748266,0.30770000,1216.90000000,60500970,60500972,1782868167046222,False,True
24748267,0.30770000,553.80000000,60500973,60500974,1782868167384730,True,True
24748268,0.30770000,124.30000000,60500975,60500976,1782868169793567,True,True
24748269,0.30760000,181.00000000,60500977,60500978,1782868175607658,True,True
24748270,0.30760000,67.50000000,60500979,60500979,1782868175607930,True,True
24748271,0.30760000,65.10000000,60500980,60500980,1782868175608270,True,True
24748272,0.30760000,65.10000000,60500981,60500981,1782868175608400,True,True
24748273,0.30760000,8.40000000,60500982,60500982,1782868175608535,True,True
24748274,0.30750000,56.70000000,60500983,60500983,1782868175608535,True,True
24748275,0.30750000,65.10000000,60500984,60500984,1782868175630245,True,True
24748276,0.30760000,135.00000000,60500985,60500985,1782868181507031,True,True
24748277,0.30770000,1494.70000000,60500986,60500993,1782868198382753,False,True
24748278,0.30770000,129.40000000,60500994,60500995,1782868200617416,True,True
24748279,0.30770000,56.50000000,60500996,60500997,1782868205513003,True,True
24748280,0.30760000,884.70000000,60500998,60501000,1782868214482359,True,True
24748281,0.30750000,435.30000000,60501001,60501002,1782868214482384,True,True
24748282,0.30750000,35.20000000,60501003,60501003,1782868214482427,True,True
24748283,0.30750000,20.00000000,60501004,60501004,1782868214482494,True,True
24748284,0.30750000,35.20000000,60501005,60501005,1782868214482523,True,True
24748285,0.30750000,35.20000000,60501006,60501006,1782868214482571,True,True
24748286,0.30750000,35.20000000,60501007,60501007,1782868214482591,True,True
24748287,0.30750000,65.10000000,60501008,60501008,1782868214482613,True,True
24748288,0.30750000,65.10000000,60501009,60501009,1782868214482680,True,True
24748289,0.30750000,65.10000000,60501010,60501010,1782868214482770,True,True
24748290,0.30750000,65.10000000,60501011,60501011,1782868214482815,True,True
24748291,0.30750000,35.20000000,60501012,60501012,1782868214482822,True,True
24748292,0.30750000,65.10000000,60501013,60501013,1782868214482842,True,True
24748293,0.30750000,65.10000000,60501014,60501014,1782868214482890,True,True
24748294,0.30750000,65.10000000,60501015,60501015,1782868214483002,True,True
24748295,0.30750000,35.20000000,60501016,60501016,1782868214483046,True,True
24748296,0.30750000,65.10000000,60501017,60501017,1782868214483065,True,True
24748297,0.30750000,65.10000000,60501018,60501018,1782868214483070,True,True
24748298,0.30750000,52.60000000,60501019,60501021,1782868214483598,True,True
24748299,0.30740000,382.70000000,60501022,60501024,1782868214483598,True,True
24748300,0.30740000,65.10000000,60501025,60501025,1782868214484524,True,True
24748301,0.30740000,17.90000000,60501026,60501026,1782868214485186,True,True
24748302,0.30740000,65.10000000,60501027,60501027,1782868214498412,True,True
24748303,0.30740000,65.10000000,60501028,60501028,1782868214501212,True,True
24748304,0.30740000,65.10000000,60501029,60501029,1782868214501340,True,True
24748305,0.30740000,65.10000000,60501030,60501030,1782868214502755,True,True
24748306,0.30740000,65.10000000,60501031,60501031,1782868214503097,True,True
24748307,0.30750000,129.70000000,60501032,60501032,1782868214503760,False,True
24748308,0.30740000,65.10000000,60501033,60501033,1782868214504062,True,True
24748309,0.30740000,65.10000000,60501034,60501034,1782868214505062,True,True
24748310,0.30750000,1740.60000000,60501035,60501037,1782868214659362,False,True
24748311,0.30760000,348.10000000,60501038,60501038,1782868214676065,False,True
24748312,0.30750000,259.30000000,60501039,60501040,1782868215806617,True,True
24748313,0.30740000,44.40000000,60501041,60501042,1782868215813615,True,True
24748314,0.30730000,63.60000000,60501043,60501044,1782868215813615,True,True
24748315,0.30730000,67.50000000,60501045,60501045,1782868215814158,True,True
24748316,0.30730000,67.50000000,60501046,60501046,1782868215814191,True,True
24748317,0.30730000,67.50000000,60501047,60501047,1782868215814921,True,True
24748318,0.30730000,67.50000000,60501048,60501048,1782868215821341,True,True
24748319,0.30730000,67.50000000,60501049,60501049,1782868215822009,True,True
24748320,0.30730000,67.50000000,60501050,60501050,1782868215822163,True,True
24748321,0.30730000,67.50000000,60501051,60501051,1782868215822667,True,True
24748322,0.30730000,325.60000000,60501052,60501054,1782868215822948,True,True
24748323,0.30730000,65.10000000,60501055,60501055,1782868215842607,True,True
24748324,0.30740000,129.70000000,60501056,60501056,1782868215843724,False,True
24748325,0.30730000,65.10000000,60501057,60501057,1782868215848724,True,True
24748326,0.30740000,340.90000000,60501058,60501060,1782868215850674,False,True
24748327,0.30730000,65.10000000,60501061,60501061,1782868215852698,True,True
24748328,0.30730000,65.10000000,60501062,60501062,1782868215858359,True,True
24748329,0.30730000,65.10000000,60501063,60501063,1782868215859334,True,True
24748330,0.30730000,65.10000000,60501064,60501064,1782868215862068,True,True
24748331,0.30730000,65.10000000,60501065,60501065,1782868215865241,True,True
24748332,0.30730000,65.10000000,60501066,60501066,1782868215867435,True,True
24748333,0.30730000,65.10000000,60501067,60501067,1782868215868734,True,True
24748334,0.30730000,65.10000000,60501068,60501068,1782868215870264,True,True
24748335,0.30730000,65.10000000,60501069,60501069,1782868215871881,True,True
24748336,0.30730000,65.10000000,60501070,60501070,1782868215873581,True,True
24748337,0.30730000,65.10000000,60501071,60501071,1782868215879272,True,True
24748338,0.30730000,65.10000000,60501072,60501072,1782868215879533,True,True
24748339,0.30730000,65.10000000,60501073,60501073,1782868215892048,True,True
24748340,0.30730000,65.10000000,60501074,60501074,1782868215892549,True,True
24748341,0.30730000,65.10000000,60501075,60501076,1782868215919911,True,True
24748342,0.30740000,677.60000000,60501077,60501082,1782868215930084,False,True
24748343,0.30740000,943.60000000,60501083,60501084,1782868215959683,False,True
24748344,0.30740000,1017.90000000,60501085,60501086,1782868217150478,True,True
24748345,0.30730000,940.00000000,60501087,60501092,1782868217154519,True,True
24748346,0.30720000,65.10000000,60501093,60501093,1782868217185706,True,True
24748347,0.30720000,65.10000000,60501094,60501094,1782868217186372,True,True
24748348,0.30720000,65.10000000,60501095,60501098,1782868217190887,True,True
24748349,0.30720000,65.10000000,60501099,60501099,1782868217193291,True,True
24748350,0.30720000,65.10000000,60501100,60501100,1782868217196414,True,True
24748351,0.30720000,65.10000000,60501101,60501101,1782868217201002,True,True
24748352,0.30720000,65.10000000,60501102,60501102,1782868217204563,True,True
24748353,0.30720000,65.10000000,60501103,60501103,1782868217205372,True,True
24748354,0.30720000,65.10000000,60501104,60501104,1782868217212645,True,True
24748355,0.30720000,65.10000000,60501105,60501105,1782868217221206,True,True
24748356,0.30720000,65.10000000,60501106,60501106,1782868217223017,True,True
24748357,0.30720000,2222.10000000,60501107,60501112,1782868217243434,True,True
24748358,0.30710000,65.10000000,60501113,60501115,1782868217247034,True,True
24748359,0.30720000,1267.40000000,60501116,60501118,1782868217332427,False,True
24748360,0.30730000,1539.60000000,60501119,60501120,1782868217332427,False,True
24748361,0.30730000,578.80000000,60501121,60501121,1782868217334282,False,True
24748362,0.30730000,1638.20000000,60501122,60501128,1782868217355427,False,True
24748363,0.30730000,262.90000000,60501129,60501129,1782868217356456,False,True
24748364,0.30730000,129.90000000,60501130,60501130,1782868217449528,False,True
24748365,0.30720000,26.00000000,60501131,60501131,1782868219080040,True,True
24748366,0.30720000,103.70000000,60501132,60501132,1782868219080050,True,True
24748367,0.30710000,65.20000000,60501133,60501133,1782868219084420,True,True
24748368,0.30710000,65.20000000,60501134,60501134,1782868219088594,True,True
24748369,0.30710000,65.20000000,60501135,60501135,1782868219091870,True,True
24748370,0.30710000,65.20000000,60501136,60501136,1782868219092224,True,True
24748371,0.30710000,65.20000000,60501137,60501137,1782868219092375,True,True
24748372,0.30710000,65.20000000,60501138,60501138,1782868219094208,True,True
24748373,0.30710000,65.20000000,60501139,60501139,1782868219094482,True,True
24748374,0.30710000,65.20000000,60501140,60501140,1782868219098273,True,True
24748375,0.30710000,65.20000000,60501141,60501141,1782868219103796,True,True
24748376,0.30710000,65.20000000,60501142,60501142,1782868219105323,True,True
24748377,0.30710000,65.20000000,60501143,60501143,1782868219109932,True,True
24748378,0.30710000,65.20000000,60501144,60501144,1782868219110626,True,True
24748379,0.30710000,65.20000000,60501145,60501145,1782868219110781,True,True
24748380,0.30710000,65.20000000,60501146,60501146,1782868219115052,True,True
24748381,0.30710000,193.70000000,60501147,60501147,1782868220438416,True,True
24748382,0.30710000,628.30000000,60501148,60501148,1782868220438622,True,True
24748383,0.30710000,3951.60000000,60501149,60501153,1782868220440690,True,True
24748384,0.30710000,806.60000000,60501154,60501155,1782868220591835,True,True
24748385,0.30710000,100.00000000,60501156,60501156,1782868224134578,False,True
24748386,0.30700000,949.00000000,60501157,60501163,1782868224165549,True,True
24748387,0.30700000,17.90000000,60501164,60501164,1782868224401176,True,True
24748388,0.30690000,2347.20000000,60501165,60501171,1782868225346229,True,True
24748389,0.30690000,943.60000000,60501172,60501172,1782868225381413,False,True
24748390,0.30690000,204.30000000,60501173,60501173,1782868227219303,True,True
24748391,0.30690000,326.90000000,60501174,60501174,1782868227219748,True,True
24748392,0.30690000,65.30000000,60501175,60501175,1782868227219929,True,True
24748393,0.30690000,65.30000000,60501176,60501176,1782868227220008,True,True
24748394,0.30690000,65.30000000,60501177,60501177,1782868227220063,True,True
24748395,0.30690000,65.30000000,60501178,60501178,1782868227220134,True,True
24748396,0.30690000,204.30000000,60501179,60501179,1782868227220245,True,True
24748397,0.30690000,65.30000000,60501180,60501180,1782868227220331,True,True
24748398,0.30690000,65.30000000,60501181,60501181,1782868227220633,True,True
24748399,0.30690000,65.30000000,60501182,60501182,1782868227220924,True,True
24748400,0.30690000,65.30000000,60501183,60501183,1782868227221146,True,True
24748401,0.30690000,65.30000000,60501184,60501184,1782868227221283,True,True
24748402,0.30690000,65.30000000,60501185,60501185,1782868227221352,True,True
24748403,0.30690000,572.90000000,60501186,60501187,1782868227892209,True,True
24748404,0.30690000,3114.20000000,60501188,60501191,1782868227939882,False,True
24748405,0.30680000,65.30000000,60501192,60501193,1782868227941267,True,True
24748406,0.30680000,65.30000000,60501194,60501196,1782868227947180,True,True
24748407,0.30680000,65.30000000,60501197,60501198,1782868227947696,True,True
24748408,0.30680000,65.30000000,60501199,60501199,1782868227948652,True,True
24748409,0.30680000,65.30000000,60501200,60501200,1782868227960711,True,True
24748410,0.30680000,65.30000000,60501201,60501201,1782868227982384,True,True
24748411,0.30680000,65.30000000,60501202,60501202,1782868227987247,True,True
24748412,0.30680000,65.30000000,60501203,60501203,1782868227991703,True,True
24748413,0.30680000,21.40000000,60501204,60501204,1782868227999771,True,True
24748414,0.30680000,65.30000000,60501205,60501205,1782868228005175,True,True
24748415,0.30690000,1248.40000000,60501206,60501208,1782868229132962,False,True
24748416,0.30680000,229.20000000,60501209,60501209,1782868230090876,True,True
24748417,0.30680000,138.70000000,60501210,60501210,1782868230112058,False,True
24748418,0.30680000,1704.30000000,60501211,60501211,1782868230125887,False,True
24748419,0.30680000,1227.20000000,60501212,60501214,1782868230662523,False,True
24748420,0.30680000,32.20000000,60501215,60501215,1782868231089807,True,True
24748421,0.30680000,51.40000000,60501216,60501217,1782868231089817,True,True
24748422,0.30680000,32.20000000,60501218,60501218,1782868231089876,True,True
24748423,0.30680000,43.60000000,60501219,60501219,1782868231089879,True,True
24748424,0.30670000,32.20000000,60501220,60501221,1782868231090080,True,True
24748425,0.30670000,32.20000000,60501222,60501222,1782868231090224,True,True
24748426,0.30670000,65.30000000,60501223,60501223,1782868231090432,True,True
24748427,0.30670000,65.30000000,60501224,60501224,1782868231090477,True,True
24748428,0.30670000,65.30000000,60501225,60501225,1782868231090496,True,True
24748429,0.30670000,65.30000000,60501226,60501226,1782868231090499,True,True
24748430,0.30670000,65.30000000,60501227,60501227,1782868231090612,True,True
24748431,0.30670000,65.30000000,60501228,60501228,1782868231090635,True,True
24748432,0.30670000,65.30000000,60501229,60501229,1782868231090670,True,True
24748433,0.30670000,65.30000000,60501230,60501230,1782868231090934,True,True
24748434,0.30670000,65.30000000,60501231,60501231,1782868231091397,True,True
24748435,0.30670000,65.30000000,60501232,60501232,1782868231092215,True,True
24748436,0.30670000,65.30000000,60501233,60501233,1782868231111297,True,True
24748437,0.30670000,65.30000000,60501234,60501234,1782868231111906,True,True
24748438,0.30670000,65.30000000,60501235,60501235,1782868231112019,True,True
24748439,0.30670000,65.30000000,60501236,60501236,1782868231112024,True,True
24748440,0.30670000,65.30000000,60501237,60501237,1782868231112785,True,True
24748441,0.30670000,65.30000000,60501238,60501238,1782868231114131,True,True
24748442,0.30670000,65.30000000,60501239,60501239,1782868231114875,True,True
24748443,0.30690000,250.00000000,60501240,60501240,1782868231806118,False,True
24748444,0.30680000,65.30000000,60501241,60501242,1782868233330976,True,True
24748445,0.30680000,65.30000000,60501243,60501243,1782868233330992,True,True
24748446,0.30680000,500.10000000,60501244,60501245,1782868233331004,True,True
24748447,0.30670000,65.30000000,60501246,60501246,1782868233331275,True,True
24748448,0.30670000,65.30000000,60501247,60501247,1782868233331342,True,True
24748449,0.30670000,65.30000000,60501248,60501248,1782868233331369,True,True
24748450,0.30670000,65.30000000,60501249,60501249,1782868233331406,True,True
24748451,0.30670000,65.30000000,60501250,60501250,1782868233331412,True,True
24748452,0.30670000,65.30000000,60501251,60501251,1782868233331512,True,True
24748453,0.30670000,65.30000000,60501252,60501252,1782868233331559,True,True
24748454,0.30670000,65.30000000,60501253,60501254,1782868233331599,True,True
24748455,0.30670000,341.50000000,60501255,60501258,1782868233332631,True,True
24748456,0.30670000,65.30000000,60501259,60501259,1782868233345025,True,True
24748457,0.30670000,65.30000000,60501260,60501260,1782868233347677,True,True
24748458,0.30670000,65.30000000,60501261,60501261,1782868233347795,True,True
24748459,0.30670000,65.30000000,60501262,60501262,1782868233348307,True,True
24748460,0.30670000,65.30000000,60501263,60501263,1782868233348438,True,True
24748461,0.30670000,65.30000000,60501264,60501264,1782868233348543,True,True
24748462,0.30670000,65.30000000,60501265,60501265,1782868233348762,True,True
24748463,0.30670000,368.30000000,60501266,60501266,1782868234203352,True,True
24748464,0.30670000,572.60000000,60501267,60501267,1782868234312736,True,True
24748465,0.30670000,384.00000000,60501268,60501269,1782868234312909,True,True
24748466,0.30660000,188.60000000,60501270,60501271,1782868234312909,True,True
24748467,0.30660000,548.10000000,60501272,60501272,1782868234313053,True,True
24748468,0.30660000,548.10000000,60501273,60501276,1782868234313243,True,True
24748469,0.30660000,286.40000000,60501277,60501278,1782868235230207,True,True
24748470,0.30660000,237.70000000,60501279,60501280,1782868235257968,True,True
24748471,0.30650000,97.70000000,60501281,60501281,1782868235265043,True,True
24748472,0.30650000,156.20000000,60501282,60501282,1782868235265363,True,True
24748473,0.30650000,97.70000000,60501283,60501283,1782868235265371,True,True
24748474,0.30650000,97.70000000,60501284,60501286,1782868235265393,True,True
24748475,0.30650000,97.70000000,60501287,60501289,1782868235266476,True,True
24748476,0.30650000,97.70000000,60501290,60501290,1782868235266507,True,True
24748477,0.30650000,65.30000000,60501291,60501291,1782868235282780,True,True
24748478,0.30650000,65.30000000,60501292,60501292,1782868235283250,True,True
24748479,0.30650000,7.00000000,60501293,60501293,1782868235287367,True,True
24748480,0.30640000,58.30000000,60501294,60501296,1782868235287367,True,True
24748481,0.30640000,65.30000000,60501297,60501297,1782868235287408,True,True
24748482,0.30640000,65.30000000,60501298,60501298,1782868235288668,True,True
24748483,0.30640000,65.30000000,60501299,60501299,1782868235291741,True,True
24748484,0.30640000,65.30000000,60501300,60501300,1782868235292554,True,True
24748485,0.30640000,65.30000000,60501301,60501301,1782868235293147,True,True
24748486,0.30640000,65.30000000,60501302,60501302,1782868235296667,True,True
24748487,0.30640000,65.30000000,60501303,60501303,1782868235303674,True,True
24748488,0.30640000,65.30000000,60501304,60501304,1782868235304269,True,True
24748489,0.30640000,65.30000000,60501305,60501307,1782868235316695,True,True
24748490,0.30640000,65.30000000,60501308,60501308,1782868235330012,True,True
24748491,0.30640000,65.30000000,60501309,60501309,1782868235339884,True,True
24748492,0.30640000,65.30000000,60501310,60501310,1782868235341290,True,True
24748493,0.30640000,65.30000000,60501311,60501311,1782868235343152,True,True
24748494,0.30640000,65.30000000,60501312,60501312,1782868235345379,True,True
24748495,0.30650000,318.20000000,60501313,60501314,1782868235540149,True,True
24748496,0.30640000,171.60000000,60501315,60501315,1782868235540149,True,True
24748497,0.30640000,540.00000000,60501316,60501317,1782868238272905,True,True
24748498,0.30640000,326.00000000,60501318,60501319,1782868238356161,True,True
24748499,0.30630000,304.60000000,60501320,60501323,1782868238359958,True,True
24748500,0.30620000,306.40000000,60501324,60501324,1782868238359958,True,True
24748501,0.30620000,611.00000000,60501325,60501330,1782868238360018,True,True
24748502,0.30620000,611.00000000,60501331,60501333,1782868238360021,True,True
24748503,0.30620000,611.00000000,60501334,60501334,1782868238360567,True,True
24748504,0.30620000,105.20000000,60501335,60501335,1782868238361377,True,True
24748505,0.30620000,65.20000000,60501336,60501336,1782868238361503,True,True
24748506,0.30620000,105.20000000,60501337,60501337,1782868238362201,True,True
24748507,0.30620000,65.40000000,60501338,60501338,1782868238362459,True,True
24748508,0.30620000,65.40000000,60501339,60501339,1782868238374208,True,True
24748509,0.30620000,65.40000000,60501340,60501340,1782868238376703,True,True
24748510,0.30620000,65.40000000,60501341,60501342,1782868238378466,True,True
24748511,0.30620000,65.40000000,60501343,60501343,1782868238378642,True,True
24748512,0.30620000,65.40000000,60501344,60501344,1782868238379992,True,True
24748513,0.30620000,65.40000000,60501345,60501345,1782868238382186,True,True
24748514,0.30620000,65.40000000,60501346,60501346,1782868238382698,True,True
24748515,0.30620000,22.30000000,60501347,60501347,1782868238382881,True,True
24748516,0.30620000,43.10000000,60501348,60501348,1782868238384952,True,True
24748517,0.30620000,65.40000000,60501349,60501349,1782868238392897,True,True
24748518,0.30620000,65.40000000,60501350,60501350,1782868238396162,True,True
24748519,0.30620000,65.40000000,60501351,60501351,1782868238397600,True,True
24748520,0.30620000,65.40000000,60501352,60501352,1782868238399463,True,True
24748521,0.30620000,65.40000000,60501353,60501353,1782868238401881,True,True
24748522,0.30620000,65.40000000,60501354,60501354,1782868238402432,True,True
24748523,0.30620000,65.40000000,60501355,60501355,1782868238413340,True,True
24748524,0.30620000,65.40000000,60501356,60501356,1782868238440129,True,True
24748525,0.30620000,540.00000000,60501357,60501357,1782868238878997,True,True
24748526,0.30620000,1734.00000000,60501358,60501358,1782868238882297,True,True
24748527,0.30620000,704.10000000,60501359,60501359,1782868238887077,True,True
24748528,0.30610000,1231.60000000,60501360,60501367,1782868238895889,True,True
24748529,0.30610000,399.00000000,60501368,60501368,1782868238897131,True,True
24748530,0.30600000,388.60000000,60501369,60501374,1782868238897131,True,True
24748531,0.30600000,787.60000000,60501375,60501379,1782868238897502,True,True
24748532,0.30600000,787.60000000,60501380,60501380,1782868238898037,True,True
24748533,0.30600000,28.50000000,60501381,60501381,1782868238898481,True,True
24748534,0.30600000,787.60000000,60501382,60501384,1782868238898804,True,True
24748535,0.30600000,18.00000000,60501385,60501385,1782868238907391,True,True
24748536,0.30610000,1865.00000000,60501386,60501389,1782868238909219,False,True
24748537,0.30600000,65.40000000,60501390,60501390,1782868238910512,True,True
24748538,0.30600000,65.40000000,60501391,60501391,1782868238913768,True,True
24748539,0.30600000,65.40000000,60501392,60501392,1782868238915130,True,True
24748540,0.30600000,65.40000000,60501393,60501393,1782868238918287,True,True
24748541,0.30610000,65.40000000,60501394,60501394,1782868238922786,True,True
24748542,0.30610000,65.40000000,60501395,60501395,1782868238927104,True,True
24748543,0.30610000,65.40000000,60501396,60501396,1782868238932188,True,True
24748544,0.30610000,65.40000000,60501397,60501398,1782868238933257,True,True
24748545,0.30610000,65.40000000,60501399,60501399,1782868238935968,True,True
24748546,0.30610000,65.40000000,60501400,60501400,1782868238936418,True,True
24748547,0.30610000,65.40000000,60501401,60501401,1782868238936867,True,True
24748548,0.30610000,65.40000000,60501402,60501402,1782868238939603,True,True
24748549,0.30610000,65.40000000,60501403,60501403,1782868238942227,True,True
24748550,0.30610000,65.40000000,60501404,60501404,1782868238948656,True,True
24748551,0.30610000,65.40000000,60501405,60501405,1782868238956156,True,True
24748552,0.30610000,65.40000000,60501406,60501406,1782868238975598,True,True
24748553,0.30610000,65.40000000,60501407,60501407,1782868239000192,True,True
24748554,0.30610000,2472.00000000,60501408,60501411,1782868239324999,True,True
24748555,0.30620000,300.00000000,60501412,60501415,1782868240474495,False,True
24748556,0.30620000,159.40000000,60501416,60501417,1782868241370444,True,True
24748557,0.30620000,31.80000000,60501418,60501418,1782868241373293,True,True
24748558,0.30610000,105.70000000,60501419,60501419,1782868241858390,True,True
24748559,0.30610000,66.10000000,60501420,60501420,1782868241858407,True,True
24748560,0.30610000,105.70000000,60501421,60501421,1782868241858428,True,True
24748561,0.30610000,105.70000000,60501422,60501422,1782868241858648,True,True
24748562,0.30610000,790.40000000,60501423,60501423,1782868241858649,True,True
24748563,0.30610000,790.40000000,60501424,60501424,1782868241858652,True,True
24748564,0.30610000,790.40000000,60501425,60501428,1782868241858685,True,True
24748565,0.30610000,105.70000000,60501429,60501429,1782868241858704,True,True
24748566,0.30610000,66.10000000,60501430,60501430,1782868241858732,True,True
24748567,0.30610000,790.40000000,60501431,60501431,1782868241858748,True,True
24748568,0.30610000,105.70000000,60501432,60501433,1782868241858824,True,True
24748569,0.30610000,65.40000000,60501434,60501434,1782868241858949,True,True
24748570,0.30610000,65.40000000,60501435,60501435,1782868241859002,True,True
24748571,0.30610000,65.40000000,60501436,60501436,1782868241859006,True,True
24748572,0.30610000,65.40000000,60501437,60501437,1782868241859096,True,True
24748573,0.30610000,65.40000000,60501438,60501438,1782868241859242,True,True
24748574,0.30610000,65.40000000,60501439,60501439,1782868241860545,True,True
24748575,0.30610000,65.40000000,60501440,60501440,1782868241860642,True,True
24748576,0.30610000,65.40000000,60501441,60501441,1782868241860813,True,True
24748577,0.30610000,65.40000000,60501442,60501443,1782868241860881,True,True
24748578,0.30610000,65.40000000,60501444,60501444,1782868241861253,True,True
24748579,0.30610000,65.40000000,60501445,60501445,1782868241879254,True,True
24748580,0.30610000,65.40000000,60501446,60501446,1782868241881118,True,True
24748581,0.30610000,65.40000000,60501447,60501447,1782868241882054,True,True
24748582,0.30610000,65.40000000,60501448,60501448,1782868241883187,True,True
24748583,0.30610000,65.40000000,60501449,60501449,1782868241884777,True,True
24748584,0.30610000,65.40000000,60501450,60501451,1782868241904009,True,True
24748585,0.30610000,1137.70000000,60501452,60501453,1782868243072022,True,True
24748586,0.30610000,163.30000000,60501454,60501456,1782868245463367,False,True
24748587,0.30600000,1290.70000000,60501457,60501457,1782868245537002,True,True
24748588,0.30600000,1408.80000000,60501458,60501460,1782868245537047,True,True
24748589,0.30600000,803.60000000,60501461,60501463,1782868245537054,True,True
24748590,0.30600000,840.10000000,60501464,60501465,1782868245537191,True,True
24748591,0.30590000,766.80000000,60501466,60501470,1782868245602331,True,True
24748592,0.30590000,820.60000000,60501471,60501471,1782868245602489,True,True
24748593,0.30590000,996.50000000,60501472,60501474,1782868245602600,True,True
24748594,0.30590000,1247.10000000,60501475,60501475,1782868245602788,True,True
24748595,0.30590000,826.30000000,60501476,60501476,1782868245604389,True,True
24748596,0.30590000,105.10000000,60501477,60501477,1782868245605744,True,True
24748597,0.30580000,1074.90000000,60501478,60501482,1782868245606615,True,True
24748598,0.30580000,1083.50000000,60501483,60501484,1782868245606683,True,True
24748599,0.30580000,259.20000000,60501485,60501485,1782868245608390,True,True
24748600,0.30580000,165.30000000,60501486,60501486,1782868245608513,True,True
24748601,0.30580000,259.20000000,60501487,60501487,1782868245608643,True,True
24748602,0.30580000,103.30000000,60501488,60501488,1782868245608830,True,True
24748603,0.30570000,103.30000000,60501489,60501492,1782868245609353,True,True
24748604,0.30580000,648.70000000,60501493,60501493,1782868245610773,False,True
24748605,0.30580000,648.70000000,60501494,60501494,1782868245610837,False,True
24748606,0.30580000,1195.00000000,60501495,60501496,1782868245611012,False,True
24748607,0.30590000,986.00000000,60501497,60501498,1782868245611012,False,True
24748608,0.30590000,2696.50000000,60501499,60501503,1782868245886043,False,True
24748609,0.30600000,3860.00000000,60501504,60501506,1782868245889029,False,True
24748610,0.30600000,2125.00000000,60501507,60501507,1782868245889306,False,True
24748611,0.30600000,41.50000000,60501508,60501509,1782868245890570,False,True
24748612,0.30600000,1174.20000000,60501510,60501513,1782868246386446,True,True
24748613,0.30600000,826.30000000,60501514,60501514,1782868246386460,True,True
24748614,0.30600000,372.40000000,60501515,60501516,1782868246835679,True,True
24748615,0.30590000,19.40000000,60501517,60501517,1782868247136661,True,True
24748616,0.30600000,159.40000000,60501518,60501519,1782868250354957,True,True
24748617,0.30590000,24.60000000,60501520,60501520,1782868250615758,True,True
24748618,0.30590000,648.70000000,60501521,60501521,1782868250621482,True,True
24748619,0.30590000,2030.80000000,60501522,60501525,1782868250629233,True,True
24748620,0.30590000,466.20000000,60501526,60501526,1782868250634796,True,True
24748621,0.30590000,1165.00000000,60501527,60501527,1782868251193309,False,True
24748622,0.30590000,626.20000000,60501528,60501530,1782868251803541,True,True
24748623,0.30580000,1025.00000000,60501531,60501533,1782868253741286,True,True
24748624,0.30580000,326.90000000,60501534,60501534,1782868254424279,False,True
24748625,0.30570000,1299.40000000,60501535,60501535,1782868256233911,True,True
24748626,0.30570000,1013.80000000,60501536,60501540,1782868256233987,True,True
24748627,0.30570000,927.90000000,60501541,60501541,1782868256233988,True,True
24748628,0.30570000,176.50000000,60501542,60501543,1782868256234168,True,True
24748629,0.30570000,21.50000000,60501544,60501544,1782868256234430,True,True
24748630,0.30570000,840.00000000,60501545,60501545,1782868256234705,True,True
24748631,0.30570000,1317.70000000,60501546,60501547,1782868256263686,True,True
24748632,0.30570000,3030.10000000,60501548,60501551,1782868256762652,True,True
24748633,0.30560000,680.30000000,60501552,60501553,1782868256873645,True,True
24748634,0.30560000,7697.20000000,60501554,60501560,1782868256874993,True,True
24748635,0.30560000,1072.00000000,60501561,60501561,1782868257082636,True,True
24748636,0.30560000,293.00000000,60501562,60501562,1782868257089380,True,True
24748637,0.30560000,119.70000000,60501563,60501564,1782868257198250,True,True
24748638,0.30560000,454.40000000,60501565,60501566,1782868257375174,True,True
24748639,0.30560000,40.80000000,60501567,60501568,1782868263573410,False,True
24748640,0.30570000,220.90000000,60501569,60501569,1782868263573410,False,True
24748641,0.30570000,78.30000000,60501570,60501573,1782868267053115,False,True
24748642,0.30570000,1368.80000000,60501574,60501575,1782868268282917,True,True
24748643,0.30580000,24.60000000,60501576,60501577,1782868269917114,False,True
24748644,0.30580000,24.60000000,60501578,60501579,1782868269917116,False,True
24748645,0.30580000,24.60000000,60501580,60501582,1782868269917118,False,True
24748646,0.30580000,852.90000000,60501583,60501585,1782868269918599,False,True
24748647,0.30580000,16.40000000,60501586,60501586,1782868269922821,False,True
24748648,0.30590000,291.90000000,60501587,60501589,1782868269950666,False,True
24748649,0.30590000,108.00000000,60501590,60501590,1782868270075236,True,True
24748650,0.30590000,108.00000000,60501591,60501591,1782868271544772,True,True
24748651,0.30580000,221.60000000,60501592,60501592,1782868271544772,True,True
24748652,0.30580000,1264.60000000,60501593,60501594,1782868273897565,True,True
24748653,0.30580000,1020.60000000,60501595,60501599,1782868279661629,False,True
24748654,0.30590000,49.80000000,60501600,60501602,1782868281307671,False,True
24748655,0.30600000,277.10000000,60501603,60501603,1782868281307671,False,True
24748656,0.30590000,403.10000000,60501604,60501606,1782868283579629,True,True
24748657,0.30600000,196.00000000,60501607,60501607,1782868290700885,False,True
24748658,0.30600000,600.00000000,60501608,60501608,1782868292901639,False,True
24748659,0.30590000,2148.80000000,60501609,60501613,1782868293489713,True,True
24748660,0.30580000,65.50000000,60501614,60501615,1782868293513876,True,True
24748661,0.30580000,65.50000000,60501616,60501616,1782868293517073,True,True
24748662,0.30580000,65.50000000,60501617,60501617,1782868293521304,True,True
24748663,0.30580000,65.50000000,60501618,60501618,1782868293522520,True,True
24748664,0.30580000,65.50000000,60501619,60501619,1782868293524595,True,True
24748665,0.30580000,65.50000000,60501620,60501620,1782868293533041,True,True
24748666,0.30580000,65.50000000,60501621,60501621,1782868293538762,True,True
24748667,0.30580000,65.50000000,60501622,60501622,1782868293539274,True,True
24748668,0.30580000,65.50000000,60501623,60501623,1782868293540272,True,True
24748669,0.30580000,65.50000000,60501624,60501624,1782868293550592,True,True
24748670,0.30580000,65.50000000,60501625,60501625,1782868293556809,True,True
24748671,0.30580000,65.50000000,60501626,60501626,1782868293563430,True,True
24748672,0.30580000,65.50000000,60501627,60501627,1782868293566486,True,True
24748673,0.30590000,541.50000000,60501628,60501630,1782868298662002,True,True
24748674,0.30600000,196.00000000,60501631,60501631,1782868299596514,False,True
24748675,0.30600000,3157.80000000,60501632,60501637,1782868299889058,False,True
24748676,0.30600000,28.20000000,60501638,60501638,1782868301918644,True,True
24748677,0.30600000,568.40000000,60501639,60501639,1782868302823977,True,True
24748678,0.30600000,113.60000000,60501640,60501640,1782868302827994,True,True
24748679,0.30590000,49.80000000,60501641,60501642,1782868303870034,True,True
24748680,0.30590000,993.50000000,60501643,60501644,1782868304591830,True,True
24748681,0.30580000,65.50000000,60501645,60501648,1782868304608973,True,True
24748682,0.30580000,65.50000000,60501649,60501649,1782868304609854,True,True
