324091979,0.99770000,7.00000000,340960646,340960646,1782864007386164,True,True
324091980,0.99770000,32.00000000,340960647,340960647,1782864008344830,True,True
324091981,0.99780000,300.00000000,340960648,340960648,1782864008430113,False,True
324091982,0.99770000,54.00000000,340960649,340960649,1782864008851561,True,True
324091983,0.99770000,8.00000000,340960650,340960650,1782864008985648,True,True
324091984,0.99770000,11.00000000,340960651,340960651,1782864008986016,True,True
324091985,0.99770000,300.00000000,340960652,340960653,1782864009419053,True,True
324091986,0.99770000,15.00000000,340960654,340960654,1782864009637246,True,True
324091987,0.99770000,25.00000000,340960655,340960656,1782864011511824,True,True
324091988,0.99780000,130.00000000,340960657,340960657,1782864015856539,False,True
324091989,0.99770000,500.00000000,340960658,340960658,1782864019591211,True,True
324091990,0.99770000,145.00000000,340960659,340960659,1782864019774426,True,True
324091991,0.99770000,158.00000000,340960660,340960660,1782864029594080,True,True
324091992,0.99770000,32.00000000,340960661,340960661,1782864039596378,True,True
324091993,0.99770000,232.00000000,340960662,340960662,1782864053838020,True,True
324091994,0.99780000,1668.00000000,340960663,340960663,1782864058657991,False,True
324091995,0.99770000,233.00000000,340960664,340960664,1782864061436385,True,True
324091996,0.99780000,4307.00000000,340960665,340960670,1782864071518217,False,True
324091997,0.99780000,300.00000000,340960671,340960671,1782864077427597,False,True
324091998,0.99770000,300.00000000,340960672,340960672,1782864078424973,True,True
324091999,0.99770000,189.00000000,340960673,340960673,1782864079773691,True,True
324092000,0.99770000,698.00000000,340960674,340960676,1782864094923437,True,True
324092001,0.99780000,295.00000000,340960677,340960677,1782864133815767,False,True
324092002,0.99770000,58.00000000,340960678,340960678,1782864137519600,True,True
324092003,0.99770000,98.00000000,340960679,340960679,1782864139773827,True,True
324092004,0.99770000,30.00000000,340960680,340960680,1782864140715546,True,True
324092005,0.99780000,300.00000000,340960681,340960681,1782864148440711,False,True
324092006,0.99770000,300.00000000,340960682,340960682,1782864149425935,True,True
324092007,0.99770000,45.00000000,340960683,340960683,1782864181797186,True,True
324092008,0.99770000,547.00000000,340960684,340960684,1782864193290951,True,True
324092009,0.99770000,107.00000000,340960685,340960685,1782864199774546,True,True
324092010,0.99770000,15.00000000,340960686,340960686,1782864241896085,True,True
324092011,0.99770000,23.00000000,340960687,340960687,1782864242011026,True,True
324092012,0.99780000,300.00000000,340960688,340960688,1782864242452591,False,True
324092013,0.99770000,300.00000000,340960689,340960689,1782864243427190,True,True
324092014,0.99770000,1176.00000000,340960690,340960690,1782864251472465,True,True
324092015,0.99770000,120.00000000,340960691,340960691,1782864259774021,True,True
324092016,0.99770000,231.00000000,340960692,340960692,1782864259926443,True,True
324092017,0.99780000,13906.00000000,340960693,340960700,1782864273869013,False,True
324092018,0.99770000,31.00000000,340960701,340960701,1782864293483264,True,True
324092019,0.99780000,300.00000000,340960702,340960702,1782864313435032,False,True
324092020,0.99770000,300.00000000,340960703,340960703,1782864314422098,True,True
324092021,0.99770000,140.00000000,340960704,340960704,1782864319773951,True,True
324092022,0.99770000,25.00000000,340960705,340960705,1782864348316856,True,True
324092023,0.99770000,100.00000000,340960706,340960706,1782864379775811,True,True
324092024,0.99780000,300.00000000,340960707,340960707,1782864380427054,False,True
324092025,0.99770000,300.00000000,340960708,340960708,1782864381420811,True,True
324092026,0.99780000,13906.00000000,340960709,340960721,1782864387614172,False,True
324092027,0.99770000,139.00000000,340960722,340960722,1782864426100588,True,True
324092028,0.99770000,276.00000000,340960723,340960723,1782864439773414,True,True
324092029,0.99770000,273.00000000,340960724,340960724,1782864499798303,True,True
324092030,0.99780000,300.00000000,340960725,340960725,1782864500459757,False,True
324092031,0.99770000,300.00000000,340960726,340960727,1782864501415887,True,True
324092032,0.99770000,558.00000000,340960728,340960728,1782864502513398,True,True
324092033,0.99770000,315.00000000,340960729,340960729,1782864518563415,True,True
324092034,0.99780000,512.00000000,340960730,340960730,1782864522228712,False,True
324092035,0.99770000,225.00000000,340960731,340960731,1782864559797559,True,True
324092036,0.99770000,16.00000000,340960732,340960732,1782864575012734,True,True
324092037,0.99780000,300.00000000,340960733,340960733,1782864575441203,False,True
324092038,0.99770000,300.00000000,340960734,340960734,1782864576423152,True,True
324092039,0.99780000,147.00000000,340960735,340960735,1782864586153179,False,True
324092040,0.99770000,20.00000000,340960736,340960736,1782864611408651,True,True
324092041,0.99770000,254.00000000,340960737,340960737,1782864619801455,True,True
324092042,0.99770000,1176.00000000,340960738,340960739,1782864631443625,True,True
324092043,0.99770000,189.00000000,340960740,340960740,1782864631817079,True,True
324092044,0.99780000,300.00000000,340960741,340960741,1782864644429689,False,True
324092045,0.99770000,300.00000000,340960742,340960742,1782864645421126,True,True
324092046,0.99780000,84530.00000000,340960743,340960768,1782864661049669,False,True
324092047,0.99770000,1047.00000000,340960769,340960769,1782864679799445,True,True
324092048,0.99770000,127.00000000,340960770,340960770,1782864693850605,True,True
324092049,0.99770000,66.00000000,340960771,340960771,1782864714683846,True,True
324092050,0.99780000,300.00000000,340960772,340960772,1782864715432129,False,True
324092051,0.99770000,300.00000000,340960773,340960773,1782864716428735,True,True
324092052,0.99770000,646.00000000,340960774,340960774,1782864739790950,True,True
324092053,0.99770000,178.00000000,340960775,340960775,1782864750486673,True,True
324092054,0.99770000,29440.00000000,340960776,340960784,1782864758442574,True,True
324092055,0.99770000,1175.00000000,340960785,340960785,1782864758557618,True,True
324092056,0.99770000,180.00000000,340960786,340960786,1782864758563533,True,True
324092057,0.99780000,1175.00000000,340960787,340960790,1782864758569845,False,True
324092058,0.99780000,147.00000000,340960791,340960791,1782864758571010,False,True
324092059,0.99770000,1175.00000000,340960792,340960793,1782864770439497,True,True
324092060,0.99780000,8.00000000,340960794,340960794,1782864772016541,False,True
324092061,0.99780000,315.00000000,340960795,340960795,1782864778553601,False,True
324092062,0.99770000,315.00000000,340960796,340960796,1782864778559117,True,True
324092063,0.99780000,88.00000000,340960797,340960797,1782864780880539,False,True
324092064,0.99780000,53.00000000,340960798,340960798,1782864780880659,False,True
324092065,0.99780000,300.00000000,340960799,340960799,1782864781438909,False,True
324092066,0.99770000,300.00000000,340960800,340960800,1782864782434144,True,True
324092067,0.99780000,542.00000000,340960801,340960801,1782864786830237,False,True
324092068,0.99780000,542.00000000,340960802,340960802,1782864792631555,False,True
324092069,0.99770000,927.00000000,340960803,340960804,1782864799789502,True,True
324092070,0.99770000,1809.00000000,340960805,340960805,1782864817646108,True,True
324092071,0.99770000,42.00000000,340960806,340960806,1782864827483747,True,True
324092072,0.99770000,16.00000000,340960807,340960807,1782864827485268,True,True
324092073,0.99770000,2878.00000000,340960808,340960809,1782864828595986,True,True
324092074,0.99770000,147.00000000,340960810,340960810,1782864838557049,True,True
324092075,0.99770000,1380.00000000,340960811,340960812,1782864838598186,True,True
324092076,0.99770000,417.00000000,340960813,340960813,1782864849594238,True,True
324092077,0.99780000,300.00000000,340960814,340960814,1782864850433141,False,True
324092078,0.99770000,300.00000000,340960815,340960815,1782864851420792,True,True
324092079,0.99770000,139.00000000,340960816,340960816,1782864859595099,True,True
324092080,0.99770000,405.00000000,340960817,340960817,1782864859790149,True,True
324092081,0.99780000,622.00000000,340960818,340960818,1782864860669331,False,True
324092082,0.99770000,45.00000000,340960819,340960819,1782864895317635,True,True
324092083,0.99780000,295.00000000,340960820,340960820,1782864900645044,False,True
324092084,0.99770000,548.00000000,340960821,340960821,1782864908447364,True,True
324092085,0.99780000,548.00000000,340960822,340960822,1782864908448765,False,True
324092086,0.99780000,300.00000000,340960823,340960823,1782864918432505,False,True
324092087,0.99770000,300.00000000,340960824,340960825,1782864919425075,True,True
324092088,0.99770000,1063.00000000,340960826,340960826,1782864919791033,True,True
324092089,0.99770000,469.00000000,340960827,340960827,1782864979782014,True,True
324092090,0.99770000,10.00000000,340960828,340960828,1782865016025158,True,True
324092091,0.99780000,300.00000000,340960829,340960829,1782865016455596,False,True
324092092,0.99770000,300.00000000,340960830,340960830,1782865017428206,True,True
324092093,0.99770000,258.00000000,340960831,340960831,1782865017568407,True,True
324092094,0.99770000,296.00000000,340960832,340960832,1782865039781766,True,True
324092095,0.99770000,37.00000000,340960833,340960833,1782865045351165,True,True
324092096,0.99780000,33.00000000,340960834,340960834,1782865072474194,False,True
324092097,0.99770000,1174.00000000,340960835,340960836,1782865087938853,True,True
324092098,0.99780000,300.00000000,340960837,340960837,1782865088433993,False,True
324092099,0.99770000,300.00000000,340960838,340960838,1782865089430281,True,True
324092100,0.99770000,383.00000000,340960839,340960839,1782865099773373,True,True
324092101,0.99780000,315.00000000,340960840,340960840,1782865151294063,False,True
324092102,0.99780000,147.00000000,340960841,340960841,1782865156477444,False,True
324092103,0.99780000,300.00000000,340960842,340960842,1782865157437149,False,True
324092104,0.99770000,300.00000000,340960843,340960843,1782865158426241,True,True
324092105,0.99770000,207.00000000,340960844,340960844,1782865159774302,True,True
324092106,0.99780000,30.00000000,340960845,340960845,1782865193449197,False,True
324092107,0.99770000,342.00000000,340960846,340960847,1782865219773567,True,True
324092108,0.99770000,201.00000000,340960848,340960848,1782865236273075,True,True
324092109,0.99780000,300.00000000,340960849,340960849,1782865236436793,False,True
324092110,0.99770000,300.00000000,340960850,340960850,1782865237427027,True,True
324092111,0.99770000,41.00000000,340960851,340960851,1782865271295943,True,True
324092112,0.99770000,250.00000000,340960852,340960852,1782865277877785,True,True
324092113,0.99770000,420.00000000,340960853,340960853,1782865279773594,True,True
324092114,0.99770000,3518.00000000,340960854,340960856,1782865288939734,True,True
324092115,0.99770000,13891.00000000,340960857,340960864,1782865294239715,True,True
324092116,0.99770000,1172.00000000,340960865,340960866,1782865312601020,True,True
324092117,0.99780000,21.00000000,340960867,340960867,1782865312610740,False,True
324092118,0.99770000,314.00000000,340960868,340960868,1782865312611238,True,True
324092119,0.99780000,314.00000000,340960869,340960870,1782865312612333,False,True
324092120,0.99780000,147.00000000,340960871,340960871,1782865312620998,False,True
324092121,0.99780000,154.00000000,340960872,340960872,1782865312621027,False,True
324092122,0.99780000,996.00000000,340960873,340960873,1782865312623810,False,True
324092123,0.99770000,294.00000000,340960874,340960874,1782865312637903,True,True
324092124,0.99770000,180.00000000,340960875,340960875,1782865312680949,True,True
324092125,0.99770000,294.00000000,340960876,340960876,1782865312725656,True,True
324092126,0.99780000,300.00000000,340960877,340960877,1782865313439297,False,True
324092127,0.99770000,300.00000000,340960878,340960878,1782865314419314,True,True
324092128,0.99770000,1171.00000000,340960879,340960880,1782865316525372,True,True
324092129,0.99770000,1171.00000000,340960881,340960881,1782865317053012,True,True
324092130,0.99780000,21.00000000,340960882,340960882,1782865320238958,False,True
324092131,0.99780000,9.00000000,340960883,340960883,1782865324001715,False,True
324092132,0.99780000,168.00000000,340960884,340960884,1782865324176471,False,True
324092133,0.99770000,180.00000000,340960885,340960885,1782865329000423,True,True
324092134,0.99770000,421.00000000,340960886,340960887,1782865339774282,True,True
324092135,0.99780000,10.00000000,340960888,340960888,1782865344219418,False,True
324092136,0.99780000,267.00000000,340960889,340960889,1782865352385798,False,True
324092137,0.99780000,39.00000000,340960890,340960890,1782865356342202,False,True
324092138,0.99770000,1170.00000000,340960891,340960891,1782865363553196,True,True
324092139,0.99780000,10.00000000,340960892,340960892,1782865379540020,False,True
324092140,0.99780000,300.00000000,340960893,340960893,1782865380433170,False,True
324092141,0.99770000,300.00000000,340960894,340960894,1782865381422686,True,True
324092142,0.99770000,58.00000000,340960895,340960895,1782865388229430,True,True
324092143,0.99770000,150.00000000,340960896,340960896,1782865390393339,True,True
324092144,0.99770000,32.00000000,340960897,340960897,1782865394977191,True,True
324092145,0.99770000,318.00000000,340960898,340960899,1782865399773884,True,True
324092146,0.99770000,314.00000000,340960900,340960900,1782865441714496,True,True
324092147,0.99770000,12.00000000,340960901,340960901,1782865457612429,True,True
324092148,0.99780000,300.00000000,340960902,340960902,1782865458440301,False,True
324092149,0.99770000,300.00000000,340960903,340960903,1782865459426392,True,True
324092150,0.99770000,618.00000000,340960904,340960904,1782865459775198,True,True
324092151,0.99770000,400.00000000,340960905,340960905,1782865519774930,True,True
324092152,0.99780000,21.00000000,340960906,340960906,1782865520535541,False,True
324092153,0.99770000,1170.00000000,340960907,340960909,1782865539921524,True,True
324092154,0.99770000,547.00000000,340960910,340960910,1782865539924786,True,True
324092155,0.99770000,314.00000000,340960911,340960911,1782865539953345,True,True
324092156,0.99780000,147.00000000,340960912,340960912,1782865539959012,False,True
324092157,0.99780000,314.00000000,340960913,340960913,1782865539973130,False,True
324092158,0.99780000,1170.00000000,340960914,340960914,1782865539976884,False,True
324092159,0.99780000,300.00000000,340960915,340960915,1782865540449002,False,True
324092160,0.99770000,154.00000000,340960916,340960916,1782865540607216,True,True
324092161,0.99770000,300.00000000,340960917,340960917,1782865541428249,True,True
324092162,0.99770000,486.00000000,340960918,340960918,1782865551426842,True,True
324092163,0.99780000,32.00000000,340960919,340960919,1782865553444927,False,True
324092164,0.99780000,147.00000000,340960920,340960920,1782865562184219,False,True
324092165,0.99770000,314.00000000,340960921,340960921,1782865562185431,True,True
324092166,0.99770000,116.00000000,340960922,340960922,1782865563023492,True,True
324092167,0.99770000,174.00000000,340960923,340960923,1782865563030805,True,True
324092168,0.99770000,111.00000000,340960924,340960924,1782865569589336,True,True
324092169,0.99770000,576.00000000,340960925,340960925,1782865579774797,True,True
324092170,0.99770000,1169.00000000,340960926,340960927,1782865581668303,True,True
324092171,0.99770000,314.00000000,340960928,340960928,1782865582037047,True,True
324092172,0.99770000,314.00000000,340960929,340960929,1782865582040550,True,True
324092173,0.99770000,314.00000000,340960930,340960930,1782865582091142,True,True
324092174,0.99770000,12.00000000,340960931,340960931,1782865586648337,True,True
324092175,0.99770000,166.00000000,340960932,340960933,1782865586655384,True,True
324092176,0.99780000,61.00000000,340960934,340960934,1782865588087623,False,True
324092177,0.99780000,301.00000000,340960935,340960935,1782865588130721,False,True
324092178,0.99770000,16.00000000,340960936,340960936,1782865590606505,True,True
324092179,0.99770000,99.00000000,340960937,340960937,1782865593810571,True,True
324092180,0.99770000,1169.00000000,340960938,340960938,1782865609990839,True,True
324092181,0.99780000,300.00000000,340960939,340960939,1782865610426718,False,True
324092182,0.99770000,300.00000000,340960940,340960940,1782865611424446,True,True
324092183,0.99770000,1169.00000000,340960941,340960942,1782865618298451,True,True
324092184,0.99770000,42.00000000,340960943,340960943,1782865621354500,True,True
324092185,0.99770000,1169.00000000,340960944,340960944,1782865626087087,True,True
324092186,0.99770000,11.00000000,340960945,340960945,1782865626490854,True,True
324092187,0.99770000,1157.00000000,340960946,340960947,1782865626492633,True,True
324092188,0.99770000,1169.00000000,340960948,340960951,1782865626514042,True,True
324092189,0.99770000,870.00000000,340960952,340960954,1782865629506456,True,True
324092190,0.99770000,1178.00000000,340960955,340960955,1782865636674104,True,True
324092191,0.99770000,289.00000000,340960956,340960956,1782865638147360,True,True
324092192,0.99770000,471.00000000,340960957,340960957,1782865639774136,True,True
324092193,0.99770000,41.00000000,340960958,340960958,1782865639854959,True,True
324092194,0.99770000,196.00000000,340960959,340960959,1782865648624695,True,True
324092195,0.99770000,34.00000000,340960960,340960960,1782865651152995,True,True
324092196,0.99770000,1170.00000000,340960961,340960961,1782865660064716,True,True
324092197,0.99780000,17.00000000,340960962,340960962,1782865681184989,False,True
324092198,0.99780000,300.00000000,340960963,340960963,1782865681429213,False,True
324092199,0.99770000,300.00000000,340960964,340960964,1782865682424463,True,True
324092200,0.99780000,314.00000000,340960965,340960965,1782865686788388,False,True
324092201,0.99770000,342.00000000,340960966,340960966,1782865688590250,True,True
324092202,0.99770000,621.00000000,340960967,340960968,1782865693257567,True,True
324092203,0.99770000,13.00000000,340960969,340960969,1782865696045789,True,True
324092204,0.99770000,437.00000000,340960970,340960970,1782865699773739,True,True
324092205,0.99770000,662.00000000,340960971,340960971,1782865705832520,True,True
324092206,0.99770000,682.00000000,340960972,340960973,1782865710511462,True,True
324092207,0.99770000,729.00000000,340960974,340960974,1782865718385882,True,True
324092208,0.99770000,3000.00000000,340960975,340960984,1782865728108024,True,True
324092209,0.99770000,1580.00000000,340960985,340960985,1782865742952768,True,True
324092210,0.99780000,300.00000000,340960986,340960986,1782865751442199,False,True
324092211,0.99770000,300.00000000,340960987,340960987,1782865752418205,True,True
324092212,0.99770000,46.00000000,340960988,340960988,1782865753220621,True,True
324092213,0.99770000,170.00000000,340960989,340960989,1782865759774834,True,True
324092214,0.99770000,19.00000000,340960990,340960990,1782865820584197,True,True
324092215,0.99780000,300.00000000,340960991,340960992,1782865821430014,False,True
324092216,0.99770000,300.00000000,340960993,340960993,1782865822425887,True,True
324092217,0.99780000,20044.00000000,340960994,340961000,1782865855087961,False,True
324092218,0.99770000,165.00000000,340961001,340961001,1782865866161862,True,True
324092219,0.99770000,17.00000000,340961002,340961002,1782865866411474,True,True
324092220,0.99780000,295.00000000,340961003,340961003,1782865866615575,False,True
324092221,0.99780000,69.00000000,340961004,340961005,1782865871650147,False,True
324092222,0.99780000,226.00000000,340961006,340961006,1782865871650508,False,True
324092223,0.99780000,296.00000000,340961007,340961007,1782865872502512,False,True
324092224,0.99770000,31.00000000,340961008,340961008,1782865883458389,True,True
324092225,0.99770000,540.00000000,340961009,340961009,1782865904596788,True,True
324092226,0.99780000,300.00000000,340961010,340961010,1782865905453068,False,True
324092227,0.99770000,300.00000000,340961011,340961011,1782865906417271,True,True
324092228,0.99770000,17.00000000,340961012,340961012,1782865914071769,True,True
324092229,0.99770000,1171.00000000,340961013,340961013,1782865941673786,True,True
324092230,0.99780000,14.00000000,340961014,340961014,1782865942511067,False,True
324092231,0.99770000,14.00000000,340961015,340961015,1782865955520132,True,True
324092232,0.99780000,147.00000000,340961016,340961016,1782866081099288,False,True
324092233,0.99780000,300.00000000,340961017,340961017,1782866081448269,False,True
324092234,0.99770000,300.00000000,340961018,340961018,1782866082425579,True,True
324092235,0.99770000,230.00000000,340961019,340961019,1782866123772066,True,True
324092236,0.99770000,640.00000000,340961020,340961020,1782866130391011,True,True
324092237,0.99780000,35.00000000,340961021,340961021,1782866138006016,False,True
324092238,0.99770000,548.00000000,340961022,340961022,1782866148366212,True,True
324092239,0.99780000,548.00000000,340961023,340961023,1782866148368510,False,True
324092240,0.99780000,548.00000000,340961024,340961025,1782866148370020,False,True
324092241,0.99780000,300.00000000,340961026,340961026,1782866149442335,False,True
324092242,0.99770000,300.00000000,340961027,340961027,1782866150434205,True,True
324092243,0.99770000,1171.00000000,340961028,340961028,1782866165638526,True,True
324092244,0.99770000,80.00000000,340961029,340961029,1782866168843535,True,True
324092245,0.99770000,734.00000000,340961030,340961030,1782866170614761,True,True
324092246,0.99770000,419.00000000,340961031,340961031,1782866181614119,True,True
324092247,0.99770000,72.00000000,340961032,340961032,1782866192613843,True,True
324092248,0.99780000,300.00000000,340961033,340961033,1782866217438154,False,True
324092249,0.99770000,300.00000000,340961034,340961034,1782866218428617,True,True
324092250,0.99770000,147.00000000,340961035,340961035,1782866235517366,True,True
324092251,0.99770000,231.00000000,340961036,340961036,1782866248754688,True,True
324092252,0.99770000,164.00000000,340961037,340961037,1782866284447331,True,True
324092253,0.99780000,300.00000000,340961038,340961038,1782866285435684,False,True
324092254,0.99770000,300.00000000,340961039,340961039,1782866286418879,True,True
324092255,0.99770000,180.00000000,340961040,340961040,1782866322084864,True,True
324092256,0.99780000,300.00000000,340961041,340961041,1782866373547527,False,True
324092257,0.99770000,300.00000000,340961042,340961042,1782866374420337,True,True
324092258,0.99780000,100.00000000,340961043,340961043,1782866382733163,False,True
324092259,0.99770000,179.00000000,340961044,340961044,1782866386127626,True,True
324092260,0.99770000,10.00000000,340961045,340961045,1782866428812385,True,True
324092261,0.99780000,300.00000000,340961046,340961046,1782866446430848,False,True
324092262,0.99770000,300.00000000,340961047,340961047,1782866447427605,True,True
324092263,0.99770000,99.00000000,340961048,340961048,1782866460705651,True,True
324092264,0.99770000,22.00000000,340961049,340961049,1782866488031411,True,True
324092265,0.99770000,7.00000000,340961050,340961050,1782866488031706,True,True
324092266,0.99780000,300.00000000,340961051,340961052,1782866533446467,False,True
324092267,0.99770000,300.00000000,340961053,340961053,1782866534422043,True,True
324092268,0.99780000,752.00000000,340961054,340961054,1782866576934322,False,True
324092269,0.99780000,294.00000000,340961055,340961055,1782866604728516,False,True
324092270,0.99780000,122.00000000,340961056,340961056,1782866604731214,False,True
324092271,0.99780000,859.00000000,340961057,340961057,1782866626110460,False,True
324092272,0.99770000,248.00000000,340961058,340961058,1782866665696501,True,True
324092273,0.99780000,300.00000000,340961059,340961060,1782866682437092,False,True
324092274,0.99770000,300.00000000,340961061,340961061,1782866683428315,True,True
324092275,0.99780000,315.00000000,340961062,340961062,1782866696064885,False,True
324092276,0.99770000,3665.00000000,340961063,340961063,1782866699085550,True,True
324092277,0.99770000,60.00000000,340961064,340961064,1782866761486368,True,True
324092278,0.99780000,300.00000000,340961065,340961065,1782866762448648,False,True
324092279,0.99770000,300.00000000,340961066,340961066,1782866763425528,True,True
324092280,0.99780000,265.00000000,340961067,340961067,1782866825070671,False,True
324092281,0.99780000,121.00000000,340961068,340961068,1782866830073280,False,True
324092282,0.99780000,557.00000000,340961069,340961069,1782866830073829,False,True
324092283,0.99780000,186.00000000,340961070,340961070,1782866830074082,False,True
324092284,0.99780000,300.00000000,340961071,340961071,1782866830434979,False,True
324092285,0.99770000,300.00000000,340961072,340961072,1782866831430118,True,True
324092286,0.99770000,250.00000000,340961073,340961073,1782866848800057,True,True
324092287,0.99770000,23.00000000,340961074,340961074,1782866883250458,True,True
324092288,0.99770000,61581.00000000,340961075,340961104,1782866894136564,True,True
324092289,0.99770000,50.00000000,340961105,340961105,1782866894370278,True,True
324092290,0.99780000,300.00000000,340961106,340961107,1782866901430407,False,True
324092291,0.99770000,300.00000000,340961108,340961108,1782866902429497,True,True
324092292,0.99770000,145.00000000,340961109,340961109,1782866910868359,True,True
324092293,0.99770000,90.00000000,340961110,340961110,1782866983459314,True,True
324092294,0.99770000,50.00000000,340961111,340961111,1782867024623118,True,True
324092295,0.99770000,214.00000000,340961112,340961112,1782867070626163,True,True
324092296,0.99780000,315.00000000,340961113,340961113,1782867073827513,False,True
324092297,0.99770000,21.00000000,340961114,340961114,1782867081625977,True,True
324092298,0.99770000,11.00000000,340961115,340961115,1782867091627978,True,True
324092299,0.99770000,51.00000000,340961116,340961116,1782867123203301,True,True
324092300,0.99770000,14.00000000,340961117,340961117,1782867137738563,True,True
324092301,0.99780000,147.00000000,340961118,340961118,1782867146693137,False,True
324092302,0.99770000,444.00000000,340961119,340961120,1782867162102465,True,True
324092303,0.99780000,316.00000000,340961121,340961121,1782867165025201,False,True
324092304,0.99770000,76.00000000,340961122,340961122,1782867166175318,True,True
324092305,0.99770000,169.00000000,340961123,340961123,1782867166211909,True,True
324092306,0.99780000,147.00000000,340961124,340961124,1782867167126931,False,True
324092307,0.99780000,315.00000000,340961125,340961125,1782867169061278,False,True
324092308,0.99770000,31.00000000,340961126,340961126,1782867173450964,True,True
324092309,0.99770000,6.00000000,340961127,340961127,1782867181318382,True,True
324092310,0.99770000,585.00000000,340961128,340961128,1782867237011358,True,True
324092311,0.99770000,315.00000000,340961129,340961129,1782867250569061,True,True
324092312,0.99770000,6.00000000,340961130,340961130,1782867253629020,True,True
324092313,0.99770000,55.00000000,340961131,340961131,1782867282760701,True,True
324092314,0.99770000,60.00000000,340961132,340961132,1782867284629535,True,True
324092315,0.99780000,8.00000000,340961133,340961133,1782867301919053,False,True
324092316,0.99770000,549.00000000,340961134,340961135,1782867326279345,True,True
324092317,0.99780000,502.00000000,340961136,340961136,1782867346312005,False,True
324092318,0.99770000,500.00000000,340961137,340961137,1782867362971657,True,True
324092319,0.99780000,456.00000000,340961138,340961139,1782867409973893,False,True
324092320,0.99770000,61.00000000,340961140,340961140,1782867422036746,True,True
324092321,0.99770000,7.00000000,340961141,340961141,1782867423165264,True,True
324092322,0.99770000,7.00000000,340961142,340961142,1782867423178671,True,True
324092323,0.99770000,36.00000000,340961143,340961143,1782867444346132,True,True
324092324,0.99770000,1174.00000000,340961144,340961144,1782867449707416,True,True
324092325,0.99780000,147.00000000,340961145,340961145,1782867465037192,False,True
324092326,0.99770000,98.00000000,340961146,340961146,1782867474939454,True,True
324092327,0.99770000,109.00000000,340961147,340961147,1782867516163243,True,True
324092328,0.99770000,65.00000000,340961148,340961148,1782867564151713,True,True
324092329,0.99770000,65.00000000,340961149,340961149,1782867570706077,True,True
324092330,0.99770000,65.00000000,340961150,340961150,1782867572716653,True,True
324092331,0.99780000,1580.00000000,340961151,340961151,1782867597279935,False,True
324092332,0.99770000,101.00000000,340961152,340961153,1782867603156231,True,True
324092333,0.99770000,1174.00000000,340961154,340961154,1782867609014407,True,True
324092334,0.99780000,300.00000000,340961155,340961156,1782867609437478,False,True
324092335,0.99770000,300.00000000,340961157,340961157,1782867610422810,True,True
324092336,0.99780000,100.00000000,340961158,340961158,1782867636450645,False,True
324092337,0.99770000,1174.00000000,340961159,340961160,1782867653498592,True,True
324092338,0.99770000,3771.00000000,340961161,340961162,1782867655659033,True,True
324092339,0.99770000,43.00000000,340961163,340961163,1782867662255219,True,True
324092340,0.99770000,51.00000000,340961164,340961164,1782867663303245,True,True
324092341,0.99770000,51.00000000,340961165,340961165,1782867663327579,True,True
324092342,0.99770000,106.00000000,340961166,340961166,1782867670637893,True,True
324092343,0.99780000,23.00000000,340961167,340961167,1782867679166329,False,True
324092344,0.99780000,300.00000000,340961168,340961168,1782867679448673,False,True
324092345,0.99770000,300.00000000,340961169,340961170,1782867680421210,True,True
324092346,0.99770000,261.00000000,340961171,340961171,1782867701530192,True,True
324092347,0.99780000,147.00000000,340961172,340961172,1782867744665475,False,True
324092348,0.99780000,300.00000000,340961173,340961173,1782867745431867,False,True
324092349,0.99770000,114.00000000,340961174,340961174,1782867745592944,True,True
324092350,0.99770000,15.00000000,340961175,340961175,1782867745635042,True,True
324092351,0.99770000,300.00000000,340961176,340961176,1782867746425622,True,True
324092352,0.99770000,13.00000000,340961177,340961177,1782867755738942,True,True
324092353,0.99770000,10.00000000,340961178,340961178,1782867796520797,True,True
324092354,0.99780000,10.00000000,340961179,340961179,1782867849761306,False,True
324092355,0.99780000,300.00000000,340961180,340961180,1782867850454933,False,True
324092356,0.99770000,67.00000000,340961181,340961181,1782867851106393,True,True
324092357,0.99770000,300.00000000,340961182,340961182,1782867851420576,True,True
324092358,0.99770000,1171.00000000,340961183,340961184,1782867855571178,True,True
324092359,0.99770000,42.00000000,340961185,340961185,1782867864337716,True,True
324092360,0.99770000,30.00000000,340961186,340961186,1782867876311147,True,True
324092361,0.99770000,1170.00000000,340961187,340961187,1782867891166906,True,True
324092362,0.99780000,30.00000000,340961188,340961188,1782867893446379,False,True
324092363,0.99770000,22.00000000,340961189,340961189,1782867898736399,True,True
324092364,0.99770000,43.00000000,340961190,340961190,1782867901714376,True,True
324092365,0.99770000,1170.00000000,340961191,340961192,1782867904058071,True,True
324092366,0.99770000,67.00000000,340961193,340961193,1782867906642283,True,True
324092367,0.99770000,1170.00000000,340961194,340961194,1782867910970319,True,True
324092368,0.99770000,1170.00000000,340961195,340961196,1782867915229472,True,True
324092369,0.99770000,1170.00000000,340961197,340961197,1782867915812287,True,True
324092370,0.99770000,314.00000000,340961198,340961198,1782867915868278,True,True
324092371,0.99770000,1169.00000000,340961199,340961200,1782867916119240,True,True
324092372,0.99770000,1169.00000000,340961201,340961201,1782867916261345,True,True
324092373,0.99780000,300.00000000,340961202,340961202,1782867916433529,False,True
324092374,0.99770000,233.00000000,340961203,340961204,1782867916498854,True,True
324092375,0.99770000,935.00000000,340961205,340961205,1782867916539589,True,True
324092376,0.99770000,1169.00000000,340961206,340961207,1782867916746355,True,True
324092377,0.99770000,1169.00000000,340961208,340961208,1782867917056816,True,True
324092378,0.99770000,1169.00000000,340961209,340961210,1782867917120251,True,True
324092379,0.99770000,1169.00000000,340961211,340961211,1782867917151956,True,True
324092380,0.99770000,300.00000000,340961212,340961212,1782867917421999,True,True
324092381,0.99770000,9.00000000,340961213,340961213,1782867919875452,True,True
324092382,0.99770000,1169.00000000,340961214,340961214,1782867921001639,True,True
324092383,0.99770000,1169.00000000,340961215,340961215,1782867921030946,True,True
324092384,0.99770000,1168.00000000,340961216,340961216,1782867923388325,True,True
324092385,0.99770000,69.00000000,340961217,340961217,1782867925606549,True,True
324092386,0.99770000,1169.00000000,340961218,340961218,1782867934454163,True,True
324092387,0.99770000,1168.00000000,340961219,340961219,1782867940420177,True,True
324092388,0.99770000,37.00000000,340961220,340961220,1782867967830227,True,True
324092389,0.99770000,155.00000000,340961221,340961221,1782867971645336,True,True
324092390,0.99780000,100.00000000,340961222,340961222,1782867977575072,False,True
324092391,0.99770000,1170.00000000,340961223,340961223,1782867979229918,True,True
324092392,0.99770000,1170.00000000,340961224,340961224,1782867979238107,True,True
324092393,0.99770000,29.00000000,340961225,340961225,1782867982655809,True,True
324092394,0.99780000,300.00000000,340961226,340961226,1782867983442387,False,True
324092395,0.99770000,300.00000000,340961227,340961227,1782867984425927,True,True
324092396,0.99770000,1169.00000000,340961228,340961228,1782867989961567,True,True
324092397,0.99770000,6.00000000,340961229,340961229,1782867994642018,True,True
324092398,0.99770000,8.00000000,340961230,340961230,1782868005642808,True,True
324092399,0.99770000,1169.00000000,340961231,340961231,1782868007086408,True,True
324092400,0.99770000,76.00000000,340961232,340961232,1782868009293716,True,True
324092401,0.99770000,8.00000000,340961233,340961233,1782868019641799,True,True
324092402,0.99770000,1168.00000000,340961234,340961234,1782868036498821,True,True
324092403,0.99770000,21700.00000000,340961235,340961244,1782868036510953,True,True
324092404,0.99770000,65.00000000,340961245,340961245,1782868038766776,True,True
324092405,0.99780000,8.00000000,340961246,340961246,1782868052546690,False,True
324092406,0.99780000,300.00000000,340961247,340961248,1782868053424610,False,True
324092407,0.99770000,300.00000000,340961249,340961249,1782868054426889,True,True
324092408,0.99770000,175.00000000,340961250,340961250,1782868061724180,True,True
324092409,0.99770000,993.00000000,340961251,340961251,1782868061733260,True,True
324092410,0.99770000,1169.00000000,340961252,340961252,1782868066528371,True,True
324092411,0.99770000,37.00000000,340961253,340961253,1782868077477464,True,True
324092412,0.99770000,158.00000000,340961254,340961254,1782868080286852,True,True
324092413,0.99770000,1131.00000000,340961255,340961256,1782868081100332,True,True
324092414,0.99770000,3785.00000000,340961257,340961257,1782868081655946,True,True
324092415,0.99770000,1168.00000000,340961258,340961259,1782868082719562,True,True
324092416,0.99770000,7.00000000,340961260,340961260,1782868100644914,True,True
324092417,0.99770000,41.00000000,340961261,340961261,1782868107308752,True,True
324092418,0.99770000,1168.00000000,340961262,340961262,1782868108671482,True,True
324092419,0.99770000,55.00000000,340961263,340961263,1782868109631600,True,True
324092420,0.99770000,9.00000000,340961264,340961264,1782868111642377,True,True
324092421,0.99770000,1016.00000000,340961265,340961265,1782868119808408,True,True
324092422,0.99780000,300.00000000,340961266,340961266,1782868120435795,False,True
324092423,0.99770000,31.00000000,340961267,340961267,1782868120684862,True,True
324092424,0.99770000,300.00000000,340961268,340961268,1782868121425600,True,True
324092425,0.99770000,7.00000000,340961269,340961269,1782868123639859,True,True
324092426,0.99770000,1168.00000000,340961270,340961270,1782868130136093,True,True
324092427,0.99770000,1401.00000000,340961271,340961272,1782868130166252,True,True
324092428,0.99770000,876.00000000,340961273,340961273,1782868130166598,True,True
324092429,0.99770000,58.00000000,340961274,340961274,1782868130166840,True,True
324092430,0.99770000,1168.00000000,340961275,340961275,1782868130207072,True,True
324092431,0.99770000,1168.00000000,340961276,340961276,1782868130240149,True,True
324092432,0.99770000,8176.00000000,340961277,340961281,1782868130281227,True,True
324092433,0.99770000,116.00000000,340961282,340961282,1782868130284599,True,True
324092434,0.99770000,3854.00000000,340961283,340961284,1782868130302614,True,True
324092435,0.99770000,116.00000000,340961285,340961285,1782868130302745,True,True
324092436,0.99770000,759.00000000,340961286,340961286,1782868130303780,True,True
324092437,0.99770000,350.00000000,340961287,340961287,1782868130328981,True,True
324092438,0.99770000,992.00000000,340961288,340961288,1782868130342538,True,True
324092439,0.99770000,934.00000000,340961289,340961290,1782868130364055,True,True
324092440,0.99770000,8176.00000000,340961291,340961293,1782868130454556,True,True
324092441,0.99770000,116.00000000,340961294,340961294,1782868130685260,True,True
324092442,0.99770000,1752.00000000,340961295,340961297,1782868130840334,True,True
324092443,0.99770000,2920.00000000,340961298,340961300,1782868130870857,True,True
324092444,0.99770000,4672.00000000,340961301,340961304,1782868130892703,True,True
324092445,0.99770000,1635.00000000,340961305,340961306,1782868130905435,True,True
324092446,0.99770000,1868.00000000,340961307,340961307,1782868130905437,True,True
324092447,0.99780000,146.00000000,340961308,340961308,1782868131405149,False,True
324092448,0.99770000,934.00000000,340961309,340961311,1782868132099677,True,True
324092449,0.99770000,1167.00000000,340961312,340961312,1782868132398663,True,True
324092450,0.99770000,1167.00000000,340961313,340961313,1782868132432554,True,True
324092451,0.99770000,1167.00000000,340961314,340961314,1782868132502313,True,True
324092452,0.99770000,1167.00000000,340961315,340961315,1782868132510255,True,True
324092453,0.99770000,1109.00000000,340961316,340961317,1782868132539586,True,True
324092454,0.99770000,58.00000000,340961318,340961318,1782868132546944,True,True
324092455,0.99780000,31.00000000,340961319,340961319,1782868133445397,False,True
324092456,0.99770000,7.00000000,340961320,340961320,1782868133643920,True,True
324092457,0.99770000,11.00000000,340961321,340961321,1782868150645779,True,True
324092458,0.99770000,16.00000000,340961322,340961322,1782868161640976,True,True
324092459,0.99770000,29.00000000,340961323,340961323,1782868178688984,True,True
324092460,0.99770000,5827.00000000,340961324,340961324,1782868181414248,True,True
324092461,0.99770000,6414.00000000,340961325,340961325,1782868181429949,False,True
324092462,0.99770000,6613.00000000,340961326,340961326,1782868181431701,False,True
324092463,0.99770000,5469.00000000,340961327,340961327,1782868181442089,False,True
324092464,0.99770000,5826.00000000,340961328,340961328,1782868181444888,False,True
324092465,0.99770000,6683.00000000,340961329,340961329,1782868181451959,False,True
324092466,0.99770000,6024.00000000,340961330,340961330,1782868181458698,False,True
324092467,0.99770000,5361.00000000,340961331,340961331,1782868181459300,False,True
324092468,0.99770000,4895.00000000,340961332,340961332,1782868181466286,False,True
324092469,0.99770000,6677.00000000,340961333,340961333,1782868181467332,False,True
324092470,0.99770000,5702.00000000,340961334,340961334,1782868181474809,False,True
324092471,0.99770000,4735.00000000,340961335,340961335,1782868181484417,False,True
324092472,0.99770000,5540.00000000,340961336,340961336,1782868181491993,False,True
324092473,0.99770000,5476.00000000,340961337,340961337,1782868181499254,False,True
324092474,0.99770000,5198.00000000,340961338,340961338,1782868181508382,False,True
324092475,0.99770000,5490.00000000,340961339,340961339,1782868181508629,False,True
324092476,0.99770000,4667.00000000,340961340,340961340,1782868181516636,False,True
324092477,0.99770000,4916.00000000,340961341,340961341,1782868181517323,False,True
324092478,0.99770000,6437.00000000,340961342,340961342,1782868181526067,False,True
324092479,0.99770000,6604.00000000,340961343,340961343,1782868181534496,False,True
324092480,0.99770000,6243.00000000,340961344,340961344,1782868181534804,False,True
324092481,0.99770000,5354.00000000,340961345,340961345,1782868181541173,False,True
324092482,0.99770000,6085.00000000,340961346,340961346,1782868181544037,False,True
324092483,0.99770000,5242.00000000,340961347,340961347,1782868181548337,False,True
324092484,0.99770000,6804.00000000,340961348,340961348,1782868181554179,False,True
324092485,0.99770000,5732.00000000,340961349,340961349,1782868181555784,False,True
324092486,0.99770000,6611.00000000,340961350,340961350,1782868181564316,False,True
324092487,0.99770000,5987.00000000,340961351,340961351,1782868181572953,False,True
324092488,0.99770000,5220.00000000,340961352,340961352,1782868181573531,False,True
324092489,0.99770000,5533.00000000,340961353,340961353,1782868181581133,False,True
324092490,0.99770000,6343.00000000,340961354,340961354,1782868181590362,False,True
324092491,0.99770000,6494.00000000,340961355,340961355,1782868181590873,False,True
324092492,0.99770000,5133.00000000,340961356,340961356,1782868181598630,False,True
324092493,0.99770000,6585.00000000,340961357,340961357,1782868181606788,False,True
324092494,0.99770000,4797.00000000,340961358,340961358,1782868181616993,False,True
324092495,0.99770000,5341.00000000,340961359,340961359,1782868181623308,False,True
324092496,0.99770000,6188.00000000,340961360,340961360,1782868181630399,False,True
324092497,0.99770000,5064.00000000,340961361,340961361,1782868181630571,False,True
324092498,0.99770000,5909.00000000,340961362,340961362,1782868181639732,False,True
324092499,0.99770000,6516.00000000,340961363,340961363,1782868181640275,False,True
324092500,0.99770000,6480.00000000,340961364,340961364,1782868181648049,False,True
324092501,0.99770000,4730.00000000,340961365,340961365,1782868181649691,False,True
324092502,0.99770000,5549.00000000,340961366,340961366,1782868181658875,False,True
324092503,0.99770000,6341.00000000,340961367,340961367,1782868181659229,False,True
324092504,0.99770000,5294.00000000,340961368,340961368,1782868181668601,False,True
324092505,0.99770000,4751.00000000,340961369,340961369,1782868181673229,False,True
324092506,0.99770000,5917.00000000,340961370,340961370,1782868181677117,False,True
324092507,0.99770000,5211.00000000,340961371,340961371,1782868181681257,False,True
324092508,0.99770000,5390.00000000,340961372,340961372,1782868181685691,False,True
324092509,0.99770000,5680.00000000,340961373,340961373,1782868181689929,False,True
324092510,0.99770000,6304.00000000,340961374,340961374,1782868181693774,False,True
324092511,0.99770000,4926.00000000,340961375,340961375,1782868181700363,False,True
324092512,0.99770000,5920.00000000,340961376,340961376,1782868181703936,False,True
324092513,0.99770000,6216.00000000,340961377,340961377,1782868181707961,False,True
324092514,0.99770000,6845.00000000,340961378,340961378,1782868181711255,False,True
324092515,0.99770000,6183.00000000,340961379,340961379,1782868181715023,False,True
324092516,0.99770000,5525.00000000,340961380,340961380,1782868181720399,False,True
324092517,0.99770000,6466.00000000,340961381,340961381,1782868181721178,False,True
324092518,0.99770000,6776.00000000,340961382,340961382,1782868181728778,False,True
324092519,0.99770000,6053.00000000,340961383,340961383,1782868181730204,False,True
324092520,0.99770000,6153.00000000,340961384,340961384,1782868181737927,False,True
324092521,0.99770000,5037.00000000,340961385,340961385,1782868181746803,False,True
324092522,0.99770000,6417.00000000,340961386,340961386,1782868181747282,False,True
324092523,0.99770000,6646.00000000,340961387,340961387,1782868181756616,False,True
324092524,0.99770000,6572.00000000,340961388,340961388,1782868181756697,False,True
324092525,0.99770000,5490.00000000,340961389,340961389,1782868181764198,False,True
324092526,0.99770000,5410.00000000,340961390,340961390,1782868181764215,False,True
324092527,0.99770000,6523.00000000,340961391,340961391,1782868181771752,False,True
324092528,0.99770000,4906.00000000,340961392,340961392,1782868181772018,False,True
324092529,0.99770000,5935.00000000,340961393,340961393,1782868181784658,False,True
324092530,0.99770000,5121.00000000,340961394,340961394,1782868181784785,False,True
324092531,0.99770000,5683.00000000,340961395,340961395,1782868181794671,False,True
324092532,0.99770000,6848.00000000,340961396,340961396,1782868181803459,False,True
324092533,0.99770000,6062.00000000,340961397,340961397,1782868181804050,False,True
324092534,0.99770000,5442.00000000,340961398,340961398,1782868181810333,False,True
324092535,0.99770000,5477.00000000,340961399,340961399,1782868181819200,False,True
324092536,0.99770000,6402.00000000,340961400,340961400,1782868181826477,False,True
324092537,0.99770000,5253.00000000,340961401,340961401,1782868181826696,False,True
324092538,0.99770000,5478.00000000,340961402,340961402,1782868181833824,False,True
324092539,0.99770000,5493.00000000,340961403,340961403,1782868181841953,False,True
324092540,0.99770000,6241.00000000,340961404,340961404,1782868181852024,False,True
324092541,0.99770000,6504.00000000,340961405,340961407,1782868181852872,False,True
324092542,0.99770000,5703.00000000,340961408,340961408,1782868181861393,False,True
324092543,0.99770000,6851.00000000,340961409,340961409,1782868181861464,False,True
324092544,0.99770000,10.00000000,340961410,340961410,1782868181864176,False,True
324092545,0.99770000,6620.00000000,340961411,340961411,1782868181868586,False,True
324092546,0.99770000,6453.00000000,340961412,340961412,1782868181869153,False,True
324092547,0.99770000,6184.00000000,340961413,340961413,1782868181877004,False,True
324092548,0.99770000,5786.00000000,340961414,340961414,1782868181877043,False,True
324092549,0.99770000,5739.00000000,340961415,340961415,1782868181887124,False,True
324092550,0.99770000,6465.00000000,340961416,340961416,1782868181887438,False,True
324092551,0.99770000,5687.00000000,340961417,340961417,1782868181895228,False,True
324092552,0.99770000,4615.00000000,340961418,340961418,1782868181895726,False,True
324092553,0.99770000,10.00000000,340961419,340961419,1782868181903454,True,True
324092554,0.99770000,251.00000000,340961420,340961420,1782868183951789,True,True
324092555,0.99770000,251.00000000,340961421,340961421,1782868187151981,True,True
324092556,0.99770000,75.00000000,340961422,340961422,1782868187431981,True,True
324092557,0.99780000,300.00000000,340961423,340961423,1782868187433247,False,True
324092558,0.99770000,300.00000000,340961424,340961424,1782868188429595,True,True
324092559,0.99770000,34.00000000,340961425,340961425,1782868194598842,True,True
324092560,0.99770000,6.00000000,340961426,340961426,1782868200323994,True,True
324092561,0.99770000,22.00000000,340961427,340961427,1782868215811545,True,True
324092562,0.99770000,2779.00000000,340961428,340961428,1782868215837743,True,True
324092563,0.99770000,91.00000000,340961429,340961429,1782868216489201,True,True
324092564,0.99770000,18.00000000,340961430,340961430,1782868216642345,True,True
324092565,0.99770000,41.00000000,340961431,340961431,1782868218259563,True,True
324092566,0.99770000,21.00000000,340961432,340961432,1782868226641921,True,True
324092567,0.99770000,153.00000000,340961433,340961433,1782868226976757,True,True
324092568,0.99770000,1167.00000000,340961434,340961434,1782868227915605,True,True
324092569,0.99770000,314.00000000,340961435,340961435,1782868227982856,True,True
324092570,0.99770000,1167.00000000,340961436,340961437,1782868228043503,True,True
324092571,0.99770000,2334.00000000,340961438,340961438,1782868235065156,True,True
324092572,0.99770000,4669.00000000,340961439,340961440,1782868235126294,True,True
324092573,0.99770000,3502.00000000,340961441,340961441,1782868235223285,True,True
324092574,0.99770000,1167.00000000,340961442,340961442,1782868235239391,True,True
324092575,0.99770000,314.00000000,340961443,340961443,1782868235252683,True,True
324092576,0.99770000,1166.00000000,340961444,340961444,1782868235352556,True,True
324092577,0.99770000,504.00000000,340961445,340961445,1782868235475285,True,True
324092578,0.99770000,628.00000000,340961446,340961446,1782868236194885,True,True
324092579,0.99770000,1167.00000000,340961447,340961447,1782868236222014,True,True
324092580,0.99770000,408.00000000,340961448,340961448,1782868236233202,True,True
324092581,0.99770000,1166.00000000,340961449,340961449,1782868236278562,True,True
324092582,0.99770000,58.00000000,340961450,340961450,1782868237071411,True,True
324092583,0.99770000,1050.00000000,340961451,340961451,1782868237072261,True,True
324092584,0.99770000,58.00000000,340961452,340961452,1782868237073865,True,True
324092585,0.99770000,583.00000000,340961453,340961453,1782868238150597,True,True
324092586,0.99770000,583.00000000,340961454,340961454,1782868238150607,True,True
324092587,0.99770000,2332.00000000,340961455,340961455,1782868238269257,True,True
324092588,0.99770000,349.00000000,340961456,340961456,1782868238889947,True,True
324092589,0.99770000,1983.00000000,340961457,340961457,1782868238891647,True,True
324092590,0.99770000,1166.00000000,340961458,340961458,1782868238953203,True,True
324092591,0.99780000,10.00000000,340961459,340961459,1782868239115299,False,True
324092592,0.99780000,21.00000000,340961460,340961460,1782868240122033,False,True
324092593,0.99770000,21.00000000,340961461,340961461,1782868240628967,True,True
324092594,0.99770000,1255.00000000,340961462,340961462,1782868241495539,True,True
324092595,0.99770000,1255.00000000,340961463,340961463,1782868241500431,True,True
324092596,0.99770000,34.00000000,340961464,340961464,1782868242172894,True,True
324092597,0.99770000,1131.00000000,340961465,340961465,1782868242445888,True,True
324092598,0.99770000,34.00000000,340961466,340961466,1782868243072415,True,True
324092599,0.99770000,1166.00000000,340961467,340961467,1782868244562012,True,True
324092600,0.99770000,991.00000000,340961468,340961468,1782868244594238,True,True
324092601,0.99770000,174.00000000,340961469,340961469,1782868244596206,True,True
324092602,0.99770000,1166.00000000,340961470,340961470,1782868244604978,True,True
324092603,0.99770000,128.00000000,340961471,340961471,1782868244644897,True,True
324092604,0.99770000,583.00000000,340961472,340961472,1782868244660645,True,True
324092605,0.99770000,2040.00000000,340961473,340961473,1782868244661281,True,True
324092606,0.99770000,7870.00000000,340961474,340961474,1782868244661440,True,True
324092607,0.99770000,7695.00000000,340961475,340961475,1782868244661570,True,True
324092608,0.99770000,116.00000000,340961476,340961476,1782868244661631,True,True
324092609,0.99770000,7345.00000000,340961477,340961477,1782868244661883,True,True
324092610,0.99770000,12.00000000,340961478,340961478,1782868245853521,True,True
324092611,0.99770000,20.00000000,340961479,340961479,1782868246014114,True,True
324092612,0.99770000,39.00000000,340961480,340961480,1782868246599520,True,True
324092613,0.99770000,19.00000000,340961481,340961481,1782868246981461,True,True
324092614,0.99770000,50.00000000,340961482,340961482,1782868247556204,True,True
324092615,0.99770000,87.00000000,340961483,340961483,1782868247855204,True,True
324092616,0.99770000,40.00000000,340961484,340961484,1782868249943248,True,True
324092617,0.99780000,313.00000000,340961485,340961485,1782868250620869,False,True
324092618,0.99780000,313.00000000,340961486,340961486,1782868250623356,False,True
324092619,0.99770000,149.00000000,340961487,340961487,1782868250683891,True,True
324092620,0.99770000,545.00000000,340961488,340961488,1782868250695088,True,True
324092621,0.99770000,488.00000000,340961489,340961489,1782868250921325,True,True
324092622,0.99770000,310.00000000,340961490,340961490,1782868250956239,True,True
324092623,0.99770000,668.00000000,340961491,340961491,1782868250957694,True,True
324092624,0.99770000,505.00000000,340961492,340961492,1782868250961785,True,True
324092625,0.99770000,969.00000000,340961493,340961493,1782868250963000,True,True
324092626,0.99770000,365.00000000,340961494,340961494,1782868250971907,True,True
324092627,0.99770000,382.00000000,340961495,340961495,1782868250972534,True,True
324092628,0.99770000,512.00000000,340961496,340961496,1782868251071588,True,True
324092629,0.99770000,2432.00000000,340961497,340961497,1782868251077836,True,True
324092630,0.99770000,485.00000000,340961498,340961498,1782868251078054,True,True
324092631,0.99770000,1512.00000000,340961499,340961499,1782868251078734,True,True
324092632,0.99770000,268.00000000,340961500,340961500,1782868251087133,True,True
324092633,0.99770000,1165.00000000,340961501,340961501,1782868251248380,True,True
324092634,0.99770000,53.00000000,340961502,340961502,1782868251590977,True,True
324092635,0.99780000,545.00000000,340961503,340961504,1782868251895526,False,True
324092636,0.99770000,545.00000000,340961505,340961505,1782868251895562,True,True
324092637,0.99770000,752.00000000,340961506,340961506,1782868251969515,True,True
324092638,0.99770000,418.00000000,340961507,340961507,1782868252078331,True,True
324092639,0.99770000,15.00000000,340961508,340961508,1782868253042589,True,True
324092640,0.99770000,1417.00000000,340961509,340961509,1782868253304694,True,True
324092641,0.99770000,5970.00000000,340961510,340961510,1782868253305266,True,True
324092642,0.99770000,79.00000000,340961511,340961511,1782868253383714,True,True
324092643,0.99770000,15.00000000,340961512,340961512,1782868253387187,True,True
324092644,0.99780000,300.00000000,340961513,340961513,1782868253439400,False,True
324092645,0.99780000,32.00000000,340961514,340961514,1782868253449059,False,True
324092646,0.99770000,33.00000000,340961515,340961515,1782868253474885,True,True
324092647,0.99770000,36.00000000,340961516,340961516,1782868254274196,True,True
324092648,0.99770000,300.00000000,340961517,340961517,1782868254433026,True,True
324092649,0.99770000,64.00000000,340961518,340961518,1782868254766761,True,True
324092650,0.99770000,34.00000000,340961519,340961519,1782868255207031,True,True
324092651,0.99770000,313.00000000,340961520,340961520,1782868255922956,True,True
324092652,0.99770000,377.00000000,340961521,340961521,1782868255986251,True,True
324092653,0.99770000,442.00000000,340961522,340961522,1782868256363878,True,True
324092654,0.99770000,50.00000000,340961523,340961523,1782868256534522,True,True
324092655,0.99770000,111.00000000,340961524,340961524,1782868256565003,True,True
324092656,0.99770000,110.00000000,340961525,340961525,1782868256736040,True,True
324092657,0.99770000,146.00000000,340961526,340961526,1782868256798534,True,True
324092658,0.99770000,1165.00000000,340961527,340961527,1782868257192909,True,True
324092659,0.99770000,26.00000000,340961528,340961528,1782868257440524,True,True
324092660,0.99770000,1165.00000000,340961529,340961529,1782868257452494,True,True
324092661,0.99770000,233.00000000,340961530,340961530,1782868258556804,True,True
324092662,0.99770000,932.00000000,340961531,340961531,1782868258560687,True,True
324092663,0.99770000,1165.00000000,340961532,340961532,1782868258593931,True,True
324092664,0.99770000,2330.00000000,340961533,340961533,1782868258601195,True,True
324092665,0.99770000,24.00000000,340961534,340961534,1782868258770013,True,True
324092666,0.99770000,21.00000000,340961535,340961535,1782868258778124,True,True
324092667,0.99770000,1165.00000000,340961536,340961536,1782868259069126,True,True
324092668,0.99770000,808.00000000,340961537,340961537,1782868259077853,True,True
324092669,0.99770000,1165.00000000,340961538,340961538,1782868259087156,True,True
324092670,0.99770000,1202.00000000,340961539,340961539,1782868259090517,True,True
324092671,0.99770000,69.00000000,340961540,340961540,1782868259383291,True,True
324092672,0.99770000,1165.00000000,340961541,340961541,1782868259572038,True,True
324092673,0.99770000,291.00000000,340961542,340961542,1782868259606117,True,True
324092674,0.99770000,873.00000000,340961543,340961543,1782868259610382,True,True
324092675,0.99770000,1165.00000000,340961544,340961544,1782868259623810,True,True
324092676,0.99770000,62.00000000,340961545,340961545,1782868260011069,True,True
324092677,0.99770000,16.00000000,340961546,340961546,1782868262574940,True,True
324092678,0.99770000,313.00000000,340961547,340961547,1782868264061983,True,True
324092679,0.99770000,313.00000000,340961548,340961548,1782868264068087,True,True
324092680,0.99770000,1165.00000000,340961549,340961549,1782868264079768,True,True
324092681,0.99770000,51.00000000,340961550,340961550,1782868264082916,True,True
324092682,0.99770000,261.00000000,340961551,340961551,1782868264083204,True,True
324092683,0.99770000,313.00000000,340961552,340961552,1782868266374393,True,True
324092684,0.99770000,46008.00000000,340961553,340961561,1782868267931649,True,True
324092685,0.99770000,5962.00000000,340961562,340961562,1782868267950026,False,True
324092686,0.99770000,4708.00000000,340961563,340961563,1782868267959087,False,True
324092687,0.99770000,10.00000000,340961564,340961564,1782868267961516,False,True
324092688,0.99770000,5233.00000000,340961565,340961565,1782868267967107,False,True
324092689,0.99770000,4980.00000000,340961566,340961566,1782868267967688,False,True
324092690,0.99770000,5193.00000000,340961567,340961567,1782868267974578,False,True
324092691,0.99770000,4793.00000000,340961568,340961568,1782868267976892,False,True
324092692,0.99770000,4994.00000000,340961569,340961569,1782868267985493,False,True
324092693,0.99770000,6964.00000000,340961570,340961570,1782868267994167,False,True
324092694,0.99770000,6741.00000000,340961571,340961572,1782868268002163,False,True
324092695,0.99770000,5780.00000000,340961573,340961573,1782868268002296,False,True
324092696,0.99770000,5655.00000000,340961574,340961574,1782868268009628,False,True
324092697,0.99770000,5007.00000000,340961575,340961576,1782868268010476,False,True
324092698,0.99770000,6932.00000000,340961577,340961577,1782868268017836,False,True
324092699,0.99770000,5652.00000000,340961578,340961578,1782868268018910,False,True
324092700,0.99770000,6563.00000000,340961579,340961579,1782868268027801,False,True
324092701,0.99770000,5699.00000000,340961580,340961580,1782868268036483,False,True
324092702,0.99770000,4848.00000000,340961581,340961581,1782868268042664,False,True
324092703,0.99770000,2517.00000000,340961582,340961582,1782868268043216,False,True
324092704,0.99770000,10.00000000,340961583,340961583,1782868268079931,True,True
324092705,0.99780000,94.00000000,340961584,340961584,1782868269344198,False,True
324092706,0.99770000,87.00000000,340961585,340961585,1782868269642857,True,True
324092707,0.99770000,42.00000000,340961586,340961586,1782868270801711,True,True
324092708,0.99770000,50.00000000,340961587,340961587,1782868271409387,True,True
324092709,0.99770000,313.00000000,340961588,340961588,1782868275749748,True,True
324092710,0.99780000,158.00000000,340961589,340961589,1782868275758937,False,True
324092711,0.99770000,251.00000000,340961590,340961590,1782868278807515,True,True
324092712,0.99780000,34079.00000000,340961591,340961593,1782868282574255,False,True
324092713,0.99770000,313.00000000,340961594,340961594,1782868285397859,True,True
324092714,0.99780000,10.00000000,340961595,340961595,1782868285770606,False,True
324092715,0.99780000,292.00000000,340961596,340961596,1782868290623087,False,True
324092716,0.99770000,1165.00000000,340961597,340961597,1782868293496164,True,True
324092717,0.99770000,1165.00000000,340961598,340961598,1782868294861859,True,True
324092718,0.99770000,313.00000000,340961599,340961599,1782868300784312,True,True
324092719,0.99770000,1282.00000000,340961600,340961601,1782868309337342,True,True
324092720,0.99770000,15.00000000,340961602,340961602,1782868310888712,True,True
324092721,0.99780000,313.00000000,340961603,340961603,1782868314303630,False,True
324092722,0.99770000,545.00000000,340961604,340961604,1782868314311705,True,True
324092723,0.99770000,18.00000000,340961605,340961605,1782868316136342,True,True
324092724,0.99780000,291.00000000,340961606,340961606,1782868319371535,False,True
324092725,0.99780000,291.00000000,340961607,340961607,1782868319707247,False,True
324092726,0.99780000,3006.00000000,340961608,340961609,1782868319856845,False,True
324092727,0.99780000,7.00000000,340961610,340961610,1782868320424380,False,True
324092728,0.99780000,300.00000000,340961611,340961611,1782868320440314,False,True
324092729,0.99770000,90.00000000,340961612,340961612,1782868320832073,True,True
324092730,0.99770000,300.00000000,340961613,340961613,1782868321426717,True,True
324092731,0.99770000,10.00000000,340961614,340961614,1782868332406994,True,True
324092732,0.99770000,41.00000000,340961615,340961615,1782868345784032,True,True
324092733,0.99770000,1164.00000000,340961616,340961616,1782868353345913,True,True
324092734,0.99770000,17.00000000,340961617,340961617,1782868358217795,True,True
324092735,0.99770000,18.00000000,340961618,340961618,1782868362644902,True,True
324092736,0.99770000,1164.00000000,340961619,340961619,1782868364878361,True,True
324092737,0.99770000,1164.00000000,340961620,340961620,1782868364924793,True,True
324092738,0.99780000,343.00000000,340961621,340961621,1782868364939395,False,True
324092739,0.99770000,312.00000000,340961622,340961622,1782868365021073,True,True
324092740,0.99780000,2326.00000000,340961623,340961626,1782868365047032,False,True
324092741,0.99770000,355.00000000,340961627,340961627,1782868365048031,True,True
324092742,0.99780000,1163.00000000,340961628,340961629,1782868365052452,False,True
324092743,0.99780000,145.00000000,340961630,340961630,1782868365069221,False,True
324092744,0.99770000,544.00000000,340961631,340961632,1782868365197786,True,True
324092745,0.99770000,312.00000000,340961633,340961633,1782868365249805,True,True
324092746,0.99770000,19.00000000,340961634,340961634,1782868365266640,True,True
324092747,0.99770000,1163.00000000,340961635,340961635,1782868365330225,True,True
324092748,0.99770000,312.00000000,340961636,340961636,1782868365454677,True,True
324092749,0.99780000,145.00000000,340961637,340961637,1782868365468328,False,True
324092750,0.99770000,639.00000000,340961638,340961639,1782868365516973,True,True
324092751,0.99770000,523.00000000,340961640,340961640,1782868365517638,True,True
324092752,0.99770000,99.00000000,340961641,340961641,1782868365610052,True,True
324092753,0.99770000,99.00000000,340961642,340961642,1782868365610119,True,True
324092754,0.99770000,2995.00000000,340961643,340961644,1782868365615523,True,True
324092755,0.99780000,145.00000000,340961645,340961646,1782868365658823,False,True
324092756,0.99770000,39.00000000,340961647,340961647,1782868365681126,True,True
324092757,0.99770000,1104.00000000,340961648,340961648,1782868365734470,True,True
324092758,0.99770000,58.00000000,340961649,340961649,1782868365734474,True,True
324092759,0.99780000,1758.00000000,340961650,340961653,1782868365752945,False,True
324092760,0.99780000,21.00000000,340961654,340961654,1782868365754827,False,True
324092761,0.99770000,1162.00000000,340961655,340961655,1782868365764020,True,True
324092762,0.99770000,543.00000000,340961656,340961656,1782868365825329,True,True
324092763,0.99770000,434.00000000,340961657,340961657,1782868365832803,True,True
324092764,0.99780000,9784.00000000,340961658,340961662,1782868365884461,False,True
324092765,0.99780000,14786.00000000,340961663,340961669,1782868365885545,False,True
324092766,0.99770000,312.00000000,340961670,340961670,1782868365886926,True,True
324092767,0.99780000,20.00000000,340961671,340961671,1782868365889205,False,True
324092768,0.99780000,7200.00000000,340961672,340961675,1782868365889648,False,True
324092769,0.99770000,312.00000000,340961676,340961676,1782868365891007,True,True
324092770,0.99780000,115.00000000,340961677,340961677,1782868365891384,False,True
324092771,0.99780000,50.00000000,340961678,340961678,1782868365892294,False,True
324092772,0.99780000,1903.00000000,340961679,340961680,1782868365893448,False,True
324092773,0.99780000,146.00000000,340961681,340961681,1782868365895430,False,True
324092774,0.99780000,6.00000000,340961682,340961682,1782868365895507,False,True
324092775,0.99780000,6.00000000,340961683,340961683,1782868365895513,False,True
324092776,0.99780000,10.00000000,340961684,340961684,1782868365895521,False,True
324092777,0.99780000,146.00000000,340961685,340961685,1782868365895667,False,True
324092778,0.99780000,1927.00000000,340961686,340961687,1782868365896692,False,True
324092779,0.99780000,149.00000000,340961688,340961688,1782868365897008,False,True
324092780,0.99780000,1927.00000000,340961689,340961690,1782868365897042,False,True
324092781,0.99780000,1927.00000000,340961691,340961692,1782868365897076,False,True
324092782,0.99780000,6262.00000000,340961693,340961696,1782868365898601,False,True
324092783,0.99780000,2409.00000000,340961697,340961698,1782868365902074,False,True
324092784,0.99780000,2132.00000000,340961699,340961700,1782868365903713,False,True
324092785,0.99780000,2132.00000000,340961701,340961702,1782868365904018,False,True
324092786,0.99770000,312.00000000,340961703,340961703,1782868365904801,True,True
324092787,0.99780000,11156.00000000,340961704,340961712,1782868365904954,False,True
324092788,0.99780000,9702.00000000,340961713,340961721,1782868365905080,False,True
324092789,0.99780000,16297.00000000,340961722,340961723,1782868365912106,False,True
324092790,0.99780000,16297.00000000,340961724,340961731,1782868365912138,False,True
324092791,0.99780000,2616.00000000,340961732,340961733,1782868365913233,False,True
324092792,0.99780000,2616.00000000,340961734,340961735,1782868365913574,False,True
324092793,0.99780000,2616.00000000,340961736,340961737,1782868365913948,False,True
324092794,0.99780000,4012.00000000,340961738,340961740,1782868365918176,False,True
324092795,0.99770000,936.00000000,340961741,340961741,1782868365921485,True,True
324092796,0.99780000,9787.00000000,340961742,340961745,1782868365925101,False,True
324092797,0.99780000,9851.00000000,340961746,340961751,1782868365934053,False,True
324092798,0.99780000,5135.00000000,340961752,340961756,1782868365935211,False,True
324092799,0.99780000,9505.00000000,340961757,340961757,1782868365935270,False,True
324092800,0.99780000,367.00000000,340961758,340961758,1782868365946864,False,True
324092801,0.99780000,9743.00000000,340961759,340961764,1782868365952162,False,True
324092802,0.99780000,9816.00000000,340961765,340961769,1782868365954519,False,True
324092803,0.99770000,312.00000000,340961770,340961770,1782868365956051,True,True
324092804,0.99780000,8380.00000000,340961771,340961774,1782868365956859,False,True
324092805,0.99780000,367.00000000,340961775,340961776,1782868365961961,False,True
324092806,0.99780000,5.00000000,340961777,340961777,1782868365968264,False,True
324092807,0.99780000,77.00000000,340961778,340961778,1782868365968461,False,True
324092808,0.99780000,32.00000000,340961779,340961779,1782868365969294,False,True
324092809,0.99780000,2466.00000000,340961780,340961781,1782868365970909,False,True
324092810,0.99780000,822.00000000,340961782,340961782,1782868365972066,False,True
324092811,0.99780000,2999.00000000,340961783,340961786,1782868365978051,False,True
324092812,0.99780000,367.00000000,340961787,340961787,1782868365979599,False,True
324092813,0.99780000,116.00000000,340961788,340961788,1782868365997973,False,True
324092814,0.99780000,28.00000000,340961789,340961789,1782868365998006,False,True
324092815,0.99780000,2188.00000000,340961790,340961791,1782868365998151,False,True
324092816,0.99780000,367.00000000,340961792,340961792,1782868365999319,False,True
324092817,0.99780000,822.00000000,340961793,340961793,1782868366004240,False,True
324092818,0.99780000,536.00000000,340961794,340961795,1782868366009857,False,True
324092819,0.99780000,536.00000000,340961796,340961796,1782868366013616,False,True
324092820,0.99770000,1162.00000000,340961797,340961797,1782868366017357,True,True
324092821,0.99780000,5365.00000000,340961798,340961800,1782868366018602,False,True
324092822,0.99780000,362.00000000,340961801,340961802,1782868366021388,False,True
324092823,0.99780000,367.00000000,340961803,340961803,1782868366021895,False,True
324092824,0.99780000,367.00000000,340961804,340961804,1782868366024327,False,True
324092825,0.99780000,1161.00000000,340961805,340961806,1782868366028161,False,True
324092826,0.99780000,536.00000000,340961807,340961807,1782868366038253,False,True
324092827,0.99780000,824.00000000,340961808,340961808,1782868366046782,False,True
324092828,0.99780000,10.00000000,340961809,340961809,1782868366053184,False,True
324092829,0.99770000,312.00000000,340961810,340961810,1782868366053681,True,True
324092830,0.99780000,7611.00000000,340961811,340961815,1782868366054480,False,True
324092831,0.99770000,26.00000000,340961816,340961816,1782868366058261,True,True
324092832,0.99780000,392.00000000,340961817,340961817,1782868366065886,False,True
324092833,0.99780000,392.00000000,340961818,340961818,1782868366083603,False,True
324092834,0.99780000,131.00000000,340961819,340961819,1782868366090919,False,True
324092835,0.99780000,9.00000000,340961820,340961820,1782868366115309,False,True
324092836,0.99780000,9.00000000,340961821,340961821,1782868366115771,False,True
324092837,0.99780000,9.00000000,340961822,340961822,1782868366118273,False,True
324092838,0.99770000,165.00000000,340961823,340961823,1782868366118571,True,True
324092839,0.99780000,9.00000000,340961824,340961824,1782868366118623,False,True
324092840,0.99780000,9.00000000,340961825,340961825,1782868366135143,False,True
324092841,0.99780000,367.00000000,340961826,340961826,1782868366145764,False,True
324092842,0.99780000,367.00000000,340961827,340961827,1782868366159557,False,True
324092843,0.99780000,40.00000000,340961828,340961828,1782868366162648,False,True
324092844,0.99780000,94.00000000,340961829,340961830,1782868366166566,False,True
324092845,0.99780000,40.00000000,340961831,340961831,1782868366168598,False,True
324092846,0.99780000,40.00000000,340961832,340961833,1782868366168940,False,True
324092847,0.99780000,646.00000000,340961834,340961835,1782868366169543,False,True
324092848,0.99780000,367.00000000,340961836,340961836,1782868366169791,False,True
324092849,0.99780000,40.00000000,340961837,340961837,1782868366169998,False,True
324092850,0.99780000,40.00000000,340961838,340961838,1782868366170487,False,True
324092851,0.99780000,367.00000000,340961839,340961839,1782868366177374,False,True
324092852,0.99780000,367.00000000,340961840,340961840,1782868366182642,False,True
324092853,0.99780000,478.00000000,340961841,340961842,1782868366196884,False,True
324092854,0.99780000,336.00000000,340961843,340961843,1782868366199535,False,True
324092855,0.99780000,2011.00000000,340961844,340961845,1782868366202967,False,True
324092856,0.99780000,334.00000000,340961846,340961846,1782868366206266,False,True
324092857,0.99780000,334.00000000,340961847,340961847,1782868366208567,False,True
324092858,0.99770000,94.00000000,340961848,340961848,1782868366211765,True,True
324092859,0.99780000,651.00000000,340961849,340961849,1782868366211797,False,True
324092860,0.99770000,7.00000000,340961850,340961850,1782868366261202,True,True
324092861,0.99780000,904.00000000,340961851,340961851,1782868366271637,False,True
324092862,0.99780000,483.00000000,340961852,340961852,1782868366273636,False,True
324092863,0.99780000,1022.00000000,340961853,340961853,1782868366288675,False,True
324092864,0.99780000,9702.00000000,340961854,340961857,1782868366307012,False,True
324092865,0.99780000,9739.00000000,340961858,340961862,1782868366307462,False,True
324092866,0.99780000,9718.00000000,340961863,340961867,1782868366307483,False,True
324092867,0.99780000,84.00000000,340961868,340961868,1782868366312232,False,True
324092868,0.99780000,84.00000000,340961869,340961869,1782868366312834,False,True
324092869,0.99780000,631.00000000,340961870,340961870,1782868366336126,False,True
324092870,0.99780000,9504.00000000,340961871,340961873,1782868366381995,False,True
324092871,0.99780000,26759.00000000,340961874,340961880,1782868366382101,False,True
324092872,0.99780000,26805.00000000,340961881,340961886,1782868366384674,False,True
324092873,0.99780000,882.00000000,340961887,340961887,1782868366388243,False,True
324092874,0.99780000,2920.00000000,340961888,340961889,1782868366396170,False,True
324092875,0.99780000,437.00000000,340961890,340961890,1782868366402531,False,True
324092876,0.99780000,614.00000000,340961891,340961891,1782868366412915,False,True
324092877,0.99780000,9765.00000000,340961892,340961898,1782868366422360,False,True
324092878,0.99780000,367.00000000,340961899,340961899,1782868366424510,False,True
324092879,0.99780000,5457.00000000,340961900,340961904,1782868366425576,False,True
324092880,0.99790000,4283.00000000,340961905,340961907,1782868366425576,False,True
324092881,0.99790000,312.00000000,340961908,340961909,1782868366427846,False,True
324092882,0.99790000,98.00000000,340961910,340961910,1782868366440612,False,True
324092883,0.99790000,206.00000000,340961911,340961911,1782868366469839,False,True
324092884,0.99790000,9760.00000000,340961912,340961916,1782868366471429,False,True
324092885,0.99790000,19550.00000000,340961917,340961926,1782868366471841,False,True
324092886,0.99790000,10542.00000000,340961927,340961931,1782868366472303,False,True
324092887,0.99790000,9720.00000000,340961932,340961936,1782868366472586,False,True
324092888,0.99790000,9767.00000000,340961937,340961939,1782868366472713,False,True
324092889,0.99790000,6211.00000000,340961940,340961943,1782868366476356,False,True
324092890,0.99790000,9760.00000000,340961944,340961948,1782868366477751,False,True
324092891,0.99790000,9720.00000000,340961949,340961953,1782868366478253,False,True
324092892,0.99790000,11518.00000000,340961954,340961960,1782868366478324,False,True
324092893,0.99790000,9767.00000000,340961961,340961965,1782868366478421,False,True
324092894,0.99780000,149.00000000,340961966,340961966,1782868366479377,True,True
324092895,0.99790000,1819.00000000,340961967,340961968,1782868366480980,False,True
324092896,0.99790000,2996.00000000,340961969,340961971,1782868366481781,False,True
324092897,0.99790000,1819.00000000,340961972,340961972,1782868366482540,False,True
324092898,0.99790000,104.00000000,340961973,340961973,1782868366494501,False,True
324092899,0.99790000,104.00000000,340961974,340961974,1782868366495227,False,True
324092900,0.99790000,104.00000000,340961975,340961975,1782868366495576,False,True
324092901,0.99780000,54.00000000,340961976,340961976,1782868366502749,True,True
324092902,0.99790000,600.00000000,340961977,340961978,1782868366506071,False,True
324092903,0.99790000,376.00000000,340961979,340961979,1782868366511424,False,True
324092904,0.99780000,1161.00000000,340961980,340961980,1782868366535208,True,True
324092905,0.99780000,191.00000000,340961981,340961981,1782868366548293,True,True
324092906,0.99780000,1161.00000000,340961982,340961982,1782868366567721,True,True
324092907,0.99780000,543.00000000,340961983,340961983,1782868366585731,True,True
324092908,0.99780000,543.00000000,340961984,340961984,1782868366587684,True,True
324092909,0.99790000,2386.00000000,340961985,340961986,1782868366655985,False,True
324092910,0.99780000,1874.00000000,340961987,340961989,1782868366671542,True,True
324092911,0.99780000,1872.00000000,340961990,340961990,1782868366674564,True,True
324092912,0.99780000,591.00000000,340961991,340961991,1782868366676190,True,True
324092913,0.99780000,1400.00000000,340961992,340961993,1782868366677739,True,True
324092914,0.99790000,6314.00000000,340961994,340961997,1782868366708312,False,True
324092915,0.99780000,465.00000000,340961998,340961998,1782868366713357,True,True
324092916,0.99790000,414.00000000,340961999,340961999,1782868366716498,False,True
324092917,0.99790000,3050.00000000,340962000,340962001,1782868366716533,False,True
324092918,0.99790000,262.00000000,340962002,340962002,1782868366716693,False,True
324092919,0.99790000,3755.00000000,340962003,340962005,1782868366716913,False,True
324092920,0.99790000,603.00000000,340962006,340962006,1782868366717757,False,True
324092921,0.99780000,239.00000000,340962007,340962007,1782868366743589,True,True
324092922,0.99780000,675.00000000,340962008,340962008,1782868366743816,True,True
324092923,0.99780000,94.00000000,340962009,340962009,1782868366753151,True,True
324092924,0.99780000,326.00000000,340962010,340962010,1782868366812397,True,True
324092925,0.99780000,1838.00000000,340962011,340962012,1782868366866505,True,True
324092926,0.99780000,931.00000000,340962013,340962013,1782868366898525,True,True
324092927,0.99780000,1805.00000000,340962014,340962014,1782868366921951,True,True
324092928,0.99780000,185.00000000,340962015,340962015,1782868366922163,True,True
324092929,0.99780000,1159.00000000,340962016,340962016,1782868366927068,True,True
324092930,0.99780000,1640.00000000,340962017,340962018,1782868366941575,True,True
324092931,0.99780000,1873.00000000,340962019,340962019,1782868366985053,True,True
324092932,0.99780000,6372.00000000,340962020,340962022,1782868367059096,True,True
324092933,0.99780000,1906.00000000,340962023,340962023,1782868367079549,True,True
324092934,0.99780000,353.00000000,340962024,340962024,1782868367108816,True,True
324092935,0.99780000,543.00000000,340962025,340962025,1782868367122286,True,True
324092936,0.99780000,641.00000000,340962026,340962026,1782868367136141,True,True
324092937,0.99780000,524.00000000,340962027,340962028,1782868367136821,True,True
324092938,0.99780000,872.00000000,340962029,340962029,1782868367140630,True,True
324092939,0.99780000,1223.00000000,340962030,340962030,1782868367143467,True,True
324092940,0.99780000,990.00000000,340962031,340962031,1782868367145529,True,True
324092941,0.99780000,422.00000000,340962032,340962032,1782868367150691,True,True
324092942,0.99780000,641.00000000,340962033,340962034,1782868367152403,True,True
324092943,0.99780000,291.00000000,340962035,340962035,1782868367152563,True,True
324092944,0.99780000,407.00000000,340962036,340962036,1782868367154584,True,True
324092945,0.99780000,57.00000000,340962037,340962037,1782868367173274,True,True
324092946,0.99780000,485.00000000,340962038,340962038,1782868367180803,True,True
324092947,0.99780000,1048.00000000,340962039,340962039,1782868367229783,True,True
324092948,0.99780000,990.00000000,340962040,340962040,1782868367230920,True,True
324092949,0.99780000,407.00000000,340962041,340962041,1782868367231168,True,True
324092950,0.99780000,1281.00000000,340962042,340962043,1782868367231389,True,True
324092951,0.99780000,1048.00000000,340962044,340962044,1782868367231404,True,True
324092952,0.99780000,990.00000000,340962045,340962045,1782868367232738,True,True
324092953,0.99780000,1223.00000000,340962046,340962046,1782868367232905,True,True
324092954,0.99780000,699.00000000,340962047,340962047,1782868367233961,True,True
324092955,0.99780000,466.00000000,340962048,340962049,1782868367234437,True,True
324092956,0.99780000,1281.00000000,340962050,340962050,1782868367264376,True,True
324092957,0.99780000,990.00000000,340962051,340962051,1782868367264409,True,True
324092958,0.99780000,641.00000000,340962052,340962052,1782868367286627,True,True
324092959,0.99780000,36.00000000,340962053,340962053,1782868367340470,True,True
324092960,0.99780000,54.00000000,340962054,340962054,1782868367381441,True,True
324092961,0.99780000,174.00000000,340962055,340962055,1782868367399897,True,True
324092962,0.99780000,2150.00000000,340962056,340962057,1782868367400569,True,True
324092963,0.99790000,997.00000000,340962058,340962059,1782868367505256,False,True
324092964,0.99780000,15.00000000,340962060,340962060,1782868367607693,True,True
324092965,0.99780000,333.00000000,340962061,340962061,1782868367609431,True,True
324092966,0.99780000,762.00000000,340962062,340962062,1782868367609466,True,True
324092967,0.99780000,434.00000000,340962063,340962063,1782868367609858,True,True
324092968,0.99780000,762.00000000,340962064,340962064,1782868367609930,True,True
324092969,0.99780000,762.00000000,340962065,340962065,1782868367609977,True,True
324092970,0.99780000,198.00000000,340962066,340962066,1782868367630280,True,True
324092971,0.99780000,1161.00000000,340962067,340962067,1782868367635988,True,True
324092972,0.99780000,290.00000000,340962068,340962068,1782868367654287,True,True
324092973,0.99780000,1283.00000000,340962069,340962070,1782868367669683,True,True
324092974,0.99780000,2550.00000000,340962071,340962071,1782868367670952,True,True
324092975,0.99780000,1161.00000000,340962072,340962073,1782868367771558,True,True
324092976,0.99780000,10.00000000,340962074,340962074,1782868367853942,True,True
324092977,0.99780000,388.00000000,340962075,340962075,1782868367859722,True,True
324092978,0.99780000,697.00000000,340962076,340962076,1782868368150233,True,True
324092979,0.99780000,614.00000000,340962077,340962077,1782868368159905,True,True
324092980,0.99780000,283.00000000,340962078,340962078,1782868368180813,True,True
324092981,0.99780000,697.00000000,340962079,340962079,1782868368201330,True,True
324092982,0.99780000,144.00000000,340962080,340962080,1782868368225283,True,True
324092983,0.99780000,348.00000000,340962081,340962081,1782868368235699,True,True
324092984,0.99780000,22.00000000,340962082,340962082,1782868368285736,True,True
324092985,0.99780000,543.00000000,340962083,340962083,1782868368534714,True,True
324092986,0.99780000,543.00000000,340962084,340962084,1782868368538763,True,True
324092987,0.99780000,571.00000000,340962085,340962086,1782868368622238,True,True
324092988,0.99780000,972.00000000,340962087,340962087,1782868368763692,True,True
324092989,0.99780000,78.00000000,340962088,340962088,1782868368774532,True,True
324092990,0.99780000,27.00000000,340962089,340962089,1782868368842300,True,True
324092991,0.99780000,235.00000000,340962090,340962090,1782868368928148,True,True
324092992,0.99780000,336.00000000,340962091,340962091,1782868369086163,True,True
324092993,0.99780000,13.00000000,340962092,340962092,1782868369135744,True,True
324092994,0.99780000,119.00000000,340962093,340962093,1782868369144212,True,True
324092995,0.99780000,239.00000000,340962094,340962094,1782868369539839,True,True
324092996,0.99780000,2996.00000000,340962095,340962096,1782868369546116,True,True
324092997,0.99780000,15.00000000,340962097,340962097,1782868369844686,True,True
324092998,0.99780000,223.00000000,340962098,340962098,1782868369856183,True,True
324092999,0.99780000,306.00000000,340962099,340962099,1782868369856326,True,True
324093000,0.99780000,13.00000000,340962100,340962100,1782868369856489,True,True
324093001,0.99780000,20.00000000,340962101,340962101,1782868369873688,True,True
324093002,0.99780000,218.00000000,340962102,340962102,1782868369882178,True,True
324093003,0.99780000,239.00000000,340962103,340962103,1782868369889859,True,True
324093004,0.99790000,15.00000000,340962104,340962104,1782868370009906,False,True
324093005,0.99790000,13.00000000,340962105,340962105,1782868370016414,False,True
324093006,0.99790000,41.00000000,340962106,340962106,1782868370017218,False,True
324093007,0.99790000,21.00000000,340962107,340962107,1782868370017827,False,True
324093008,0.99790000,29.00000000,340962108,340962108,1782868370034130,False,True
324093009,0.99790000,66.00000000,340962109,340962109,1782868370038494,False,True
324093010,0.99790000,50.00000000,340962110,340962110,1782868370038597,False,True
324093011,0.99780000,1011.00000000,340962111,340962111,1782868370083127,True,True
324093012,0.99780000,748.00000000,340962112,340962112,1782868370091273,True,True
324093013,0.99780000,201.00000000,340962113,340962113,1782868370191801,True,True
324093014,0.99780000,110.00000000,340962114,340962114,1782868370205898,True,True
324093015,0.99780000,312.00000000,340962115,340962115,1782868370224671,True,True
324093016,0.99780000,312.00000000,340962116,340962116,1782868370245207,True,True
324093017,0.99780000,312.00000000,340962117,340962117,1782868370255440,True,True
324093018,0.99780000,164.00000000,340962118,340962118,1782868370337244,True,True
324093019,0.99780000,523.00000000,340962119,340962119,1782868370399711,True,True
324093020,0.99780000,872.00000000,340962120,340962121,1782868370400361,True,True
324093021,0.99780000,929.00000000,340962122,340962122,1782868370403226,True,True
324093022,0.99780000,988.00000000,340962123,340962123,1782868370479834,True,True
324093023,0.99790000,312.00000000,340962124,340962124,1782868370489676,False,True
324093024,0.99780000,312.00000000,340962125,340962125,1782868370491259,True,True
324093025,0.99780000,543.00000000,340962126,340962126,1782868370495767,True,True
324093026,0.99780000,348.00000000,340962127,340962127,1782868370535862,True,True
324093027,0.99780000,383.00000000,340962128,340962128,1782868370540053,True,True
324093028,0.99780000,987.00000000,340962129,340962130,1782868370542639,True,True
324093029,0.99780000,563.00000000,340962131,340962131,1782868370545057,True,True
324093030,0.99780000,33.00000000,340962132,340962132,1782868370673094,True,True
324093031,0.99780000,312.00000000,340962133,340962133,1782868371069570,True,True
324093032,0.99780000,988.00000000,340962134,340962134,1782868371420100,True,True
324093033,0.99780000,987.00000000,340962135,340962135,1782868371452915,True,True
324093034,0.99790000,53.00000000,340962136,340962136,1782868372052326,False,True
324093035,0.99780000,2051.00000000,340962137,340962138,1782868372082500,True,True
324093036,0.99780000,129.00000000,340962139,340962139,1782868372127316,True,True
324093037,0.99780000,977.00000000,340962140,340962140,1782868372468824,True,True
324093038,0.99780000,2321.00000000,340962141,340962142,1782868372479013,True,True
324093039,0.99780000,1571.00000000,340962143,340962143,1782868372528627,True,True
324093040,0.99780000,766.00000000,340962144,340962144,1782868372543169,True,True
324093041,0.99780000,312.00000000,340962145,340962145,1782868372555904,True,True
324093042,0.99780000,290.00000000,340962146,340962146,1782868372566253,True,True
324093043,0.99790000,311.00000000,340962147,340962147,1782868372571793,False,True
324093044,0.99780000,142.00000000,340962148,340962148,1782868372651434,True,True
324093045,0.99780000,311.00000000,340962149,340962150,1782868372657963,True,True
324093046,0.99780000,311.00000000,340962151,340962151,1782868372688933,True,True
324093047,0.99780000,311.00000000,340962152,340962152,1782868372725172,True,True
324093048,0.99780000,311.00000000,340962153,340962153,1782868372753005,True,True
324093049,0.99780000,20.00000000,340962154,340962154,1782868372788846,True,True
324093050,0.99780000,99.00000000,340962155,340962155,1782868372816581,True,True
324093051,0.99780000,19.00000000,340962156,340962156,1782868372817532,True,True
324093052,0.99780000,241.00000000,340962157,340962157,1782868372923640,True,True
324093053,0.99780000,27.00000000,340962158,340962158,1782868372934617,True,True
324093054,0.99780000,311.00000000,340962159,340962159,1782868372962710,True,True
324093055,0.99780000,4988.00000000,340962160,340962161,1782868372970459,True,True
324093056,0.99780000,180.00000000,340962162,340962162,1782868372977907,True,True
324093057,0.99780000,131.00000000,340962163,340962163,1782868372978305,True,True
324093058,0.99780000,979.00000000,340962164,340962164,1782868372985727,True,True
324093059,0.99780000,1110.00000000,340962165,340962166,1782868372986748,True,True
324093060,0.99780000,1110.00000000,340962167,340962167,1782868372988214,True,True
324093061,0.99780000,1110.00000000,340962168,340962168,1782868372988537,True,True
324093062,0.99780000,623.00000000,340962169,340962169,1782868373118009,True,True
324093063,0.99780000,623.00000000,340962170,340962171,1782868373119533,True,True
324093064,0.99780000,471.00000000,340962172,340962172,1782868373140942,True,True
324093065,0.99780000,1160.00000000,340962173,340962173,1782868373176454,True,True
324093066,0.99780000,1160.00000000,340962174,340962175,1782868373184614,True,True
324093067,0.99780000,30.00000000,340962176,340962176,1782868373228883,True,True
324093068,0.99780000,1160.00000000,340962177,340962177,1782868373249800,True,True
324093069,0.99780000,4643.00000000,340962178,340962180,1782868373250924,True,True
324093070,0.99780000,58.00000000,340962181,340962181,1782868373268754,True,True
324093071,0.99780000,58.00000000,340962182,340962182,1782868373268974,True,True
324093072,0.99780000,58.00000000,340962183,340962183,1782868373269717,True,True
324093073,0.99780000,92.00000000,340962184,340962184,1782868373332984,True,True
324093074,0.99790000,31.00000000,340962185,340962185,1782868373448311,False,True
324093075,0.99780000,623.00000000,340962186,340962186,1782868373509594,True,True
324093076,0.99780000,624.00000000,340962187,340962187,1782868373520539,True,True
324093077,0.99780000,891.00000000,340962188,340962189,1782868373529496,True,True
324093078,0.99780000,1161.00000000,340962190,340962190,1782868373587493,True,True
324093079,0.99780000,22.00000000,340962191,340962191,1782868374006782,True,True
324093080,0.99780000,10.00000000,340962192,340962192,1782868374010764,True,True
324093081,0.99780000,59.00000000,340962193,340962193,1782868374011565,True,True
324093082,0.99780000,57.00000000,340962194,340962194,1782868374013238,True,True
324093083,0.99780000,624.00000000,340962195,340962195,1782868374081805,True,True
324093084,0.99780000,92.00000000,340962196,340962196,1782868374123933,True,True
324093085,0.99780000,2177.00000000,340962197,340962198,1782868374249069,True,True
324093086,0.99780000,47.00000000,340962199,340962199,1782868374288845,True,True
324093087,0.99780000,1161.00000000,340962200,340962200,1782868374330588,True,True
324093088,0.99780000,28.00000000,340962201,340962201,1782868374372978,True,True
324093089,0.99780000,87.00000000,340962202,340962202,1782868374438019,True,True
324093090,0.99780000,110.00000000,340962203,340962204,1782868374458583,True,True
324093091,0.99780000,110.00000000,340962205,340962205,1782868374467321,True,True
324093092,0.99780000,116.00000000,340962206,340962206,1782868374495367,True,True
324093093,0.99780000,2329.00000000,340962207,340962208,1782868374544500,True,True
324093094,0.99780000,10.00000000,340962209,340962209,1782868374552692,True,True
324093095,0.99780000,624.00000000,340962210,340962210,1782868374559432,True,True
324093096,0.99780000,421.00000000,340962211,340962211,1782868374576706,True,True
324093097,0.99780000,421.00000000,340962212,340962212,1782868374584851,True,True
324093098,0.99780000,421.00000000,340962213,340962214,1782868374599186,True,True
324093099,0.99780000,2328.00000000,340962215,340962218,1782868374606881,True,True
324093100,0.99780000,1.00000000,340962219,340962219,1782868374792728,True,True
324093101,0.99770000,219.00000000,340962220,340962220,1782868374792728,True,True
324093102,0.99770000,3265.00000000,340962221,340962221,1782868374793854,True,True
324093103,0.99770000,421.00000000,340962222,340962222,1782868374901327,True,True
324093104,0.99770000,1004.00000000,340962223,340962223,1782868374970738,True,True
324093105,0.99770000,312.00000000,340962224,340962224,1782868375063534,True,True
324093106,0.99770000,1161.00000000,340962225,340962225,1782868375065645,True,True
324093107,0.99790000,543.00000000,340962226,340962227,1782868375087642,False,True
324093108,0.99780000,65.00000000,340962228,340962228,1782868375165240,True,True
324093109,0.99780000,423.00000000,340962229,340962229,1782868375173195,True,True
324093110,0.99780000,421.00000000,340962230,340962230,1782868375230680,True,True
324093111,0.99780000,312.00000000,340962231,340962231,1782868375253234,True,True
324093112,0.99780000,792.00000000,340962232,340962232,1782868375286420,True,True
324093113,0.99780000,10.00000000,340962233,340962233,1782868375290257,True,True
324093114,0.99780000,449.00000000,340962234,340962234,1782868375473913,True,True
324093115,0.99780000,1.00000000,340962235,340962235,1782868375474886,True,True
324093116,0.99770000,448.00000000,340962236,340962236,1782868375474886,True,True
324093117,0.99770000,71.00000000,340962237,340962237,1782868375492268,True,True
324093118,0.99770000,60.00000000,340962238,340962238,1782868375500075,True,True
324093119,0.99770000,14.00000000,340962239,340962239,1782868375515357,True,True
324093120,0.99770000,799.00000000,340962240,340962240,1782868375547732,True,True
324093121,0.99770000,12.00000000,340962241,340962241,1782868375719476,True,True
324093122,0.99770000,99.00000000,340962242,340962242,1782868375780736,True,True
324093123,0.99770000,13.00000000,340962243,340962243,1782868375789186,True,True
324093124,0.99770000,51.00000000,340962244,340962244,1782868375797212,True,True
324093125,0.99770000,560.00000000,340962245,340962245,1782868375815585,True,True
324093126,0.99770000,98.00000000,340962246,340962246,1782868375900757,True,True
324093127,0.99770000,80.00000000,340962247,340962247,1782868375931124,True,True
324093128,0.99770000,48.00000000,340962248,340962248,1782868375970449,True,True
324093129,0.99770000,41.00000000,340962249,340962249,1782868376064302,True,True
324093130,0.99770000,42.00000000,340962250,340962250,1782868376066092,True,True
324093131,0.99780000,50.00000000,340962251,340962251,1782868376141128,False,True
324093132,0.99780000,10.00000000,340962252,340962252,1782868376143970,False,True
324093133,0.99770000,116.00000000,340962253,340962253,1782868376223866,True,True
324093134,0.99770000,104.00000000,340962254,340962254,1782868376460971,True,True
324093135,0.99770000,1149.00000000,340962255,340962255,1782868376578850,True,True
324093136,0.99770000,139.00000000,340962256,340962256,1782868377802474,True,True
324093137,0.99770000,414.00000000,340962257,340962257,1782868377816228,True,True
324093138,0.99770000,128.00000000,340962258,340962258,1782868377824222,True,True
324093139,0.99780000,54.00000000,340962259,340962260,1782868377981368,False,True
324093140,0.99770000,901.00000000,340962261,340962261,1782868378086117,True,True
324093141,0.99770000,99.00000000,340962262,340962262,1782868378114976,True,True
324093142,0.99770000,99.00000000,340962263,340962263,1782868378117476,True,True
324093143,0.99770000,99.00000000,340962264,340962264,1782868378118019,True,True
324093144,0.99770000,21.00000000,340962265,340962265,1782868378118559,True,True
324093145,0.99770000,999.00000000,340962266,340962266,1782868378119263,True,True
324093146,0.99770000,2336.00000000,340962267,340962267,1782868378251211,True,True
324093147,0.99770000,104.00000000,340962268,340962268,1782868378253104,True,True
324093148,0.99770000,2232.00000000,340962269,340962269,1782868378258823,True,True
324093149,0.99770000,110.00000000,340962270,340962270,1782868378293503,True,True
324093150,0.99770000,116.00000000,340962271,340962271,1782868378411848,True,True
324093151,0.99770000,98.00000000,340962272,340962272,1782868378489961,True,True
324093152,0.99770000,85.00000000,340962273,340962273,1782868378497926,True,True
324093153,0.99770000,189.00000000,340962274,340962274,1782868378505802,True,True
324093154,0.99770000,110.00000000,340962275,340962275,1782868378527464,True,True
324093155,0.99770000,116.00000000,340962276,340962276,1782868378597471,True,True
324093156,0.99770000,110.00000000,340962277,340962277,1782868378639885,True,True
324093157,0.99770000,98.00000000,340962278,340962278,1782868378745198,True,True
324093158,0.99770000,58.00000000,340962279,340962279,1782868378813364,True,True
324093159,0.99770000,11.00000000,340962280,340962280,1782868378821544,True,True
324093160,0.99770000,92.00000000,340962281,340962281,1782868378997572,True,True
324093161,0.99770000,104.00000000,340962282,340962282,1782868379122004,True,True
324093162,0.99770000,98.00000000,340962283,340962283,1782868379141271,True,True
324093163,0.99770000,104.00000000,340962284,340962284,1782868379163386,True,True
324093164,0.99770000,187.00000000,340962285,340962285,1782868379192306,True,True
324093165,0.99770000,81.00000000,340962286,340962286,1782868379262035,True,True
324093166,0.99770000,12.00000000,340962287,340962287,1782868379270573,True,True
324093167,0.99770000,2992.00000000,340962288,340962288,1782868379321726,True,True
324093168,0.99770000,2992.00000000,340962289,340962289,1782868379329753,True,True
324093169,0.99770000,2992.00000000,340962290,340962290,1782868379337701,True,True
324093170,0.99770000,2992.00000000,340962291,340962291,1782868379347626,True,True
324093171,0.99770000,2992.00000000,340962292,340962292,1782868379355445,True,True
324093172,0.99770000,2992.00000000,340962293,340962293,1782868379361941,True,True
324093173,0.99770000,2992.00000000,340962294,340962294,1782868379369154,True,True
324093174,0.99770000,2992.00000000,340962295,340962295,1782868379376056,True,True
324093175,0.99770000,2992.00000000,340962296,340962296,1782868379383909,True,True
324093176,0.99770000,1846.00000000,340962297,340962297,1782868379393276,True,True
324093177,0.99770000,110.00000000,340962298,340962298,1782868379739564,True,True
324093178,0.99770000,104.00000000,340962299,340962299,1782868379771694,True,True
324093179,0.99770000,104.00000000,340962300,340962300,1782868379806908,True,True
324093180,0.99770000,11.00000000,340962301,340962301,1782868379817582,True,True
324093181,0.99770000,104.00000000,340962302,340962302,1782868379863899,True,True
324093182,0.99770000,110.00000000,340962303,340962303,1782868379897874,True,True
324093183,0.99770000,92.00000000,340962304,340962304,1782868380002482,True,True
324093184,0.99770000,180.00000000,340962305,340962305,1782868380102912,True,True
324093185,0.99770000,116.00000000,340962306,340962306,1782868380258479,True,True
324093186,0.99770000,21.00000000,340962307,340962307,1782868380505244,True,True
324093187,0.99770000,104.00000000,340962308,340962308,1782868380748725,True,True
324093188,0.99770000,999.00000000,340962309,340962309,1782868381000573,True,True
324093189,0.99770000,98.00000000,340962310,340962310,1782868381638725,True,True
324093190,0.99770000,41.00000000,340962311,340962311,1782868381784493,True,True
324093191,0.99770000,92.00000000,340962312,340962312,1782868382166389,True,True
324093192,0.99770000,92.00000000,340962313,340962313,1782868382185686,True,True
324093193,0.99770000,131.00000000,340962314,340962314,1782868382229344,True,True
324093194,0.99770000,98.00000000,340962315,340962315,1782868382231935,True,True
324093195,0.99770000,92.00000000,340962316,340962316,1782868382266978,True,True
324093196,0.99770000,104.00000000,340962317,340962317,1782868382287132,True,True
324093197,0.99770000,116.00000000,340962318,340962318,1782868382333492,True,True
324093198,0.99770000,24.00000000,340962319,340962319,1782868382491309,True,True
324093199,0.99770000,12.00000000,340962320,340962320,1782868382541236,True,True
324093200,0.99770000,27.00000000,340962321,340962321,1782868382577413,True,True
324093201,0.99770000,16.00000000,340962322,340962322,1782868382748594,True,True
324093202,0.99770000,110.00000000,340962323,340962323,1782868382821526,True,True
324093203,0.99770000,92.00000000,340962324,340962324,1782868382893367,True,True
324093204,0.99770000,110.00000000,340962325,340962325,1782868382924847,True,True
324093205,0.99770000,420.00000000,340962326,340962326,1782868382932562,True,True
324093206,0.99770000,420.00000000,340962327,340962327,1782868382939536,True,True
