166956737,0.06954000,2073.00000000,273046023,273046024,1782864000573956,False,True
166956738,0.06955000,73.00000000,273046025,273046025,1782864002256676,False,True
166956739,0.06955000,1175.00000000,273046026,273046026,1782864005188252,True,True
166956740,0.06956000,1380.00000000,273046027,273046028,1782864013511941,False,True
166956741,0.06956000,693.00000000,273046029,273046029,1782864013514001,False,True
166956742,0.06957000,1886.00000000,273046030,273046033,1782864013517745,False,True
166956743,0.06958000,1293.00000000,273046034,273046034,1782864015191697,False,True
166956744,0.06958000,1341.00000000,273046035,273046039,1782864023399415,False,True
166956745,0.06958000,1138.00000000,273046040,273046040,1782864023399598,False,True
166956746,0.06959000,2606.00000000,273046041,273046044,1782864031852496,False,True
166956747,0.06960000,369.00000000,273046045,273046048,1782864031857795,False,True
166956748,0.06960000,1031.00000000,273046049,273046049,1782864034784650,True,True
166956749,0.06960000,4565.00000000,273046050,273046051,1782864038428646,True,True
166956750,0.06960000,4709.00000000,273046052,273046052,1782864038428757,True,True
166956751,0.06959000,108.00000000,273046053,273046053,1782864038430123,True,True
166956752,0.06958000,1310.00000000,273046054,273046056,1782864038443525,True,True
166956753,0.06957000,181.00000000,273046057,273046058,1782864038605631,True,True
166956754,0.06956000,261.00000000,273046059,273046061,1782864038648995,True,True
166956755,0.06955000,978.00000000,273046062,273046063,1782864047641247,True,True
166956756,0.06956000,1896.00000000,273046064,273046065,1782864050480660,False,True
166956757,0.06956000,1701.00000000,273046066,273046066,1782864050480853,False,True
166956758,0.06957000,2073.00000000,273046067,273046068,1782864060020303,False,True
166956759,0.06956000,1610.00000000,273046069,273046069,1782864064787710,True,True
166956760,0.06956000,955.00000000,273046070,273046070,1782864076035293,True,True
166956761,0.06956000,871.00000000,273046071,273046071,1782864076231586,True,True
166956762,0.06956000,7100.00000000,273046072,273046072,1782864077785671,True,True
166956763,0.06956000,750.00000000,273046073,273046073,1782864077786013,True,True
166956764,0.06956000,4842.00000000,273046074,273046076,1782864077786632,True,True
166956765,0.06955000,1961.00000000,273046077,273046079,1782864077813818,True,True
166956766,0.06954000,1858.00000000,273046080,273046083,1782864077813818,True,True
166956767,0.06953000,502.00000000,273046084,273046084,1782864077813818,True,True
166956768,0.06955000,4060.00000000,273046085,273046085,1782864077814484,True,True
166956769,0.06955000,4609.00000000,273046086,273046086,1782864077815437,True,True
166956770,0.06955000,1136.00000000,273046087,273046087,1782864077816660,True,True
166956771,0.06953000,1563.00000000,273046088,273046091,1782864077819033,True,True
166956772,0.06952000,3044.00000000,273046092,273046099,1782864077819033,True,True
166956773,0.06951000,1.00000000,273046100,273046100,1782864077819033,True,True
166956774,0.06954000,80.00000000,273046101,273046101,1782864077820805,True,True
166956775,0.06954000,1138.00000000,273046102,273046102,1782864077821683,True,True
166956776,0.06953000,1597.00000000,273046103,273046103,1782864077821683,True,True
166956777,0.06952000,1341.00000000,273046104,273046104,1782864077821683,True,True
166956778,0.06951000,532.00000000,273046105,273046106,1782864077821683,True,True
166956779,0.06951000,4303.00000000,273046107,273046109,1782864077822675,True,True
166956780,0.06952000,1000.00000000,273046110,273046110,1782864077824975,False,True
166956781,0.06952000,2888.00000000,273046111,273046113,1782864077867407,False,True
166956782,0.06953000,2908.00000000,273046114,273046116,1782864077932825,True,True
166956783,0.06954000,1000.00000000,273046117,273046117,1782864084349914,False,True
166956784,0.06954000,1000.00000000,273046118,273046118,1782864084351202,False,True
166956785,0.06955000,1522.00000000,273046119,273046121,1782864084351202,False,True
166956786,0.06956000,3080.00000000,273046122,273046126,1782864084351202,False,True
166956787,0.06957000,4558.00000000,273046127,273046130,1782864084351202,False,True
166956788,0.06957000,1341.00000000,273046131,273046131,1782864084352602,False,True
166956789,0.06958000,1317.00000000,273046132,273046135,1782864084352602,False,True
166956790,0.06958000,1778.00000000,273046136,273046136,1782864084353196,False,True
166956791,0.06957000,336.00000000,273046137,273046137,1782864084353856,False,True
166956792,0.06957000,1778.00000000,273046138,273046139,1782864084354344,False,True
166956793,0.06957000,30.00000000,273046140,273046140,1782864084354379,False,True
166956794,0.06958000,9077.00000000,273046141,273046141,1782864089539106,True,True
166956795,0.06958000,2979.00000000,273046142,273046143,1782864089539627,True,True
166956796,0.06957000,1341.00000000,273046144,273046146,1782864092768781,True,True
166956797,0.06957000,1534.00000000,273046147,273046147,1782864092769332,True,True
166956798,0.06957000,810.00000000,273046148,273046148,1782864092769359,True,True
166956799,0.06957000,728.00000000,273046149,273046149,1782864092771692,True,True
166956800,0.06957000,567.00000000,273046150,273046150,1782864092772492,True,True
166956801,0.06956000,1535.00000000,273046151,273046153,1782864094188336,True,True
166956802,0.06956000,565.00000000,273046154,273046154,1782864094189948,True,True
166956803,0.06956000,1905.00000000,273046155,273046156,1782864094193302,True,True
166956804,0.06956000,1000.00000000,273046157,273046157,1782864096656138,False,True
166956805,0.06957000,181.00000000,273046158,273046159,1782864096668210,False,True
166956806,0.06958000,73.00000000,273046160,273046160,1782864099413489,False,True
166956807,0.06959000,181.00000000,273046161,273046162,1782864099413489,False,True
166956808,0.06959000,2481.00000000,273046163,273046164,1782864099639264,True,True
166956809,0.06959000,967.00000000,273046165,273046165,1782864099781118,True,True
166956810,0.06960000,1830.00000000,273046166,273046171,1782864104177862,False,True
166956811,0.06960000,1000.00000000,273046172,273046172,1782864113163027,False,True
166956812,0.06960000,383.00000000,273046173,273046173,1782864113177037,False,True
166956813,0.06960000,429.00000000,273046174,273046174,1782864115231411,True,True
166956814,0.06960000,1350.00000000,273046175,273046176,1782864115231936,True,True
166956815,0.06959000,684.00000000,273046177,273046177,1782864115231936,True,True
166956816,0.06960000,1299.00000000,273046178,273046179,1782864123598693,False,True
166956817,0.06961000,191.00000000,273046180,273046181,1782864124143344,False,True
166956818,0.06961000,1980.00000000,273046182,273046184,1782864124786930,True,True
166956819,0.06961000,2849.00000000,273046185,273046186,1782864137291777,True,True
166956820,0.06961000,10956.00000000,273046187,273046187,1782864137293372,True,True
166956821,0.06961000,389.00000000,273046188,273046188,1782864137303679,True,True
166956822,0.06961000,1341.00000000,273046189,273046189,1782864137304037,True,True
166956823,0.06962000,2901.00000000,273046190,273046195,1782864137534970,False,True
166956824,0.06961000,1265.00000000,273046196,273046197,1782864139145170,True,True
166956825,0.06960000,785.00000000,273046198,273046200,1782864139884727,True,True
166956826,0.06960000,11592.00000000,273046201,273046202,1782864147909917,True,True
166956827,0.06959000,1341.00000000,273046203,273046205,1782864147911385,True,True
166956828,0.06959000,61.00000000,273046206,273046206,1782864147912706,True,True
166956829,0.06959000,1945.00000000,273046207,273046208,1782864152480422,False,True
166956830,0.06959000,4633.00000000,273046209,273046210,1782864155346170,False,True
166956831,0.06960000,3263.00000000,273046211,273046213,1782864155351721,False,True
166956832,0.06960000,2162.00000000,273046214,273046215,1782864159781950,True,True
166956833,0.06961000,1000.00000000,273046216,273046217,1782864160329581,False,True
166956834,0.06961000,73.00000000,273046218,273046218,1782864160633930,False,True
166956835,0.06962000,1402.00000000,273046219,273046221,1782864160633962,False,True
166956836,0.06963000,289.00000000,273046222,273046224,1782864160634359,False,True
166956837,0.06964000,1443.00000000,273046225,273046229,1782864160697890,False,True
166956838,0.06964000,3000.00000000,273046230,273046231,1782864162399323,True,True
166956839,0.06963000,8801.00000000,273046232,273046232,1782864168989863,True,True
166956840,0.06963000,2873.00000000,273046233,273046234,1782864168991472,True,True
166956841,0.06962000,2306.00000000,273046235,273046236,1782864172985387,True,True
166956842,0.06961000,289.00000000,273046237,273046239,1782864175185496,True,True
166956843,0.06960000,1869.00000000,273046240,273046245,1782864175185496,True,True
166956844,0.06959000,1818.00000000,273046246,273046247,1782864175196646,True,True
166956845,0.06959000,1301.00000000,273046248,273046250,1782864175206317,True,True
166956846,0.06958000,861.00000000,273046251,273046253,1782864175206317,True,True
166956847,0.06958000,80.00000000,273046254,273046254,1782864176795909,True,True
166956848,0.06957000,362.00000000,273046255,273046257,1782864183549735,True,True
166956849,0.06956000,1130.00000000,273046258,273046258,1782864184787980,True,True
166956850,0.06957000,5496.00000000,273046259,273046262,1782864184849676,False,True
166956851,0.06958000,1744.00000000,273046263,273046264,1782864187750755,False,True
166956852,0.06957000,4155.00000000,273046265,273046267,1782864197076186,False,True
166956853,0.06956000,925.00000000,273046268,273046270,1782864199346769,True,True
166956854,0.06955000,181.00000000,273046271,273046272,1782864199460637,True,True
166956855,0.06954000,1592.00000000,273046273,273046277,1782864199462045,True,True
166956856,0.06953000,181.00000000,273046278,273046279,1782864199492245,True,True
166956857,0.06952000,543.00000000,273046280,273046285,1782864199492245,True,True
166956858,0.06952000,159.00000000,273046286,273046286,1782864199493831,True,True
166956859,0.06951000,1062.00000000,273046287,273046289,1782864204774222,True,True
166956860,0.06951000,2196.00000000,273046290,273046291,1782864212072816,False,True
166956861,0.06952000,1572.00000000,273046292,273046294,1782864220239213,False,True
166956862,0.06953000,3255.00000000,273046295,273046299,1782864220239513,False,True
166956863,0.06952000,474.00000000,273046300,273046300,1782864220242592,False,True
166956864,0.06954000,1056.00000000,273046301,273046305,1782864220313878,False,True
166956865,0.06955000,2049.00000000,273046306,273046308,1782864220315853,False,True
166956866,0.06955000,541.00000000,273046309,273046309,1782864220321844,False,True
166956867,0.06955000,108.00000000,273046310,273046310,1782864220676600,False,True
166956868,0.06956000,449.00000000,273046311,273046313,1782864220905961,False,True
166956869,0.06956000,1095.00000000,273046314,273046315,1782864224774454,True,True
166956870,0.06957000,1000.00000000,273046316,273046318,1782864233231640,False,True
166956871,0.06957000,694.00000000,273046319,273046319,1782864233231823,False,True
166956872,0.06957000,338.00000000,273046320,273046320,1782864233233111,False,True
166956873,0.06958000,1482.00000000,273046321,273046324,1782864233234257,False,True
166956874,0.06958000,419.00000000,273046325,273046325,1782864233302171,False,True
166956875,0.06957000,367.00000000,273046326,273046326,1782864233990660,True,True
166956876,0.06957000,1983.00000000,273046327,273046328,1782864233990909,True,True
166956877,0.06958000,83.00000000,273046329,273046329,1782864240856378,False,True
166956878,0.06959000,331.00000000,273046330,273046331,1782864240890368,False,True
166956879,0.06959000,1071.00000000,273046332,273046332,1782864244789795,True,True
166956880,0.06959000,2341.00000000,273046333,273046335,1782864264776063,True,True
166956881,0.06959000,1870.00000000,273046336,273046338,1782864279249458,False,True
166956882,0.06959000,374.00000000,273046339,273046339,1782864281165891,False,True
166956883,0.06959000,370.00000000,273046340,273046341,1782864282296865,False,True
166956884,0.06959000,74.00000000,273046342,273046342,1782864282301959,False,True
166956885,0.06959000,2000.00000000,273046343,273046343,1782864284858788,True,True
166956886,0.06960000,1757.00000000,273046344,273046348,1782864292376237,False,True
166956887,0.06961000,2904.00000000,273046349,273046351,1782864302234802,False,True
166956888,0.06961000,580.00000000,273046352,273046352,1782864302236318,False,True
166956889,0.06962000,480.00000000,273046353,273046355,1782864302294014,False,True
166956890,0.06962000,95.00000000,273046356,273046356,1782864302303825,False,True
166956891,0.06961000,438.00000000,273046357,273046358,1782864302993664,True,True
166956892,0.06961000,1991.00000000,273046359,273046360,1782864302994498,True,True
166956893,0.06961000,1909.00000000,273046361,273046361,1782864304789867,True,True
166956894,0.06961000,143.00000000,273046362,273046362,1782864308109830,False,True
166956895,0.06961000,1000.00000000,273046363,273046364,1782864308891737,False,True
166956896,0.06961000,554.00000000,273046365,273046366,1782864308919604,False,True
166956897,0.06961000,1000.00000000,273046367,273046369,1782864311620179,False,True
166956898,0.06961000,599.00000000,273046370,273046371,1782864311644223,False,True
166956899,0.06961000,265.00000000,273046372,273046373,1782864311984626,False,True
166956900,0.06961000,216.00000000,273046374,273046374,1782864312016386,False,True
166956901,0.06961000,1517.00000000,273046375,273046375,1782864344775868,True,True
166956902,0.06960000,1649.00000000,273046376,273046379,1782864364788684,True,True
166956903,0.06960000,334.00000000,273046380,273046380,1782864366999120,True,True
166956904,0.06961000,359.00000000,273046381,273046381,1782864369913534,False,True
166956905,0.06960000,2440.00000000,273046382,273046383,1782864369998687,True,True
166956906,0.06960000,1000.00000000,273046384,273046384,1782864372319044,False,True
166956907,0.06960000,930.00000000,273046385,273046387,1782864372330596,False,True
166956908,0.06960000,865.00000000,273046388,273046389,1782864372344281,False,True
166956909,0.06959000,2049.00000000,273046390,273046392,1782864375082511,True,True
166956910,0.06959000,2461.00000000,273046393,273046393,1782864375082651,True,True
166956911,0.06959000,9498.00000000,273046394,273046397,1782864375082669,True,True
166956912,0.06958000,1510.00000000,273046398,273046401,1782864375085014,True,True
166956913,0.06957000,181.00000000,273046402,273046403,1782864375094389,True,True
166956914,0.06956000,2797.00000000,273046404,273046407,1782864379110274,True,True
166956915,0.06955000,2340.00000000,273046408,273046411,1782864381240395,True,True
166956916,0.06955000,629.00000000,273046412,273046412,1782864381240580,True,True
166956917,0.06954000,2500.00000000,273046413,273046417,1782864381244764,True,True
166956918,0.06953000,2717.00000000,273046418,273046420,1782864386180779,True,True
166956919,0.06952000,261.00000000,273046421,273046423,1782864388375006,True,True
166956920,0.06951000,207.00000000,273046424,273046425,1782864390421677,True,True
166956921,0.06951000,1628.00000000,273046426,273046427,1782864391350105,False,True
166956922,0.06951000,7918.00000000,273046428,273046430,1782864391350440,False,True
166956923,0.06950000,298.00000000,273046431,273046433,1782864394790069,True,True
166956924,0.06949000,1142.00000000,273046434,273046438,1782864394790069,True,True
166956925,0.06949000,80.00000000,273046439,273046439,1782864394791703,True,True
166956926,0.06948000,375.00000000,273046440,273046443,1782864398230336,True,True
166956927,0.06947000,159.00000000,273046444,273046445,1782864406781396,True,True
166956928,0.06946000,153.00000000,273046446,273046447,1782864408499813,True,True
166956929,0.06945000,1466.00000000,273046448,273046451,1782864408501137,True,True
166956930,0.06944000,80.00000000,273046452,273046452,1782864408503083,True,True
166956931,0.06944000,273.00000000,273046453,273046455,1782864411990771,True,True
166956932,0.06943000,837.00000000,273046456,273046459,1782864411992335,True,True
166956933,0.06943000,504.00000000,273046460,273046460,1782864411992489,True,True
166956934,0.06943000,169.00000000,273046461,273046461,1782864411992528,True,True
166956935,0.06942000,153.00000000,273046462,273046463,1782864414030756,True,True
166956936,0.06941000,192.00000000,273046464,273046465,1782864416429034,True,True
166956937,0.06940000,1454.00000000,273046466,273046469,1782864416430400,True,True
166956938,0.06939000,80.00000000,273046470,273046471,1782864416432282,True,True
166956939,0.06939000,1000.00000000,273046472,273046472,1782864420736537,False,True
166956940,0.06940000,1295.00000000,273046473,273046474,1782864420738047,False,True
166956941,0.06941000,4241.00000000,273046475,273046478,1782864420738124,False,True
166956942,0.06941000,2912.00000000,273046479,273046479,1782864420738191,False,True
166956943,0.06942000,2523.00000000,273046480,273046484,1782864420738479,False,True
166956944,0.06941000,1450.00000000,273046485,273046486,1782864420980513,True,True
166956945,0.06941000,1627.00000000,273046487,273046487,1782864424794421,True,True
166956946,0.06942000,1000.00000000,273046488,273046488,1782864430464055,False,True
166956947,0.06942000,1888.00000000,273046489,273046490,1782864431003721,True,True
166956948,0.06942000,1547.00000000,273046491,273046492,1782864432845361,True,True
166956949,0.06942000,2750.00000000,273046493,273046493,1782864432846630,True,True
166956950,0.06942000,2821.00000000,273046494,273046494,1782864432846653,True,True
166956951,0.06941000,1330.00000000,273046495,273046496,1782864432846957,True,True
166956952,0.06940000,464.00000000,273046497,273046499,1782864432847652,True,True
166956953,0.06940000,1059.00000000,273046500,273046500,1782864432848294,True,True
166956954,0.06939000,182.00000000,273046501,273046502,1782864434002868,True,True
166956955,0.06938000,210.00000000,273046503,273046505,1782864434002868,True,True
166956956,0.06939000,7725.00000000,273046506,273046507,1782864435413855,False,True
166956957,0.06940000,1780.00000000,273046508,273046510,1782864435417263,False,True
166956958,0.06941000,74.00000000,273046511,273046511,1782864436254721,False,True
166956959,0.06942000,1889.00000000,273046512,273046515,1782864436279484,False,True
166956960,0.06943000,3000.00000000,273046516,273046519,1782864436279484,False,True
166956961,0.06943000,5749.00000000,273046520,273046522,1782864438359856,False,True
166956962,0.06941000,7985.00000000,273046523,273046523,1782864454253646,False,True
166956963,0.06941000,1026.00000000,273046524,273046524,1782864454254934,False,True
166956964,0.06941000,19874.00000000,273046525,273046525,1782864454254978,False,True
166956965,0.06941000,6016.00000000,273046526,273046527,1782864454255033,False,True
166956966,0.06942000,1341.00000000,273046528,273046528,1782864454256739,False,True
166956967,0.06942000,4768.00000000,273046529,273046530,1782864454261042,False,True
166956968,0.06942000,1780.00000000,273046531,273046532,1782864459795327,True,True
166956969,0.06942000,1000.00000000,273046533,273046533,1782864479970571,False,True
166956970,0.06943000,1424.00000000,273046534,273046536,1782864480038158,False,True
166956971,0.06944000,153.00000000,273046537,273046538,1782864484468884,False,True
166956972,0.06945000,291.00000000,273046539,273046541,1782864484479727,False,True
166956973,0.06945000,1250.00000000,273046542,273046542,1782864484795517,True,True
166956974,0.06945000,437.00000000,273046543,273046544,1782864485006343,True,True
166956975,0.06945000,2056.00000000,273046545,273046546,1782864485007605,True,True
166956976,0.06945000,413.00000000,273046547,273046547,1782864504969133,False,True
166956977,0.06944000,1774.00000000,273046548,273046548,1782864509774717,True,True
166956978,0.06945000,587.00000000,273046549,273046549,1782864526156138,False,True
166956979,0.06946000,153.00000000,273046550,273046551,1782864528614276,False,True
166956980,0.06947000,95.00000000,273046552,273046552,1782864528694927,False,True
166956981,0.06947000,1086.00000000,273046553,273046555,1782864528696213,False,True
166956982,0.06948000,620.00000000,273046556,273046560,1782864528709942,False,True
166956983,0.06947000,334.00000000,273046561,273046561,1782864539009427,True,True
166956984,0.06947000,1035.00000000,273046562,273046564,1782864541863107,True,True
166956985,0.06947000,1000.00000000,273046565,273046565,1782864544972994,False,True
166956986,0.06947000,2320.00000000,273046566,273046568,1782864549010365,True,True
166956987,0.06946000,597.00000000,273046569,273046571,1782864557621766,True,True
166956988,0.06945000,3920.00000000,273046572,273046574,1782864557627322,True,True
166956989,0.06945000,2442.00000000,273046575,273046575,1782864557629238,True,True
166956990,0.06945000,2341.00000000,273046576,273046577,1782864570484227,False,True
166956991,0.06946000,1136.00000000,273046578,273046580,1782864570485517,False,True
166956992,0.06946000,4895.00000000,273046581,273046582,1782864570485924,False,True
166956993,0.06945000,555.00000000,273046583,273046585,1782864582445339,True,True
166956994,0.06944000,1482.00000000,273046586,273046589,1782864582448635,True,True
166956995,0.06943000,95.00000000,273046590,273046590,1782864588670819,True,True
166956996,0.06943000,419.00000000,273046591,273046593,1782864588672103,True,True
166956997,0.06942000,262.00000000,273046594,273046596,1782864589007839,True,True
166956998,0.06941000,432.00000000,273046597,273046599,1782864590492780,True,True
166956999,0.06940000,153.00000000,273046600,273046601,1782864593858652,True,True
166957000,0.06939000,182.00000000,273046602,273046603,1782864595297238,True,True
166957001,0.06938000,257.00000000,273046604,273046606,1782864599013219,True,True
166957002,0.06937000,168.00000000,273046607,273046608,1782864599013219,True,True
166957003,0.06938000,7868.00000000,273046609,273046614,1782864599039633,False,True
166957004,0.06939000,2932.00000000,273046615,273046618,1782864599039633,False,True
166957005,0.06939000,1899.00000000,273046619,273046620,1782864600032493,True,True
166957006,0.06939000,93.00000000,273046621,273046621,1782864600157671,True,True
166957007,0.06940000,1000.00000000,273046622,273046623,1782864604569277,False,True
166957008,0.06940000,74.00000000,273046624,273046624,1782864604619551,False,True
166957009,0.06941000,2465.00000000,273046625,273046628,1782864627359669,False,True
166957010,0.06942000,372.00000000,273046629,273046632,1782864631575061,False,True
166957011,0.06943000,1182.00000000,273046633,273046635,1782864633642536,False,True
166957012,0.06944000,2820.00000000,273046636,273046640,1782864656893243,False,True
166957013,0.06945000,182.00000000,273046641,273046642,1782864657135761,False,True
166957014,0.06946000,262.00000000,273046643,273046645,1782864657146243,False,True
166957015,0.06946000,589.00000000,273046646,273046646,1782864658004688,True,True
166957016,0.06945000,73.00000000,273046647,273046647,1782864658044590,True,True
166957017,0.06944000,892.00000000,273046648,273046648,1782864658044590,True,True
166957018,0.06945000,5350.00000000,273046649,273046652,1782864664779019,False,True
166957019,0.06946000,11438.00000000,273046653,273046661,1782864664779019,False,True
166957020,0.06947000,9215.00000000,273046662,273046671,1782864664779019,False,True
166957021,0.06948000,35086.00000000,273046672,273046679,1782864664779019,False,True
166957022,0.06949000,1778.00000000,273046680,273046682,1782864664779019,False,True
166957023,0.06950000,2895.00000000,273046683,273046687,1782864664779019,False,True
166957024,0.06951000,14956.00000000,273046688,273046692,1782864664779019,False,True
166957025,0.06951000,80.00000000,273046693,273046693,1782864664780939,False,True
166957026,0.06945000,181.00000000,273046694,273046695,1782864668970714,True,True
166957027,0.06945000,108.00000000,273046696,273046696,1782864669186360,False,True
166957028,0.06945000,335.00000000,273046697,273046697,1782864671017691,True,True
166957029,0.06945000,1597.00000000,273046698,273046698,1782864672018070,True,True
166957030,0.06944000,718.00000000,273046699,273046702,1782864672018070,True,True
166957031,0.06945000,4791.00000000,273046703,273046706,1782864673083561,False,True
166957032,0.06944000,1000.00000000,273046707,273046707,1782864690710021,False,True
166957033,0.06943000,559.00000000,273046708,273046709,1782864726039817,True,True
166957034,0.06942000,182.00000000,273046710,273046711,1782864726076446,True,True
166957035,0.06941000,598.00000000,273046712,273046712,1782864726076446,True,True
166957036,0.06941000,722.00000000,273046713,273046713,1782864726079604,True,True
166957037,0.06941000,722.00000000,273046714,273046715,1782864726080430,True,True
166957038,0.06941000,403.00000000,273046716,273046716,1782864729022989,True,True
166957039,0.06942000,240.00000000,273046717,273046717,1782864734164108,False,True
166957040,0.06941000,1928.00000000,273046718,273046721,1782864738023122,True,True
166957041,0.06941000,1721.00000000,273046722,273046723,1782864758559347,True,True
166957042,0.06940000,701.00000000,273046724,273046729,1782864758571186,True,True
166957043,0.06940000,5072.00000000,273046730,273046731,1782864758576882,True,True
166957044,0.06939000,80.00000000,273046732,273046732,1782864758589512,True,True
166957045,0.06939000,182.00000000,273046733,273046734,1782864758632739,True,True
166957046,0.06938000,1602.00000000,273046735,273046736,1782864758632739,True,True
166957047,0.06940000,109.00000000,273046737,273046737,1782864761441481,False,True
166957048,0.06940000,96.00000000,273046738,273046738,1782864770436735,True,True
166957049,0.06941000,2671.00000000,273046739,273046741,1782864772395346,False,True
166957050,0.06942000,292.00000000,273046742,273046744,1782864772435364,False,True
166957051,0.06943000,1403.00000000,273046745,273046747,1782864772437036,False,True
166957052,0.06944000,1341.00000000,273046748,273046751,1782864772441272,False,True
166957053,0.06944000,1861.00000000,273046752,273046752,1782864772442716,False,True
166957054,0.06945000,291.00000000,273046753,273046755,1782864772451968,False,True
166957055,0.06946000,520.00000000,273046756,273046757,1782864772659490,False,True
166957056,0.06944000,380.00000000,273046758,273046758,1782864781025303,True,True
166957057,0.06944000,2031.00000000,273046759,273046759,1782864791026200,True,True
166957058,0.06944000,4294.00000000,273046760,273046760,1782864791125352,True,True
166957059,0.06945000,1109.00000000,273046761,273046762,1782864794819716,False,True
166957060,0.06946000,261.00000000,273046763,273046765,1782864796346333,False,True
166957061,0.06947000,1000.00000000,273046766,273046768,1782864798060989,False,True
166957062,0.06947000,181.00000000,273046769,273046769,1782864810744532,False,True
166957063,0.06948000,334.00000000,273046770,273046773,1782864811283509,False,True
166957064,0.06949000,181.00000000,273046774,273046775,1782864811650851,False,True
166957065,0.06950000,153.00000000,273046776,273046777,1782864812224319,False,True
166957066,0.06951000,262.00000000,273046778,273046779,1782864812526372,False,True
166957067,0.06952000,153.00000000,273046780,273046781,1782864812759591,False,True
166957068,0.06953000,259.00000000,273046782,273046783,1782864817131674,False,True
166957069,0.06954000,153.00000000,273046784,273046785,1782864817518391,False,True
166957070,0.06955000,289.00000000,273046786,273046788,1782864821293876,False,True
166957071,0.06955000,1140.00000000,273046789,273046790,1782864828547598,False,True
166957072,0.06956000,1393.00000000,273046791,273046795,1782864831827228,False,True
166957073,0.06957000,289.00000000,273046796,273046798,1782864831899293,False,True
166957074,0.06958000,818.00000000,273046799,273046801,1782864835641127,False,True
166957075,0.06958000,95.00000000,273046802,273046802,1782864835641151,False,True
166957076,0.06958000,13459.00000000,273046803,273046804,1782864835641262,False,True
166957077,0.06959000,261.00000000,273046805,273046807,1782864835645072,False,True
166957078,0.06959000,1597.00000000,273046808,273046808,1782864835646963,False,True
166957079,0.06960000,369.00000000,273046809,273046812,1782864835734134,False,True
166957080,0.06961000,181.00000000,273046813,273046814,1782864835734173,False,True
166957081,0.06962000,14322.00000000,273046815,273046820,1782864837485128,False,True
166957082,0.06963000,177.00000000,273046821,273046822,1782864837486529,False,True
166957083,0.06963000,1000.00000000,273046823,273046825,1782864837520835,False,True
166957084,0.06963000,990.00000000,273046826,273046826,1782864839207932,True,True
166957085,0.06963000,4092.00000000,273046827,273046829,1782864840708677,True,True
166957086,0.06963000,432.00000000,273046830,273046830,1782864841029270,True,True
166957087,0.06963000,2258.00000000,273046831,273046831,1782864841029775,True,True
166957088,0.06963000,1341.00000000,273046832,273046832,1782864850812611,True,True
166957089,0.06963000,2770.00000000,273046833,273046833,1782864850813217,True,True
166957090,0.06963000,2635.00000000,273046834,273046834,1782864850813232,True,True
166957091,0.06963000,1079.00000000,273046835,273046835,1782864850813438,True,True
166957092,0.06962000,108.00000000,273046836,273046836,1782864850818966,True,True
166957093,0.06962000,95.00000000,273046837,273046837,1782864867408917,False,True
166957094,0.06962000,15266.00000000,273046838,273046839,1782864867408968,False,True
166957095,0.06963000,364.00000000,273046840,273046841,1782864867409183,False,True
166957096,0.06963000,126.00000000,273046842,273046842,1782864867796989,True,True
166957097,0.06963000,11948.00000000,273046843,273046844,1782864871086087,True,True
166957098,0.06963000,1000.00000000,273046845,273046845,1782864878158380,False,True
166957099,0.06964000,2905.00000000,273046846,273046851,1782864883998359,False,True
166957100,0.06964000,525.00000000,273046852,273046852,1782864886942203,False,True
166957101,0.06963000,2292.00000000,273046853,273046856,1782864892033533,True,True
166957102,0.06962000,335.00000000,273046857,273046858,1782864892033533,True,True
166957103,0.06962000,73.00000000,273046859,273046859,1782864893927958,True,True
166957104,0.06961000,452.00000000,273046860,273046862,1782864899033373,True,True
166957105,0.06961000,1610.00000000,273046863,273046864,1782864900686262,True,True
166957106,0.06962000,1000.00000000,273046865,273046865,1782864904321338,False,True
166957107,0.06962000,1000.00000000,273046866,273046866,1782864910803064,False,True
166957108,0.06964000,1073.00000000,273046867,273046868,1782864914338135,False,True
166957109,0.06965000,363.00000000,273046869,273046872,1782864914417524,False,True
166957110,0.06966000,711.00000000,273046873,273046876,1782864914762210,False,True
166957111,0.06966000,1000.00000000,273046877,273046877,1782864924913551,False,True
166957112,0.06966000,289.00000000,273046878,273046878,1782864925380416,True,True
166957113,0.06966000,1000.00000000,273046879,273046879,1782864931529080,False,True
166957114,0.06967000,73.00000000,273046880,273046880,1782864931657027,False,True
166957115,0.06968000,152.00000000,273046881,273046882,1782864931666003,False,True
166957116,0.06969000,289.00000000,273046883,273046885,1782864931704239,False,True
166957117,0.06970000,152.00000000,273046886,273046887,1782864931974249,False,True
166957118,0.06971000,1341.00000000,273046888,273046889,1782864932306578,False,True
166957119,0.06971000,600.00000000,273046890,273046891,1782864932307163,False,True
166957120,0.06972000,402.00000000,273046892,273046894,1782864934503188,False,True
166957121,0.06973000,1038.00000000,273046895,273046896,1782864938085815,False,True
166957122,0.06973000,1280.00000000,273046897,273046899,1782864938091753,False,True
166957123,0.06973000,1222.00000000,273046900,273046900,1782864939354417,True,True
166957124,0.06973000,5466.00000000,273046901,273046902,1782864939354422,True,True
166957125,0.06973000,212.00000000,273046903,273046903,1782864939354533,True,True
166957126,0.06973000,1931.00000000,273046904,273046904,1782864939354680,True,True
166957127,0.06972000,881.00000000,273046905,273046907,1782864944981617,True,True
166957128,0.06972000,1836.00000000,273046908,273046908,1782864944981728,True,True
166957129,0.06971000,402.00000000,273046909,273046909,1782864944981728,True,True
166957130,0.06971000,7019.00000000,273046910,273046914,1782864944981850,True,True
166957131,0.06971000,1694.00000000,273046915,273046915,1782864944982346,True,True
166957132,0.06970000,299.00000000,273046916,273046919,1782864944989141,True,True
166957133,0.06969000,2609.00000000,273046920,273046921,1782864948266949,True,True
166957134,0.06968000,152.00000000,273046922,273046923,1782864948527451,True,True
166957135,0.06967000,1909.00000000,273046924,273046924,1782864952037658,True,True
166957136,0.06967000,181.00000000,273046925,273046926,1782864960037581,True,True
166957137,0.06966000,149.00000000,273046927,273046928,1782864960037581,True,True
166957138,0.06966000,1452.00000000,273046929,273046931,1782864960708115,True,True
166957139,0.06967000,1000.00000000,273046932,273046932,1782864964821696,False,True
166957140,0.06968000,1073.00000000,273046933,273046934,1782864979840368,False,True
166957141,0.06969000,73.00000000,273046935,273046935,1782864982621713,False,True
166957142,0.06970000,15.00000000,273046936,273046936,1782864982621713,False,True
166957143,0.06969000,583.00000000,273046937,273046937,1782865005430239,True,True
166957144,0.06968000,2397.00000000,273046938,273046941,1782865013042376,True,True
166957145,0.06969000,1073.00000000,273046942,273046943,1782865018359007,False,True
166957146,0.06970000,2517.00000000,273046944,273046947,1782865018361346,False,True
166957147,0.06970000,3868.00000000,273046948,273046948,1782865018362880,False,True
166957148,0.06969000,394.00000000,273046949,273046950,1782865029043609,True,True
166957149,0.06969000,1000.00000000,273046951,273046951,1782865039761667,False,True
166957150,0.06970000,1583.00000000,273046952,273046953,1782865047463104,False,True
166957151,0.06971000,73.00000000,273046954,273046954,1782865047585610,False,True
166957152,0.06972000,368.00000000,273046955,273046958,1782865047585610,False,True
166957153,0.06971000,1135.00000000,273046959,273046960,1782865072152347,True,True
166957154,0.06970000,73.00000000,273046961,273046961,1782865073084729,True,True
166957155,0.06969000,73.00000000,273046962,273046962,1782865079357309,True,True
166957156,0.06968000,2477.00000000,273046963,273046964,1782865082045372,True,True
166957157,0.06968000,355.00000000,273046965,273046965,1782865086045758,True,True
166957158,0.06969000,95.00000000,273046966,273046966,1782865087936727,False,True
166957159,0.06968000,3410.00000000,273046967,273046967,1782865102040533,True,True
166957160,0.06969000,3180.00000000,273046968,273046970,1782865111527203,False,True
166957161,0.06969000,108.00000000,273046971,273046971,1782865122794782,True,True
166957162,0.06968000,1517.00000000,273046972,273046972,1782865122794782,True,True
166957163,0.06968000,4650.00000000,273046973,273046973,1782865140337192,True,True
166957164,0.06968000,14032.00000000,273046974,273046977,1782865140337597,True,True
166957165,0.06967000,73.00000000,273046978,273046978,1782865142049752,True,True
166957166,0.06966000,260.00000000,273046979,273046981,1782865142049752,True,True
166957167,0.06965000,87.00000000,273046982,273046982,1782865142049752,True,True
166957168,0.06966000,2439.00000000,273046983,273046984,1782865145049559,True,True
166957169,0.06965000,73.00000000,273046985,273046985,1782865151317303,True,True
166957170,0.06964000,1341.00000000,273046986,273046988,1782865151327644,True,True
166957171,0.06963000,347.00000000,273046989,273046991,1782865202053378,True,True
166957172,0.06963000,2324.00000000,273046992,273046995,1782865214054276,True,True
166957173,0.06963000,3938.00000000,273046996,273046998,1782865216563443,False,True
166957174,0.06963000,1672.00000000,273046999,273046999,1782865219771304,True,True
166957175,0.06964000,1073.00000000,273047000,273047001,1782865222446852,False,True
166957176,0.06965000,73.00000000,273047002,273047002,1782865231829034,False,True
166957177,0.06966000,73.00000000,273047003,273047003,1782865235292279,False,True
166957178,0.06966000,2188.00000000,273047004,273047006,1782865239771108,True,True
166957179,0.06967000,478.00000000,273047007,273047008,1782865245702039,False,True
166957180,0.06965000,73.00000000,273047009,273047009,1782865254058162,True,True
166957181,0.06964000,294.00000000,273047010,273047010,1782865254058162,True,True
166957182,0.06965000,127.00000000,273047011,273047011,1782865262780637,False,True
166957183,0.06964000,2509.00000000,273047012,273047013,1782865264771220,True,True
166957184,0.06964000,73.00000000,273047014,273047014,1782865269479061,True,True
166957185,0.06963000,2526.00000000,273047015,273047015,1782865272058029,True,True
166957186,0.06963000,5451.00000000,273047016,273047016,1782865281876919,True,True
166957187,0.06963000,28400.00000000,273047017,273047017,1782865281878790,True,True
166957188,0.06963000,5857.00000000,273047018,273047019,1782865281879743,True,True
166957189,0.06962000,264.00000000,273047020,273047022,1782865288904831,True,True
166957190,0.06961000,73.00000000,273047023,273047023,1782865292184604,True,True
166957191,0.06960000,256.00000000,273047024,273047026,1782865292189415,True,True
166957192,0.06959000,181.00000000,273047027,273047028,1782865292249051,True,True
166957193,0.06958000,261.00000000,273047029,273047031,1782865292403579,True,True
166957194,0.06957000,2716.00000000,273047032,273047036,1782865294772519,True,True
166957195,0.06956000,289.00000000,273047037,273047040,1782865294772519,True,True
166957196,0.06956000,378.00000000,273047041,273047043,1782865309062617,True,True
166957197,0.06955000,95.00000000,273047044,273047045,1782865312603760,True,True
166957198,0.06955000,86.00000000,273047046,273047046,1782865312607237,True,True
166957199,0.06954000,907.00000000,273047047,273047053,1782865312612848,True,True
166957200,0.06954000,1341.00000000,273047054,273047055,1782865312639853,True,True
166957201,0.06954000,80.00000000,273047056,273047056,1782865312647002,True,True
166957202,0.06954000,171.00000000,273047057,273047057,1782865312658028,True,True
166957203,0.06954000,5366.00000000,273047058,273047058,1782865312658802,True,True
166957204,0.06953000,1402.00000000,273047059,273047061,1782865312686979,True,True
166957205,0.06954000,6337.00000000,273047062,273047063,1782865315237493,False,True
166957206,0.06955000,4340.00000000,273047064,273047068,1782865315237493,False,True
166957207,0.06955000,4139.00000000,273047069,273047069,1782865315474136,True,True
166957208,0.06955000,4159.00000000,273047070,273047070,1782865316491701,True,True
166957209,0.06955000,2087.00000000,273047071,273047071,1782865316491955,True,True
166957210,0.06955000,724.00000000,273047072,273047072,1782865316493506,True,True
166957211,0.06955000,7100.00000000,273047073,273047073,1782865316493954,True,True
166957212,0.06955000,1341.00000000,273047074,273047074,1782865316494269,True,True
166957213,0.06955000,10103.00000000,273047075,273047075,1782865316495358,True,True
166957214,0.06955000,2881.00000000,273047076,273047076,1782865316495719,True,True
166957215,0.06955000,4376.00000000,273047077,273047077,1782865316497088,True,True
166957216,0.06955000,3607.00000000,273047078,273047078,1782865316497124,True,True
166957217,0.06955000,5622.00000000,273047079,273047079,1782865316497834,True,True
166957218,0.06955000,37.00000000,273047080,273047080,1782865316502196,True,True
166957219,0.06954000,1294.00000000,273047081,273047082,1782865316510860,True,True
166957220,0.06953000,1414.00000000,273047083,273047084,1782865327063553,True,True
166957221,0.06952000,268.00000000,273047085,273047087,1782865327063553,True,True
166957222,0.06951000,388.00000000,273047088,273047089,1782865327063553,True,True
166957223,0.06951000,5434.00000000,273047090,273047093,1782865329398706,False,True
166957224,0.06951000,1597.00000000,273047094,273047094,1782865329771633,True,True
166957225,0.06950000,847.00000000,273047095,273047097,1782865329771633,True,True
166957226,0.06951000,1000.00000000,273047098,273047098,1782865331700327,False,True
166957227,0.06952000,6266.00000000,273047099,273047100,1782865331707168,False,True
166957228,0.06952000,1000.00000000,273047101,273047101,1782865342206927,False,True
166957229,0.06953000,181.00000000,273047102,273047103,1782865342206927,False,True
166957230,0.06952000,2938.00000000,273047104,273047105,1782865355710538,True,True
166957231,0.06951000,4267.00000000,273047106,273047109,1782865355710538,True,True
166957232,0.06950000,6935.00000000,273047110,273047114,1782865355710538,True,True
166957233,0.06949000,10860.00000000,273047115,273047121,1782865355710538,True,True
166957234,0.06950000,80.00000000,273047122,273047122,1782865355712194,True,True
166957235,0.06952000,1062.00000000,273047123,273047123,1782865356366708,False,True
166957236,0.06953000,1073.00000000,273047124,273047125,1782865358237391,False,True
166957237,0.06953000,1937.00000000,273047126,273047128,1782865359771382,True,True
166957238,0.06952000,1025.00000000,273047129,273047130,1782865359771382,True,True
166957239,0.06954000,1073.00000000,273047131,273047132,1782865364444249,False,True
166957240,0.06955000,73.00000000,273047133,273047133,1782865373128651,False,True
166957241,0.06955000,368.00000000,273047134,273047134,1782865380065482,True,True
166957242,0.06955000,1731.00000000,273047135,273047136,1782865381369188,False,True
166957243,0.06954000,2285.00000000,273047137,273047140,1782865394068098,True,True
166957244,0.06953000,181.00000000,273047141,273047142,1782865401267955,True,True
166957245,0.06953000,1269.00000000,273047143,273047144,1782865412794290,False,True
166957246,0.06954000,607.00000000,273047145,273047145,1782865412794290,False,True
166957247,0.06954000,73.00000000,273047146,273047146,1782865416561519,False,True
166957248,0.06955000,144.00000000,273047147,273047148,1782865416561519,False,True
166957249,0.06955000,1732.00000000,273047149,273047150,1782865419498074,False,True
166957250,0.06954000,1000.00000000,273047151,273047151,1782865438978677,False,True
166957251,0.06955000,181.00000000,273047152,273047153,1782865438981276,False,True
166957252,0.06956000,261.00000000,273047154,273047156,1782865439065527,False,True
166957253,0.06955000,2348.00000000,273047157,273047158,1782865447070676,True,True
166957254,0.06955000,339.00000000,273047159,273047159,1782865448070005,True,True
166957255,0.06954000,765.00000000,273047160,273047162,1782865459964021,True,True
166957256,0.06954000,99.00000000,273047163,273047163,1782865476537327,False,True
166957257,0.06954000,1000.00000000,273047164,273047164,1782865497870220,False,True
166957258,0.06954000,435.00000000,273047165,273047165,1782865513075397,True,True
166957259,0.06954000,2368.00000000,273047166,273047167,1782865515074306,True,True
166957260,0.06955000,3214.00000000,273047168,273047171,1782865515133666,False,True
166957261,0.06956000,351.00000000,273047172,273047173,1782865532274771,False,True
166957262,0.06955000,312.00000000,273047174,273047174,1782865538313505,True,True
166957263,0.06955000,418.00000000,273047175,273047175,1782865539905145,True,True
166957264,0.06955000,2390.00000000,273047176,273047177,1782865539907730,True,True
166957265,0.06954000,1402.00000000,273047178,273047180,1782865539907730,True,True
166957266,0.06953000,3864.00000000,273047181,273047184,1782865539907730,True,True
166957267,0.06953000,793.00000000,273047185,273047185,1782865539916510,True,True
166957268,0.06952000,548.00000000,273047186,273047190,1782865539916510,True,True
166957269,0.06951000,30149.00000000,273047191,273047197,1782865539922513,True,True
166957270,0.06950000,2808.00000000,273047198,273047202,1782865539923215,True,True
166957271,0.06950000,80.00000000,273047203,273047203,1782865539946969,True,True
166957272,0.06950000,5738.00000000,273047204,273047204,1782865539955096,True,True
166957273,0.06949000,3757.00000000,273047205,273047208,1782865539955096,True,True
166957274,0.06950000,964.00000000,273047209,273047209,1782865539958335,True,True
166957275,0.06949000,1938.00000000,273047210,273047210,1782865539958335,True,True
166957276,0.06949000,2367.00000000,273047211,273047211,1782865539965553,True,True
166957277,0.06950000,965.00000000,273047212,273047212,1782865539982558,False,True
166957278,0.06951000,35.00000000,273047213,273047213,1782865539982558,False,True
166957279,0.06949000,73.00000000,273047214,273047214,1782865539998948,True,True
166957280,0.06948000,143.00000000,273047215,273047216,1782865540008020,True,True
166957281,0.06948000,140.00000000,273047217,273047218,1782865540331015,True,True
166957282,0.06947000,95.00000000,273047219,273047220,1782865540538417,True,True
166957283,0.06948000,965.00000000,273047221,273047221,1782865540742196,False,True
166957284,0.06948000,639.00000000,273047222,273047222,1782865540872487,True,True
166957285,0.06949000,95.00000000,273047223,273047223,1782865541883937,False,True
166957286,0.06947000,95.00000000,273047224,273047224,1782865554587836,True,True
166957287,0.06947000,551.00000000,273047225,273047227,1782865554611008,True,True
166957288,0.06947000,1000.00000000,273047228,273047228,1782865560790310,False,True
166957289,0.06947000,95.00000000,273047229,273047229,1782865562171206,True,True
166957290,0.06947000,1502.00000000,273047230,273047230,1782865562171706,True,True
166957291,0.06946000,3172.00000000,273047231,273047236,1782865562175172,True,True
166957292,0.06945000,261.00000000,273047237,273047239,1782865562181033,True,True
166957293,0.06944000,261.00000000,273047240,273047242,1782865562186201,True,True
166957294,0.06943000,80.00000000,273047243,273047244,1782865562191756,True,True
166957295,0.06944000,936.00000000,273047245,273047245,1782865562198828,True,True
166957296,0.06944000,143.00000000,273047246,273047246,1782865562207665,True,True
166957297,0.06945000,965.00000000,273047247,273047247,1782865562296844,False,True
166957298,0.06944000,150.00000000,273047248,273047248,1782865569925033,True,True
166957299,0.06945000,1000.00000000,273047249,273047249,1782865574242238,False,True
166957300,0.06945000,2627.00000000,273047250,273047251,1782865575080394,True,True
166957301,0.06944000,345.00000000,273047252,273047253,1782865576079112,True,True
166957302,0.06945000,1000.00000000,273047254,273047254,1782865578283889,False,True
166957303,0.06945000,505.00000000,273047255,273047255,1782865581669847,True,True
166957304,0.06945000,986.00000000,273047256,273047256,1782865581673719,True,True
166957305,0.06943000,195.00000000,273047257,273047258,1782865582032829,True,True
166957306,0.06942000,1000.00000000,273047259,273047262,1782865582061616,True,True
166957307,0.06941000,227.00000000,273047263,273047264,1782865586649396,True,True
166957308,0.06941000,3306.00000000,273047265,273047267,1782865588294209,False,True
166957309,0.06942000,107.00000000,273047268,273047268,1782865600662944,False,True
166957310,0.06941000,96.00000000,273047269,273047269,1782865618298138,True,True
166957311,0.06941000,1338.00000000,273047270,273047271,1782865618306931,True,True
166957312,0.06940000,262.00000000,273047272,273047274,1782865618354774,True,True
166957313,0.06939000,1347.00000000,273047275,273047276,1782865618354774,True,True
166957314,0.06940000,2899.00000000,273047277,273047278,1782865620747215,False,True
166957315,0.06941000,1183.00000000,273047279,273047281,1782865625254203,False,True
166957316,0.06941000,900.00000000,273047282,273047282,1782865626587348,True,True
166957317,0.06942000,1074.00000000,273047283,273047284,1782865626997433,False,True
166957318,0.06943000,182.00000000,273047285,273047286,1782865627307092,False,True
166957319,0.06944000,1262.00000000,273047287,273047290,1782865636340445,False,True
166957320,0.06944000,2295.00000000,273047291,273047293,1782865638082429,True,True
166957321,0.06945000,1073.00000000,273047294,273047295,1782865639952098,False,True
166957322,0.06945000,445.00000000,273047296,273047296,1782865647083165,True,True
166957323,0.06945000,627.00000000,273047297,273047297,1782865649789366,True,True
166957324,0.06945000,95.00000000,273047298,273047298,1782865660063544,False,True
166957325,0.06945000,2246.00000000,273047299,273047300,1782865663191919,False,True
166957326,0.06945000,2682.00000000,273047301,273047302,1782865686787217,False,True
166957327,0.06946000,153.00000000,273047303,273047304,1782865688909608,False,True
166957328,0.06947000,96.00000000,273047305,273047306,1782865695565238,False,True
166957329,0.06947000,977.00000000,273047307,273047307,1782865695567504,False,True
166957330,0.06948000,4767.00000000,273047308,273047314,1782865695568088,False,True
166957331,0.06948000,1946.00000000,273047315,273047315,1782865695568196,False,True
166957332,0.06948000,80.00000000,273047316,273047316,1782865695571983,False,True
166957333,0.06948000,899.00000000,273047317,273047317,1782865695574170,False,True
166957334,0.06949000,181.00000000,273047318,273047319,1782865695722562,False,True
166957335,0.06949000,1900.00000000,273047320,273047322,1782865697086951,True,True
166957336,0.06949000,2597.00000000,273047323,273047324,1782865700091539,False,True
166957337,0.06950000,4420.00000000,273047325,273047330,1782865700091539,False,True
166957338,0.06951000,2751.00000000,273047331,273047334,1782865702422947,False,True
166957339,0.06952000,2181.00000000,273047335,273047339,1782865704079525,False,True
166957340,0.06951000,353.00000000,273047340,273047341,1782865708080573,True,True
166957341,0.06952000,1086.00000000,273047342,273047343,1782865708295015,False,True
166957342,0.06952000,240.00000000,273047344,273047344,1782865708298622,True,True
166957343,0.06952000,373.00000000,273047345,273047345,1782865710088283,True,True
166957344,0.06953000,2798.00000000,273047346,273047349,1782865714743350,False,True
166957345,0.06954000,95.00000000,273047350,273047350,1782865714826636,False,True
166957346,0.06953000,4143.00000000,273047351,273047352,1782865716814437,True,True
166957347,0.06953000,1000.00000000,273047353,273047353,1782865719201795,False,True
166957348,0.06954000,1246.00000000,273047354,273047357,1782865729456140,False,True
166957349,0.06955000,1073.00000000,273047358,273047359,1782865734976183,False,True
166957350,0.06956000,570.00000000,273047360,273047360,1782865734976183,False,True
166957351,0.06954000,766.00000000,273047361,273047363,1782865748090485,True,True
166957352,0.06953000,1767.00000000,273047364,273047365,1782865748090485,True,True
166957353,0.06953000,389.00000000,273047366,273047368,1782865775092846,True,True
166957354,0.06954000,1000.00000000,273047369,273047369,1782865780938298,False,True
166957355,0.06955000,181.00000000,273047370,273047371,1782865780943480,False,True
166957356,0.06956000,153.00000000,273047372,273047373,1782865786249499,False,True
166957357,0.06957000,1288.00000000,273047374,273047377,1782865789127657,False,True
166957358,0.06956000,921.00000000,273047378,273047379,1782865804325015,True,True
166957359,0.06956000,692.00000000,273047380,273047381,1782865810285452,True,True
166957360,0.06955000,73.00000000,273047382,273047382,1782865812095284,True,True
166957361,0.06954000,2390.00000000,273047383,273047384,1782865812095284,True,True
166957362,0.06955000,204.00000000,273047385,273047385,1782865827563660,True,True
166957363,0.06955000,452.00000000,273047386,273047386,1782865837097104,True,True
166957364,0.06956000,1000.00000000,273047387,273047387,1782865838104321,False,True
166957365,0.06957000,73.00000000,273047388,273047388,1782865838378302,False,True
166957366,0.06958000,259.00000000,273047389,273047391,1782865840394250,False,True
166957367,0.06959000,1305.00000000,273047392,273047395,1782865842324290,False,True
166957368,0.06960000,403.00000000,273047396,273047399,1782865849980592,False,True
166957369,0.06961000,153.00000000,273047400,273047401,1782865851507777,False,True
166957370,0.06962000,445.00000000,273047402,273047405,1782865851582975,False,True
166957371,0.06963000,73.00000000,273047406,273047406,1782865852840817,False,True
166957372,0.06964000,1520.00000000,273047407,273047411,1782865860924686,False,True
166957373,0.06965000,181.00000000,273047412,273047413,1782865860929083,False,True
166957374,0.06966000,6819.00000000,273047414,273047419,1782865860960730,False,True
166957375,0.06966000,4790.00000000,273047420,273047424,1782865860974428,True,True
166957376,0.06966000,357.00000000,273047425,273047425,1782865860984435,True,True
166957377,0.06965000,790.00000000,273047426,273047426,1782865860984435,True,True
166957378,0.06966000,1341.00000000,273047427,273047427,1782865861951609,True,True
166957379,0.06965000,4169.00000000,273047428,273047433,1782865861951609,True,True
166957380,0.06965000,4884.00000000,273047434,273047437,1782865862674662,True,True
166957381,0.06965000,5144.00000000,273047438,273047438,1782865863731807,True,True
166957382,0.06965000,240.00000000,273047439,273047440,1782865865039599,False,True
166957383,0.06966000,73.00000000,273047441,273047441,1782865866567213,False,True
166957384,0.06967000,1294.00000000,273047442,273047443,1782865866567213,False,True
166957385,0.06968000,488.00000000,273047444,273047447,1782865866685101,False,True
166957386,0.06968000,587.00000000,273047448,273047448,1782865866709136,True,True
166957387,0.06967000,587.00000000,273047449,273047449,1782865866737567,True,True
166957388,0.06968000,1341.00000000,273047450,273047450,1782865867551914,True,True
166957389,0.06967000,4553.00000000,273047451,273047456,1782865867551914,True,True
166957390,0.06966000,1300.00000000,273047457,273047457,1782865867553861,True,True
166957391,0.06966000,478.00000000,273047458,273047460,1782865868502877,True,True
166957392,0.06965000,5778.00000000,273047461,273047466,1782865868502877,True,True
166957393,0.06966000,2410.00000000,273047467,273047468,1782865869051945,True,True
166957394,0.06965000,3726.00000000,273047469,273047472,1782865869051945,True,True
166957395,0.06965000,14372.00000000,273047473,273047473,1782865869053659,False,True
166957396,0.06965000,9762.00000000,273047474,273047477,1782865870181170,True,True
166957397,0.06967000,84.00000000,273047478,273047478,1782865871081171,False,True
166957398,0.06968000,2727.00000000,273047479,273047482,1782865871081171,False,True
166957399,0.06968000,3625.00000000,273047483,273047485,1782865871252744,True,True
166957400,0.06969000,113.00000000,273047486,273047487,1782865872552340,False,True
166957401,0.06969000,8601.00000000,273047488,273047488,1782865872554868,False,True
166957402,0.06970000,2909.00000000,273047489,273047491,1782865872556532,False,True
166957403,0.06970000,3093.00000000,273047492,273047492,1782865872578030,False,True
166957404,0.06970000,24563.00000000,273047493,273047495,1782865872819585,False,True
166957405,0.06969000,108.00000000,273047496,273047496,1782865873945586,True,True
166957406,0.06968000,181.00000000,273047497,273047498,1782865877099610,True,True
166957407,0.06967000,2203.00000000,273047499,273047502,1782865877099610,True,True
166957408,0.06967000,2938.00000000,273047503,273047504,1782865877498993,False,True
166957409,0.06967000,687.00000000,273047505,273047505,1782865877813924,True,True
166957410,0.06966000,260.00000000,273047506,273047508,1782865879476480,True,True
166957411,0.06967000,424.00000000,273047509,273047509,1782865890100775,True,True
166957412,0.06968000,73.00000000,273047510,273047510,1782865891089887,False,True
166957413,0.06969000,649.00000000,273047511,273047511,1782865891089887,False,True
166957414,0.06968000,500.00000000,273047512,273047512,1782865897427401,False,True
166957415,0.06967000,73.00000000,273047513,273047513,1782865900398750,True,True
166957416,0.06967000,1268.00000000,273047514,273047514,1782865905664676,False,True
166957417,0.06968000,409.00000000,273047515,273047515,1782865905664676,False,True
166957418,0.06966000,181.00000000,273047516,273047517,1782865914724905,True,True
166957419,0.06965000,73.00000000,273047518,273047518,1782865916913022,True,True
166957420,0.06964000,14625.00000000,273047519,273047521,1782865916917176,True,True
166957421,0.06964000,692.00000000,273047522,273047524,1782865916925717,True,True
166957422,0.06964000,96.00000000,273047525,273047525,1782865920372540,False,True
166957423,0.06964000,1008.00000000,273047526,273047526,1782865924136894,False,True
166957424,0.06963000,2424.00000000,273047527,273047529,1782865933103492,True,True
166957425,0.06962000,577.00000000,273047530,273047533,1782865940650544,True,True
166957426,0.06961000,289.00000000,273047534,273047536,1782865941754897,True,True
166957427,0.06962000,73.00000000,273047537,273047537,1782865948338791,False,True
166957428,0.06963000,73.00000000,273047538,273047538,1782865950774023,False,True
166957429,0.06964000,73.00000000,273047539,273047539,1782865953065855,False,True
166957430,0.06965000,1002.00000000,273047540,273047542,1782865953070100,False,True
166957431,0.06965000,271.00000000,273047543,273047543,1782865953070228,False,True
166957432,0.06965000,129.00000000,273047544,273047544,1782865953070306,False,True
166957433,0.06966000,865.00000000,273047545,273047545,1782865953070306,False,True
166957434,0.06966000,663.00000000,273047546,273047550,1782865953070359,False,True
166957435,0.06967000,69.00000000,273047551,273047551,1782865953070359,False,True
166957436,0.06965000,313.00000000,273047552,273047554,1782865960104783,True,True
166957437,0.06966000,73.00000000,273047555,273047555,1782865981189713,False,True
166957438,0.06967000,1221.00000000,273047556,273047556,1782865981189713,False,True
166957439,0.06966000,710.00000000,273047557,273047557,1782865987967426,True,True
166957440,0.06966000,1826.00000000,273047558,273047558,1782865987967429,True,True
166957441,0.06965000,1402.00000000,273047559,273047561,1782865987973354,True,True
166957442,0.06964000,73.00000000,273047562,273047562,1782865992029872,True,True
166957443,0.06963000,171.00000000,273047563,273047564,1782865998244278,True,True
166957444,0.06963000,2550.00000000,273047565,273047566,1782866001106716,True,True
166957445,0.06964000,1000.00000000,273047567,273047567,1782866005179418,False,True
166957446,0.06964000,360.00000000,273047568,273047568,1782866013108798,True,True
166957447,0.06965000,73.00000000,273047569,273047569,1782866014003863,False,True
166957448,0.06966000,73.00000000,273047570,273047570,1782866015891793,False,True
166957449,0.06967000,94.00000000,273047571,273047572,1782866015891793,False,True
166957450,0.06968000,359.00000000,273047573,273047574,1782866020642983,False,True
166957451,0.06968000,28400.00000000,273047575,273047575,1782866023098366,False,True
166957452,0.06968000,772.00000000,273047576,273047576,1782866023099137,False,True
166957453,0.06968000,792.00000000,273047577,273047578,1782866023099557,False,True
166957454,0.06969000,73.00000000,273047579,273047579,1782866029319629,False,True
166957455,0.06970000,231.00000000,273047580,273047582,1782866029319629,False,True
166957456,0.06970000,3510.00000000,273047583,273047584,1782866029906661,False,True
166957457,0.06970000,2771.00000000,273047585,273047585,1782866029906951,False,True
166957458,0.06970000,1341.00000000,273047586,273047586,1782866029907426,False,True
166957459,0.06970000,8199.00000000,273047587,273047589,1782866029909396,False,True
166957460,0.06970000,194.00000000,273047590,273047591,1782866062822712,False,True
166957461,0.06969000,368.00000000,273047592,273047592,1782866069112952,True,True
166957462,0.06970000,179.00000000,273047593,273047593,1782866071039622,False,True
166957463,0.06970000,2146.00000000,273047594,273047595,1782866072111621,True,True
166957464,0.06971000,456.00000000,273047596,273047599,1782866078248973,False,True
166957465,0.06972000,241.00000000,273047600,273047602,1782866089082876,False,True
166957466,0.06973000,279.00000000,273047603,273047605,1782866090757094,False,True
166957467,0.06974000,768.00000000,273047606,273047610,1782866105925177,False,True
166957468,0.06973000,2536.00000000,273047611,273047611,1782866112315390,True,True
166957469,0.06972000,73.00000000,273047612,273047612,1782866114254097,True,True
166957470,0.06971000,416.00000000,273047613,273047615,1782866122114460,True,True
166957471,0.06971000,2301.00000000,273047616,273047616,1782866123118679,True,True
166957472,0.06970000,73.00000000,273047617,273047617,1782866127786577,True,True
166957473,0.06969000,181.00000000,273047618,273047619,1782866127797246,True,True
166957474,0.06968000,577.00000000,273047620,273047623,1782866129115106,True,True
166957475,0.06967000,368.00000000,273047624,273047627,1782866129115106,True,True
166957476,0.06966000,1172.00000000,273047628,273047628,1782866129115106,True,True
166957477,0.06966000,79.00000000,273047629,273047629,1782866129116598,True,True
166957478,0.06966000,152.00000000,273047630,273047631,1782866138673973,True,True
166957479,0.06965000,153.00000000,273047632,273047633,1782866139321115,True,True
166957480,0.06965000,2938.00000000,273047634,273047635,1782866143336970,True,True
166957481,0.06964000,1226.00000000,273047636,273047639,1782866143336970,True,True
166957482,0.06965000,1073.00000000,273047640,273047641,1782866165188469,False,True
166957483,0.06966000,73.00000000,273047642,273047642,1782866178230695,False,True
166957484,0.06966000,450.00000000,273047643,273047643,1782866181119420,True,True
166957485,0.06967000,73.00000000,273047644,273047644,1782866193833378,False,True
166957486,0.06968000,167.00000000,273047645,273047646,1782866193833378,False,True
166957487,0.06967000,1341.00000000,273047647,273047647,1782866195119926,True,True
166957488,0.06966000,1287.00000000,273047648,273047649,1782866195119926,True,True
166957489,0.06966000,5000.00000000,273047650,273047653,1782866221011382,True,True
166957490,0.06966000,201.00000000,273047654,273047655,1782866228976428,True,True
166957491,0.06965000,719.00000000,273047656,273047658,1782866229657057,True,True
166957492,0.06967000,176.00000000,273047659,273047659,1782866231513511,False,True
166957493,0.06967000,452.00000000,273047660,273047660,1782866232123524,True,True
166957494,0.06968000,286.00000000,273047661,273047663,1782866236185256,False,True
166957495,0.06969000,73.00000000,273047664,273047664,1782866236697917,False,True
166957496,0.06970000,468.00000000,273047665,273047667,1782866237250156,False,True
166957497,0.06971000,92.00000000,273047668,273047669,1782866247781150,False,True
166957498,0.06970000,2637.00000000,273047670,273047670,1782866252123690,True,True
166957499,0.06969000,100.00000000,273047671,273047671,1782866257687745,True,True
166957500,0.06970000,99.00000000,273047672,273047672,1782866278159105,False,True
166957501,0.06970000,2536.00000000,273047673,273047673,1782866281105700,False,True
166957502,0.06970000,3982.00000000,273047674,273047674,1782866281111061,False,True
166957503,0.06970000,187.00000000,273047675,273047675,1782866281111631,False,True
166957504,0.06970000,459.00000000,273047676,273047677,1782866283125958,True,True
166957505,0.06971000,2877.00000000,273047678,273047679,1782866284646389,False,True
166957506,0.06971000,2120.00000000,273047680,273047680,1782866284646626,False,True
166957507,0.06971000,6668.00000000,273047681,273047681,1782866284646748,False,True
166957508,0.06972000,3367.00000000,273047682,273047684,1782866289901754,False,True
166957509,0.06972000,95.00000000,273047685,273047685,1782866289901858,False,True
166957510,0.06973000,181.00000000,273047686,273047687,1782866289926024,False,True
166957511,0.06974000,11279.00000000,273047688,273047689,1782866301870010,False,True
166957512,0.06974000,417.00000000,273047690,273047691,1782866301875665,False,True
166957513,0.06975000,95.00000000,273047692,273047693,1782866301954100,False,True
166957514,0.06975000,102.00000000,273047694,273047694,1782866304521030,True,True
166957515,0.06975000,89.00000000,273047695,273047695,1782866315454716,True,True
166957516,0.06975000,1341.00000000,273047696,273047696,1782866315526431,True,True
166957517,0.06975000,4782.00000000,273047697,273047697,1782866315527197,True,True
166957518,0.06974000,73.00000000,273047698,273047698,1782866316533515,True,True
166957519,0.06973000,1268.00000000,273047699,273047700,1782866316533515,True,True
166957520,0.06973000,1294.00000000,273047701,273047702,1782866316538103,True,True
166957521,0.06972000,2021.00000000,273047703,273047703,1782866320128009,True,True
166957522,0.06972000,4735.00000000,273047704,273047705,1782866326898733,True,True
166957523,0.06972000,1463.00000000,273047706,273047706,1782866326899645,True,True
166957524,0.06971000,181.00000000,273047707,273047708,1782866326941935,True,True
166957525,0.06970000,1907.00000000,273047709,273047712,1782866340637920,True,True
166957526,0.06969000,7100.00000000,273047713,273047718,1782866340639337,True,True
166957527,0.06969000,5033.00000000,273047719,273047719,1782866340639380,True,True
166957528,0.06968000,1764.00000000,273047720,273047724,1782866340640614,True,True
166957529,0.06968000,2693.00000000,273047725,273047725,1782866340640996,True,True
166957530,0.06967000,79.00000000,273047726,273047727,1782866340641000,True,True
166957531,0.06967000,210.00000000,273047728,273047729,1782866340643168,True,True
166957532,0.06967000,5283.00000000,273047730,273047734,1782866340646742,False,True
166957533,0.06967000,349.00000000,273047735,273047735,1782866341128977,True,True
166957534,0.06967000,4042.00000000,273047736,273047736,1782866344476480,True,True
166957535,0.06967000,95.00000000,273047737,273047737,1782866358521965,False,True
166957536,0.06966000,95.00000000,273047738,273047739,1782866364124615,True,True
166957537,0.06966000,6108.00000000,273047740,273047741,1782866364131743,True,True
166957538,0.06965000,1402.00000000,273047742,273047744,1782866364133008,True,True
166957539,0.06964000,624.00000000,273047745,273047750,1782866364198428,True,True
166957540,0.06963000,369.00000000,273047751,273047753,1782866364257678,True,True
166957541,0.06962000,442.00000000,273047754,273047757,1782866366698560,True,True
166957542,0.06961000,1588.00000000,273047758,273047760,1782866370132244,True,True
166957543,0.06960000,261.00000000,273047761,273047763,1782866370132244,True,True
166957544,0.06959000,921.00000000,273047764,273047764,1782866370132244,True,True
166957545,0.06960000,1511.00000000,273047765,273047766,1782866384497739,False,True
166957546,0.06961000,2140.00000000,273047767,273047767,1782866384501814,False,True
166957547,0.06961000,107.00000000,273047768,273047768,1782866384501995,False,True
166957548,0.06961000,1621.00000000,273047769,273047769,1782866384503078,False,True
166957549,0.06961000,5304.00000000,273047770,273047770,1782866384503621,False,True
166957550,0.06961000,2682.00000000,273047771,273047773,1782866384503747,False,True
166957551,0.06962000,181.00000000,273047774,273047775,1782866384553678,False,True
166957552,0.06963000,829.00000000,273047776,273047776,1782866384553678,False,True
166957553,0.06963000,2111.00000000,273047777,273047779,1782866384553804,False,True
166957554,0.06962000,382.00000000,273047780,273047780,1782866395133802,True,True
166957555,0.06963000,13184.00000000,273047781,273047783,1782866404858790,False,True
166957556,0.06963000,1008.00000000,273047784,273047784,1782866405018145,True,True
166957557,0.06964000,152.00000000,273047785,273047786,1782866423487747,False,True
166957558,0.06965000,449.00000000,273047787,273047788,1782866429849483,False,True
166957559,0.06966000,152.00000000,273047789,273047790,1782866435377627,False,True
166957560,0.06966000,1874.00000000,273047791,273047792,1782866436135333,True,True
166957561,0.06967000,73.00000000,273047793,273047793,1782866441770393,False,True
166957562,0.06968000,1294.00000000,273047794,273047796,1782866441777802,False,True
166957563,0.06968000,412.00000000,273047797,273047797,1782866444135913,True,True
166957564,0.06967000,6714.00000000,273047798,273047801,1782866463639239,True,True
166957565,0.06966000,1341.00000000,273047802,273047804,1782866463645477,True,True
166957566,0.06966000,527.00000000,273047805,273047805,1782866463646927,True,True
166957567,0.06966000,832.00000000,273047806,273047806,1782866463647056,True,True
166957568,0.06966000,509.00000000,273047807,273047807,1782866463647151,True,True
166957569,0.06966000,528.00000000,273047808,273047808,1782866463647277,True,True
166957570,0.06966000,3906.00000000,273047809,273047809,1782866463647444,True,True
166957571,0.06965000,73.00000000,273047810,273047810,1782866480492036,True,True
166957572,0.06964000,1964.00000000,273047811,273047816,1782866480496385,True,True
166957573,0.06964000,105.00000000,273047817,273047817,1782866484816808,False,True
166957574,0.06963000,1522.00000000,273047818,273047820,1782866486139009,True,True
166957575,0.06962000,742.00000000,273047821,273047821,1782866486139009,True,True
166957576,0.06963000,1341.00000000,273047822,273047822,1782866490627080,False,True
166957577,0.06963000,786.00000000,273047823,273047823,1782866490627200,False,True
166957578,0.06962000,443.00000000,273047824,273047828,1782866515142721,True,True
166957579,0.06962000,2567.00000000,273047829,273047831,1782866524721606,False,True
166957580,0.06962000,4034.00000000,273047832,273047833,1782866524721864,False,True
166957581,0.06962000,2061.00000000,273047834,273047835,1782866524721997,False,True
166957582,0.06962000,7100.00000000,273047836,273047836,1782866524723039,False,True
166957583,0.06962000,5465.00000000,273047837,273047838,1782866524723265,False,True
166957584,0.06963000,200.00000000,273047839,273047839,1782866524724555,False,True
166957585,0.06963000,200.00000000,273047840,273047840,1782866524725823,False,True
166957586,0.06964000,71.00000000,273047841,273047841,1782866528625703,False,True
166957587,0.06962000,2351.00000000,273047842,273047843,1782866554145609,True,True
166957588,0.06963000,701.00000000,273047844,273047844,1782866561172277,False,True
166957589,0.06963000,200.00000000,273047845,273047845,1782866567045024,False,True
166957590,0.06963000,200.00000000,273047846,273047846,1782866567045055,False,True
166957591,0.06963000,2505.00000000,273047847,273047847,1782866567045264,False,True
166957592,0.06963000,2420.00000000,273047848,273047849,1782866567045385,False,True
166957593,0.06963000,314.00000000,273047850,273047850,1782866567045405,False,True
166957594,0.06964000,981.00000000,273047851,273047852,1782866567045405,False,True
166957595,0.06964000,2414.00000000,273047853,273047853,1782866567045427,False,True
166957596,0.06964000,564.00000000,273047854,273047854,1782866567047740,False,True
166957597,0.06964000,8707.00000000,273047855,273047857,1782866567047847,False,True
166957598,0.06965000,181.00000000,273047858,273047859,1782866567049324,False,True
166957599,0.06966000,979.00000000,273047860,273047860,1782866567049324,False,True
166957600,0.06966000,368.00000000,273047861,273047864,1782866567076305,False,True
166957601,0.06967000,3493.00000000,273047865,273047869,1782866567076305,False,True
166957602,0.06966000,419.00000000,273047870,273047870,1782866569146977,True,True
166957603,0.06966000,643.00000000,273047871,273047871,1782866574918906,True,True
166957604,0.06966000,1078.00000000,273047872,273047873,1782866580594316,True,True
166957605,0.06966000,960.00000000,273047874,273047874,1782866611915797,False,True
166957606,0.06966000,2157.00000000,273047875,273047875,1782866611918163,False,True
166957607,0.06966000,3223.00000000,273047876,273047877,1782866611918762,False,True
166957608,0.06967000,108.00000000,273047878,273047878,1782866611922595,False,True
166957609,0.06968000,536.00000000,273047879,273047879,1782866611922595,False,True
166957610,0.06968000,3693.00000000,273047880,273047885,1782866611923180,False,True
166957611,0.06968000,174.00000000,273047886,273047886,1782866611924365,False,True
166957612,0.06967000,2054.00000000,273047887,273047889,1782866617150388,True,True
166957613,0.06967000,961.00000000,273047890,273047890,1782866626420678,False,True
166957614,0.06966000,433.00000000,273047891,273047894,1782866636149701,True,True
166957615,0.06967000,1575.00000000,273047895,273047895,1782866649419103,False,True
166957616,0.06966000,108.00000000,273047896,273047896,1782866651439938,True,True
166957617,0.06965000,4798.00000000,273047897,273047900,1782866651441912,True,True
166957618,0.06965000,1221.00000000,273047901,273047901,1782866651443127,True,True
166957619,0.06964000,260.00000000,273047902,273047904,1782866655310303,True,True
166957620,0.06963000,259.00000000,273047905,273047907,1782866663817057,True,True
166957621,0.06962000,308.00000000,273047908,273047910,1782866683153254,True,True
166957622,0.06961000,2223.00000000,273047911,273047915,1782866683153254,True,True
166957623,0.06961000,360.00000000,273047916,273047916,1782866687153567,True,True
166957624,0.06960000,420.00000000,273047917,273047920,1782866706088474,True,True
166957625,0.06959000,4196.00000000,273047921,273047923,1782866719132804,True,True
166957626,0.06960000,95.00000000,273047924,273047924,1782866741488927,False,True
166957627,0.06960000,7100.00000000,273047925,273047926,1782866741494767,False,True
166957628,0.06960000,1295.00000000,273047927,273047927,1782866741497476,False,True
166957629,0.06960000,3010.00000000,273047928,273047928,1782866741497481,False,True
166957630,0.06960000,1040.00000000,273047929,273047929,1782866741498169,False,True
166957631,0.06960000,2199.00000000,273047930,273047931,1782866741498905,False,True
166957632,0.06961000,762.00000000,273047932,273047932,1782866741498905,False,True
166957633,0.06961000,2951.00000000,273047933,273047933,1782866741500246,False,True
166957634,0.06961000,73.00000000,273047934,273047934,1782866741968419,False,True
166957635,0.06961000,461.00000000,273047935,273047935,1782866744157868,True,True
166957636,0.06961000,2468.00000000,273047936,273047937,1782866752158592,True,True
166957637,0.06962000,108.00000000,273047938,273047939,1782866765201984,False,True
166957638,0.06962000,108.00000000,273047940,273047940,1782866765202554,False,True
166957639,0.06962000,108.00000000,273047941,273047941,1782866765223474,False,True
166957640,0.06962000,176.00000000,273047942,273047942,1782866775528670,False,True
166957641,0.06962000,176.00000000,273047943,273047943,1782866775529294,False,True
166957642,0.06962000,204.00000000,273047944,273047944,1782866779293952,False,True
166957643,0.06962000,102.00000000,273047945,273047945,1782866783021786,False,True
166957644,0.06961000,334.00000000,273047946,273047947,1782866784999561,True,True
166957645,0.06960000,6455.00000000,273047948,273047951,1782866786495948,True,True
166957646,0.06959000,347.00000000,273047952,273047955,1782866789097913,True,True
166957647,0.06958000,315.00000000,273047956,273047959,1782866798162205,True,True
166957648,0.06959000,476.00000000,273047960,273047960,1782866805628911,False,True
166957649,0.06959000,1341.00000000,273047961,273047961,1782866813163118,True,True
166957650,0.06958000,1024.00000000,273047962,273047962,1782866813163118,True,True
166957651,0.06959000,693.00000000,273047963,273047963,1782866825420445,False,True
166957652,0.06960000,1909.00000000,273047964,273047964,1782866841634717,False,True
166957653,0.06959000,340.00000000,273047965,273047965,1782866852165729,True,True
166957654,0.06959000,16274.00000000,273047966,273047971,1782866859576118,True,True
166957655,0.06959000,9318.00000000,273047972,273047973,1782866859576292,True,True
166957656,0.06958000,2058.00000000,273047974,273047979,1782866859581402,True,True
166957657,0.06957000,290.00000000,273047980,273047982,1782866868648344,True,True
166957658,0.06956000,348.00000000,273047983,273047986,1782866869167006,True,True
166957659,0.06955000,1553.00000000,273047987,273047987,1782866869167006,True,True
166957660,0.06955000,571.00000000,273047988,273047991,1782866887161237,True,True
166957661,0.06954000,261.00000000,273047992,273047994,1782866888711231,True,True
166957662,0.06953000,4337.00000000,273047995,273047997,1782866888720835,True,True
166957663,0.06953000,1944.00000000,273047998,273047999,1782866888722654,True,True
166957664,0.06952000,6369.00000000,273048000,273048004,1782866888771153,True,True
166957665,0.06951000,2483.00000000,273048005,273048008,1782866888772820,True,True
166957666,0.06950000,127.00000000,273048009,273048010,1782866894522671,True,True
166957667,0.06950000,384.00000000,273048011,273048013,1782866904168253,True,True
166957668,0.06950000,4109.00000000,273048014,273048015,1782866914089685,False,True
166957669,0.06950000,3632.00000000,273048016,273048017,1782866914089781,False,True
166957670,0.06951000,1568.00000000,273048018,273048020,1782866922638489,False,True
166957671,0.06952000,6640.00000000,273048021,273048024,1782866922655356,False,True
166957672,0.06953000,452.00000000,273048025,273048027,1782866922683177,False,True
166957673,0.06952000,3980.00000000,273048028,273048030,1782866924349687,True,True
166957674,0.06953000,73.00000000,273048031,273048031,1782866934783572,False,True
166957675,0.06954000,1247.00000000,273048032,273048036,1782866934783572,False,True
166957676,0.06954000,611.00000000,273048037,273048037,1782866934783577,False,True
166957677,0.06955000,716.00000000,273048038,273048038,1782866934783577,False,True
166957678,0.06955000,1298.00000000,273048039,273048040,1782866934784166,False,True
166957679,0.06953000,2310.00000000,273048041,273048042,1782866935171439,True,True
166957680,0.06955000,95.00000000,273048043,273048044,1782866944797653,False,True
166957681,0.06956000,153.00000000,273048045,273048046,1782866946087964,False,True
166957682,0.06956000,396.00000000,273048047,273048048,1782866955172786,True,True
166957683,0.06956000,286.00000000,273048049,273048050,1782866973887022,True,True
166957684,0.06955000,766.00000000,273048051,273048051,1782866973887022,True,True
166957685,0.06955000,3630.00000000,273048052,273048052,1782866975113200,True,True
166957686,0.06955000,2724.00000000,273048053,273048054,1782866975114260,True,True
166957687,0.06955000,1263.00000000,273048055,273048055,1782867000281096,False,True
166957688,0.06956000,897.00000000,273048056,273048057,1782867000339198,False,True
166957689,0.06957000,764.00000000,273048058,273048059,1782867006720225,False,True
166957690,0.06957000,2001.00000000,273048060,273048061,1782867007174957,True,True
166957691,0.06957000,378.00000000,273048062,273048062,1782867021175766,True,True
166957692,0.06958000,533.00000000,273048063,273048065,1782867024963896,False,True
166957693,0.06958000,1221.00000000,273048066,273048066,1782867031718703,True,True
166957694,0.06958000,239.00000000,273048067,273048067,1782867035177743,False,True
166957695,0.06958000,2633.00000000,273048068,273048070,1782867056061787,False,True
166957696,0.06958000,154.00000000,273048071,273048071,1782867056063163,False,True
166957697,0.06959000,85.00000000,273048072,273048073,1782867063554148,False,True
166957698,0.06958000,95.00000000,273048074,273048074,1782867068685582,True,True
166957699,0.06958000,2964.00000000,273048075,273048077,1782867068685885,True,True
166957700,0.06958000,1341.00000000,273048078,273048078,1782867068686221,True,True
166957701,0.06958000,4866.00000000,273048079,273048079,1782867068686399,True,True
166957702,0.06957000,1402.00000000,273048080,273048082,1782867068686511,True,True
166957703,0.06956000,1580.00000000,273048083,273048085,1782867068687177,True,True
166957704,0.06956000,1545.00000000,273048086,273048086,1782867068689028,True,True
166957705,0.06955000,664.00000000,273048087,273048090,1782867068690483,True,True
166957706,0.06954000,261.00000000,273048091,273048093,1782867068692372,True,True
166957707,0.06953000,116.00000000,273048094,273048095,1782867068693966,True,True
166957708,0.06953000,65.00000000,273048096,273048096,1782867068694169,True,True
166957709,0.06953000,97.00000000,273048097,273048097,1782867068695447,True,True
166957710,0.06952000,19.00000000,273048098,273048098,1782867068695447,True,True
166957711,0.06952000,3292.00000000,273048099,273048103,1782867068700219,True,True
166957712,0.06951000,181.00000000,273048104,273048105,1782867068700219,True,True
166957713,0.06950000,10353.00000000,273048106,273048109,1782867068701132,True,True
166957714,0.06950000,161.00000000,273048110,273048110,1782867068703253,True,True
166957715,0.06949000,1630.00000000,273048111,273048114,1782867068771233,True,True
166957716,0.06949000,2651.00000000,273048115,273048117,1782867068842131,False,True
166957717,0.06950000,1341.00000000,273048118,273048118,1782867068842872,False,True
166957718,0.06950000,329.00000000,273048119,273048120,1782867068842958,False,True
166957719,0.06950000,1597.00000000,273048121,273048121,1782867068845385,False,True
166957720,0.06950000,645.00000000,273048122,273048122,1782867068969988,True,True
166957721,0.06950000,351.00000000,273048123,273048123,1782867069680340,True,True
166957722,0.06949000,2413.00000000,273048124,273048128,1782867075180418,True,True
166957723,0.06950000,174.00000000,273048129,273048129,1782867076354219,False,True
166957724,0.06951000,6429.00000000,273048130,273048131,1782867076647377,False,True
166957725,0.06952000,685.00000000,273048132,273048134,1782867076654075,False,True
166957726,0.06953000,73.00000000,273048135,273048135,1782867080590872,False,True
166957727,0.06954000,369.00000000,273048136,273048139,1782867080594911,False,True
166957728,0.06955000,73.00000000,273048140,273048140,1782867083355353,False,True
166957729,0.06954000,349.00000000,273048141,273048141,1782867093182124,True,True
166957730,0.06956000,527.00000000,273048142,273048144,1782867105473201,False,True
166957731,0.06957000,5911.00000000,273048145,273048148,1782867105477645,False,True
166957732,0.06957000,378.00000000,273048149,273048149,1782867105477857,False,True
166957733,0.06958000,261.00000000,273048150,273048152,1782867105546553,False,True
166957734,0.06959000,73.00000000,273048153,273048153,1782867110968363,False,True
166957735,0.06960000,3841.00000000,273048154,273048160,1782867110973144,False,True
166957736,0.06961000,95.00000000,273048161,273048161,1782867111044976,False,True
166957737,0.06961000,2187.00000000,273048162,273048165,1782867111055019,False,True
166957738,0.06962000,1858.00000000,273048166,273048169,1782867111141316,False,True
166957739,0.06963000,289.00000000,273048170,273048172,1782867111153894,False,True
166957740,0.06962000,2237.00000000,273048173,273048175,1782867128183609,True,True
166957741,0.06962000,462.00000000,273048176,273048176,1782867151186324,True,True
166957742,0.06963000,108.00000000,273048177,273048177,1782867159723247,False,True
166957743,0.06964000,356.00000000,273048178,273048181,1782867162126199,False,True
166957744,0.06965000,1860.00000000,273048182,273048185,1782867164811673,False,True
166957745,0.06964000,181.00000000,273048186,273048187,1782867167767041,True,True
166957746,0.06963000,181.00000000,273048188,273048189,1782867167822021,True,True
166957747,0.06963000,1000.00000000,273048190,273048190,1782867181152844,True,True
166957748,0.06962000,2626.00000000,273048191,273048193,1782867196189009,True,True
166957749,0.06963000,174.00000000,273048194,273048194,1782867200176767,False,True
166957750,0.06961000,73.00000000,273048195,273048195,1782867214925810,True,True
166957751,0.06960000,634.00000000,273048196,273048199,1782867214929666,True,True
166957752,0.06959000,73.00000000,273048200,273048200,1782867222190115,True,True
166957753,0.06958000,248.00000000,273048201,273048203,1782867222190115,True,True
166957754,0.06958000,80.00000000,273048204,273048204,1782867247730787,True,True
166957755,0.06957000,1341.00000000,273048205,273048207,1782867247732413,True,True
166957756,0.06957000,61.00000000,273048208,273048208,1782867247733568,True,True
166957757,0.06956000,357.00000000,273048209,273048212,1782867249133377,True,True
166957758,0.06955000,181.00000000,273048213,273048214,1782867250044456,True,True
166957759,0.06954000,341.00000000,273048215,273048217,1782867250969790,True,True
166957760,0.06953000,181.00000000,273048218,273048219,1782867251556470,True,True
166957761,0.06952000,261.00000000,273048220,273048222,1782867252077002,True,True
166957762,0.06951000,302.00000000,273048223,273048225,1782867253925947,True,True
166957763,0.06951000,109.00000000,273048226,273048226,1782867263020594,False,True
166957764,0.06950000,153.00000000,273048227,273048228,1782867264192857,True,True
166957765,0.06949000,1871.00000000,273048229,273048233,1782867264192857,True,True
166957766,0.06949000,143.00000000,273048234,273048234,1782867273644338,False,True
166957767,0.06948000,402.00000000,273048235,273048238,1782867275194632,True,True
166957768,0.06949000,3393.00000000,273048239,273048240,1782867278244655,False,True
166957769,0.06948000,250.00000000,273048241,273048242,1782867296164519,True,True
166957770,0.06948000,170.00000000,273048243,273048243,1782867302370872,False,True
166957771,0.06948000,2536.00000000,273048244,273048244,1782867303378462,False,True
166957772,0.06949000,1329.00000000,273048245,273048246,1782867303380014,False,True
166957773,0.06948000,2698.00000000,273048247,273048248,1782867315195892,True,True
166957774,0.06949000,627.00000000,273048249,273048249,1782867326285916,False,True
166957775,0.06949000,1909.00000000,273048250,273048250,1782867326285931,False,True
166957776,0.06950000,756.00000000,273048251,273048252,1782867326288613,False,True
166957777,0.06950000,646.00000000,273048253,273048254,1782867326288717,False,True
166957778,0.06951000,513.00000000,273048255,273048255,1782867326295321,False,True
166957779,0.06951000,828.00000000,273048256,273048256,1782867326295372,False,True
166957780,0.06951000,1166.00000000,273048257,273048261,1782867326295785,False,True
166957781,0.06952000,95.00000000,273048262,273048262,1782867326378782,False,True
166957782,0.06952000,153.00000000,273048263,273048264,1782867327060944,False,True
166957783,0.06953000,1977.00000000,273048265,273048266,1782867329275771,False,True
166957784,0.06953000,632.00000000,273048267,273048267,1782867329275807,False,True
166957785,0.06954000,1750.00000000,273048268,273048270,1782867337076488,False,True
166957786,0.06955000,119.00000000,273048271,273048271,1782867337076488,False,True
166957787,0.06955000,73.00000000,273048272,273048272,1782867339672640,False,True
166957788,0.06955000,385.00000000,273048273,273048274,1782867342197959,True,True
166957789,0.06956000,144.00000000,273048275,273048276,1782867348498874,False,True
166957790,0.06955000,2143.00000000,273048277,273048278,1782867364200293,True,True
166957791,0.06954000,345.00000000,273048279,273048279,1782867396203335,True,True
166957792,0.06955000,816.00000000,273048280,273048281,1782867429204508,True,True
166957793,0.06954000,1536.00000000,273048282,273048285,1782867429204508,True,True
166957794,0.06955000,200.00000000,273048286,273048286,1782867432631912,False,True
166957795,0.06956000,200.00000000,273048287,273048288,1782867432632181,False,True
166957796,0.06956000,2926.00000000,273048289,273048291,1782867432633633,False,True
166957797,0.06957000,1414.00000000,273048292,273048293,1782867437128321,False,True
166957798,0.06956000,341.00000000,273048294,273048294,1782867446206128,True,True
166957799,0.06957000,3536.00000000,273048295,273048296,1782867455616174,False,True
166957800,0.06958000,1970.00000000,273048297,273048301,1782867455620008,False,True
166957801,0.06959000,272.00000000,273048302,273048302,1782867455620008,False,True
166957802,0.06958000,298.00000000,273048303,273048303,1782867480486686,False,True
166957803,0.06957000,5024.00000000,273048304,273048306,1782867492559438,True,True
166957804,0.06957000,1440.00000000,273048307,273048307,1782867492563026,True,True
166957805,0.06956000,327.00000000,273048308,273048310,1782867496139084,True,True
166957806,0.06955000,660.00000000,273048311,273048314,1782867496185876,True,True
166957807,0.06954000,358.00000000,273048315,273048318,1782867496225146,True,True
166957808,0.06953000,181.00000000,273048319,273048320,1782867497210281,True,True
166957809,0.06952000,1844.00000000,273048321,273048324,1782867497210281,True,True
166957810,0.06952000,447.00000000,273048325,273048326,1782867498209164,True,True
166957811,0.06953000,117.00000000,273048327,273048327,1782867503635902,False,True
166957812,0.06951000,73.00000000,273048328,273048328,1782867549212953,True,True
166957813,0.06950000,2450.00000000,273048329,273048332,1782867549212953,True,True
166957814,0.06950000,330.00000000,273048333,273048333,1782867562883794,False,True
166957815,0.06950000,8563.00000000,273048334,273048336,1782867562912299,False,True
166957816,0.06951000,8144.00000000,273048337,273048342,1782867562912299,False,True
166957817,0.06950000,434.00000000,273048343,273048343,1782867563213551,True,True
166957818,0.06951000,2232.00000000,273048344,273048344,1782867566155560,False,True
166957819,0.06952000,486.00000000,273048345,273048346,1782867566157033,False,True
166957820,0.06952000,3895.00000000,273048347,273048348,1782867566157039,False,True
166957821,0.06953000,4684.00000000,273048349,273048351,1782867566161030,False,True
166957822,0.06953000,3450.00000000,273048352,273048353,1782867566162507,False,True
166957823,0.06954000,369.00000000,273048354,273048357,1782867566165185,False,True
166957824,0.06955000,89.00000000,273048358,273048358,1782867566165896,False,True
166957825,0.06955000,1611.00000000,273048359,273048361,1782867566171455,False,True
166957826,0.06956000,641.00000000,273048362,273048364,1782867567516562,False,True
166957827,0.06956000,3039.00000000,273048365,273048366,1782867569595045,False,True
166957828,0.06957000,768.00000000,273048367,273048369,1782867571082184,False,True
166957829,0.06958000,1534.00000000,273048370,273048371,1782867571082184,False,True
166957830,0.06958000,341.00000000,273048372,273048375,1782867571082388,False,True
166957831,0.06959000,1937.00000000,273048376,273048378,1782867571082388,False,True
166957832,0.06959000,2278.00000000,273048379,273048382,1782867571082456,False,True
166957833,0.06957000,1341.00000000,273048383,273048383,1782867571082820,False,True
166957834,0.06959000,80.00000000,273048384,273048384,1782867571084479,False,True
166957835,0.06959000,95.00000000,273048385,273048385,1782867572524728,False,True
166957836,0.06959000,2758.00000000,273048386,273048387,1782867572525819,False,True
166957837,0.06960000,530.00000000,273048388,273048392,1782867572529713,False,True
166957838,0.06961000,1723.00000000,273048393,273048395,1782867572529713,False,True
166957839,0.06961000,387.00000000,273048396,273048398,1782867575799325,False,True
166957840,0.06961000,387.00000000,273048399,273048400,1782867575799490,False,True
166957841,0.06961000,387.00000000,273048401,273048401,1782867575799527,False,True
166957842,0.06961000,387.00000000,273048402,273048402,1782867575799646,False,True
166957843,0.06961000,1341.00000000,273048403,273048403,1782867575800497,False,True
166957844,0.06961000,204.00000000,273048404,273048404,1782867575800537,False,True
166957845,0.06962000,224.00000000,273048405,273048407,1782867580430862,False,True
166957846,0.06962000,224.00000000,273048408,273048410,1782867580430924,False,True
166957847,0.06962000,224.00000000,273048411,273048412,1782867580431047,False,True
166957848,0.06962000,224.00000000,273048413,273048413,1782867580431169,False,True
166957849,0.06962000,2039.00000000,273048414,273048414,1782867580431176,False,True
166957850,0.06962000,241.00000000,273048415,273048415,1782867580431242,False,True
166957851,0.06963000,289.00000000,273048416,273048418,1782867580500704,False,True
166957852,0.06964000,152.00000000,273048419,273048420,1782867581557575,False,True
166957853,0.06965000,4500.00000000,273048421,273048425,1782867585288423,False,True
166957854,0.06966000,368.00000000,273048426,273048429,1782867585292843,False,True
166957855,0.06967000,2282.00000000,273048430,273048433,1782867585304207,False,True
166957856,0.06968000,318.00000000,273048434,273048436,1782867585552820,False,True
166957857,0.06969000,1858.00000000,273048437,273048439,1782867586258038,False,True
166957858,0.06970000,233.00000000,273048440,273048440,1782867586260831,False,True
166957859,0.06970000,233.00000000,273048441,273048441,1782867586260916,False,True
166957860,0.06970000,233.00000000,273048442,273048442,1782867586261142,False,True
166957861,0.06970000,174.00000000,273048443,273048445,1782867587038753,False,True
166957862,0.06970000,145.00000000,273048446,273048447,1782867587038796,False,True
166957863,0.06970000,145.00000000,273048448,273048448,1782867587038966,False,True
166957864,0.06970000,155.00000000,273048449,273048449,1782867587038983,False,True
166957865,0.06971000,233.00000000,273048450,273048450,1782867587039047,False,True
166957866,0.06971000,480.00000000,273048451,273048451,1782867587054186,False,True
166957867,0.06971000,500.00000000,273048452,273048454,1782867590445854,False,True
166957868,0.06972000,95.00000000,273048455,273048456,1782867590521221,False,True
166957869,0.06972000,1354.00000000,273048457,273048460,1782867590522810,False,True
166957870,0.06973000,181.00000000,273048461,273048462,1782867590524503,False,True
166957871,0.06974000,1.00000000,273048463,273048463,1782867590524503,False,True
166957872,0.06974000,182.00000000,273048464,273048464,1782867590524595,False,True
166957873,0.06974000,381.00000000,273048465,273048465,1782867590524654,False,True
166957874,0.06974000,182.00000000,273048466,273048466,1782867590525651,False,True
166957875,0.06974000,2766.00000000,273048467,273048470,1782867597914954,False,True
166957876,0.06974000,396.00000000,273048471,273048472,1782867600029760,False,True
166957877,0.06975000,73.00000000,273048473,273048473,1782867600475569,False,True
166957878,0.06975000,1518.00000000,273048474,273048475,1782867600690329,True,True
166957879,0.06976000,140.00000000,273048476,273048477,1782867601020936,False,True
166957880,0.06975000,6443.00000000,273048478,273048478,1782867601043520,True,True
166957881,0.06974000,2512.00000000,273048479,273048479,1782867601045294,True,True
166957882,0.06974000,5184.00000000,273048480,273048481,1782867601045324,True,True
166957883,0.06974000,326.00000000,273048482,273048484,1782867601045398,True,True
166957884,0.06973000,1402.00000000,273048485,273048487,1782867601052294,True,True
166957885,0.06972000,181.00000000,273048488,273048489,1782867601057675,True,True
166957886,0.06973000,2098.00000000,273048490,273048491,1782867603083082,True,True
166957887,0.06973000,740.00000000,273048492,273048492,1782867603083722,True,True
166957888,0.06972000,1402.00000000,273048493,273048495,1782867603087669,True,True
166957889,0.06971000,719.00000000,273048496,273048498,1782867603091884,True,True
166957890,0.06971000,1878.00000000,273048499,273048500,1782867603093221,True,True
166957891,0.06970000,368.00000000,273048501,273048504,1782867603095365,True,True
166957892,0.06969000,1778.00000000,273048505,273048507,1782867603131479,True,True
166957893,0.06968000,1857.00000000,273048508,273048511,1782867603139188,True,True
166957894,0.06967000,1886.00000000,273048512,273048515,1782867603158002,True,True
166957895,0.06966000,417.00000000,273048516,273048516,1782867603726167,True,True
166957896,0.06966000,260.00000000,273048517,273048519,1782867604440308,True,True
166957897,0.06966000,100.00000000,273048520,273048520,1782867605078024,False,True
166957898,0.06966000,538.00000000,273048521,273048522,1782867605643749,False,True
166957899,0.06967000,1341.00000000,273048523,273048523,1782867609215773,True,True
166957900,0.06966000,704.00000000,273048524,273048524,1782867609215773,True,True
166957901,0.06965000,73.00000000,273048525,273048525,1782867615216626,True,True
166957902,0.06964000,282.00000000,273048526,273048528,1782867615216626,True,True
166957903,0.06964000,558.00000000,273048529,273048531,1782867619330945,True,True
166957904,0.06964000,1000.00000000,273048532,273048533,1782867620393033,False,True
166957905,0.06965000,73.00000000,273048534,273048534,1782867632282789,False,True
166957906,0.06966000,73.00000000,273048535,273048535,1782867644750891,False,True
166957907,0.06967000,209.00000000,273048536,273048538,1782867644752880,False,True
166957908,0.06967000,209.00000000,273048539,273048539,1782867644753047,False,True
166957909,0.06967000,984.00000000,273048540,273048540,1782867644753056,False,True
166957910,0.06968000,448.00000000,273048541,273048545,1782867644753056,False,True
166957911,0.06968000,209.00000000,273048546,273048546,1782867644753099,False,True
166957912,0.06968000,1471.00000000,273048547,273048547,1782867644753154,False,True
166957913,0.06968000,1441.00000000,273048548,273048548,1782867644753242,False,True
166957914,0.06968000,209.00000000,273048549,273048549,1782867644753289,False,True
166957915,0.06968000,79.00000000,273048550,273048550,1782867644755185,False,True
166957916,0.06969000,73.00000000,273048551,273048551,1782867651081205,False,True
166957917,0.06969000,1341.00000000,273048552,273048552,1782867663220168,True,True
166957918,0.06968000,861.00000000,273048553,273048553,1782867663220168,True,True
166957919,0.06968000,424.00000000,273048554,273048556,1782867669220316,True,True
166957920,0.06968000,4591.00000000,273048557,273048557,1782867678277618,True,True
166957921,0.06968000,1816.00000000,273048558,273048560,1782867678277883,True,True
166957922,0.06968000,1000.00000000,273048561,273048561,1782867687969231,False,True
166957923,0.06969000,1219.00000000,273048562,273048564,1782867687973366,False,True
166957924,0.06968000,73.00000000,273048565,273048565,1782867692508048,True,True
166957925,0.06969000,73.00000000,273048566,273048566,1782867709658383,False,True
166957926,0.06970000,152.00000000,273048567,273048568,1782867710069156,False,True
166957927,0.06971000,73.00000000,273048569,273048569,1782867720558906,False,True
166957928,0.06972000,152.00000000,273048570,273048571,1782867720558906,False,True
166957929,0.06973000,969.00000000,273048572,273048572,1782867720558906,False,True
166957930,0.06973000,1181.00000000,273048573,273048577,1782867720558976,False,True
166957931,0.06973000,1185.00000000,273048578,273048579,1782867720560181,False,True
166957932,0.06973000,79.00000000,273048580,273048580,1782867720561003,False,True
166957933,0.06974000,381.00000000,273048581,273048583,1782867724912019,False,True
166957934,0.06973000,1950.00000000,273048584,273048585,1782867728224521,True,True
166957935,0.06974000,244.00000000,273048586,273048587,1782867728608463,False,True
166957936,0.06975000,289.00000000,273048588,273048590,1782867728608463,False,True
166957937,0.06976000,865.00000000,273048591,273048592,1782867728608463,False,True
166957938,0.06976000,1373.00000000,273048593,273048595,1782867728608492,False,True
166957939,0.06976000,1373.00000000,273048596,273048599,1782867728608605,False,True
166957940,0.06975000,9767.00000000,273048600,273048603,1782867730265667,True,True
166957941,0.06974000,73.00000000,273048604,273048604,1782867730790229,True,True
166957942,0.06973000,1341.00000000,273048605,273048607,1782867730864021,True,True
166957943,0.06973000,1341.00000000,273048608,273048608,1782867730865478,True,True
166957944,0.06973000,739.00000000,273048609,273048609,1782867730865558,True,True
166957945,0.06973000,2994.00000000,273048610,273048610,1782867730865658,True,True
166957946,0.06973000,385.00000000,273048611,273048611,1782867730865689,True,True
166957947,0.06972000,181.00000000,273048612,273048613,1782867734225053,True,True
166957948,0.06971000,244.00000000,273048614,273048614,1782867734225053,True,True
166957949,0.06971000,5080.00000000,273048615,273048617,1782867735265780,True,True
166957950,0.06971000,1341.00000000,273048618,273048618,1782867735265988,True,True
166957951,0.06971000,204.00000000,273048619,273048619,1782867735266227,True,True
166957952,0.06970000,368.00000000,273048620,273048623,1782867735341601,True,True
166957953,0.06969000,181.00000000,273048624,273048625,1782867736027984,True,True
166957954,0.06969000,1341.00000000,273048626,273048626,1782867746454364,True,True
166957955,0.06968000,260.00000000,273048627,273048629,1782867746543017,True,True
166957956,0.06967000,181.00000000,273048630,273048631,1782867751035609,True,True
166957957,0.06967000,2821.00000000,273048632,273048635,1782867751439510,False,True
