9311397,0.04531000,640.00000000,15209448,15209448,1782864000468216,True,True
9311398,0.04532000,110.40000000,15209449,15209449,1782864000971294,False,True
9311399,0.04531000,698.00000000,15209450,15209450,1782864002086819,True,True
9311400,0.04531000,3984.50000000,15209451,15209451,1782864006077375,True,True
9311401,0.04531000,10000.00000000,15209452,15209452,1782864006077485,True,True
9311402,0.04531000,10000.00000000,15209453,15209453,1782864006078985,True,True
9311403,0.04531000,109968.60000000,15209454,15209454,1782864006079347,True,True
9311404,0.04531000,3984.50000000,15209455,15209456,1782864006080759,True,True
9311405,0.04530000,4042.90000000,15209457,15209462,1782864006082094,True,True
9311406,0.04530000,923.90000000,15209463,15209463,1782864006082631,True,True
9311407,0.04530000,220.70000000,15209464,15209464,1782864006106077,True,True
9311408,0.04529000,223.00000000,15209465,15209466,1782864006107396,True,True
9311409,0.04529000,220.70000000,15209467,15209467,1782864006109257,True,True
9311410,0.04530000,167.60000000,15209468,15209468,1782864007381698,False,True
9311411,0.04530000,157.50000000,15209469,15209469,1782864007389512,False,True
9311412,0.04530000,9424.30000000,15209470,15209473,1782864015980484,False,True
9311413,0.04530000,110.40000000,15209474,15209474,1782864031009600,False,True
9311414,0.04531000,995.40000000,15209475,15209477,1782864031212116,False,True
9311415,0.04532000,112.60000000,15209478,15209478,1782864050480707,False,True
9311416,0.04533000,535.70000000,15209479,15209480,1782864050480707,False,True
9311417,0.04533000,1039.40000000,15209481,15209483,1782864050486954,False,True
9311418,0.04532000,110.40000000,15209484,15209484,1782864051283107,True,True
9311419,0.04532000,18687.70000000,15209485,15209486,1782864052060972,True,True
9311420,0.04531000,222.90000000,15209487,15209488,1782864052138831,True,True
9311421,0.04530000,995.60000000,15209489,15209491,1782864057743598,True,True
9311422,0.04530000,110.40000000,15209492,15209492,1782864057745158,True,True
9311423,0.04529000,223.00000000,15209493,15209494,1782864061852588,True,True
9311424,0.04528000,772.40000000,15209495,15209496,1782864066280946,True,True
9311425,0.04528000,223.60000000,15209497,15209498,1782864068712444,True,True
9311426,0.04528000,110.50000000,15209499,15209499,1782864069225715,True,True
9311427,0.04527000,443.90000000,15209500,15209502,1782864069491994,True,True
9311428,0.04526000,140.80000000,15209503,15209504,1782864069491994,True,True
9311429,0.04526000,885.90000000,15209505,15209506,1782864071264805,True,True
9311430,0.04526000,258.20000000,15209507,15209508,1782864071265011,True,True
9311431,0.04525000,221.30000000,15209509,15209510,1782864088952556,True,True
9311432,0.04524000,995.10000000,15209511,15209513,1782864089194406,True,True
9311433,0.04523000,9414.90000000,15209514,15209515,1782864089194406,True,True
9311434,0.04524000,7957.50000000,15209516,15209516,1782864089273613,False,True
9311435,0.04524000,30667.50000000,15209517,15209517,1782864089545459,False,True
9311436,0.04524000,10000.00000000,15209518,15209518,1782864089545528,False,True
9311437,0.04524000,4449.00000000,15209519,15209519,1782864089545737,False,True
9311438,0.04524000,11590.40000000,15209520,15209520,1782864089547232,False,True
9311439,0.04524000,4388.00000000,15209521,15209521,1782864089547579,False,True
9311440,0.04524000,513.70000000,15209522,15209522,1782864089547592,False,True
9311441,0.04524000,711.40000000,15209523,15209523,1782864089547662,False,True
9311442,0.04523000,1904.30000000,15209524,15209528,1782864089617841,True,True
9311443,0.04522000,11168.00000000,15209529,15209530,1782864089617841,True,True
9311444,0.04523000,147.00000000,15209531,15209531,1782864091299580,False,True
9311445,0.04522000,331.70000000,15209532,15209533,1782864092766848,True,True
9311446,0.04522000,24544.20000000,15209534,15209537,1782864092805040,False,True
9311447,0.04522000,21797.40000000,15209538,15209540,1782864093349769,False,True
9311448,0.04523000,522.80000000,15209541,15209541,1782864095750661,False,True
9311449,0.04523000,3219.60000000,15209542,15209545,1782864095751094,False,True
9311450,0.04524000,223.40000000,15209546,15209547,1782864102596252,False,True
9311451,0.04525000,71.60000000,15209548,15209548,1782864102596252,False,True
9311452,0.04525000,295.00000000,15209549,15209550,1782864102596260,False,True
9311453,0.04525000,2445.50000000,15209551,15209553,1782864102597060,False,True
9311454,0.04525000,110.50000000,15209554,15209554,1782864102598413,False,True
9311455,0.04525000,338.70000000,15209555,15209555,1782864106086715,True,True
9311456,0.04524000,996.90000000,15209556,15209558,1782864109375687,True,True
9311457,0.04523000,22068.40000000,15209559,15209562,1782864109375687,True,True
9311458,0.04522000,2362.80000000,15209563,15209564,1782864109375687,True,True
9311459,0.04521000,6234.10000000,15209565,15209567,1782864109375687,True,True
9311460,0.04523000,441.90000000,15209568,15209569,1782864112825250,False,True
9311461,0.04523000,22157.00000000,15209570,15209574,1782864112852265,False,True
9311462,0.04522000,110.60000000,15209575,15209575,1782864115206889,True,True
9311463,0.04521000,333.90000000,15209576,15209577,1782864115206889,True,True
9311464,0.04521000,4780.10000000,15209578,15209580,1782864117882568,False,True
9311465,0.04522000,1107.80000000,15209581,15209583,1782864117882571,False,True
9311466,0.04523000,223.40000000,15209584,15209585,1782864117889220,False,True
9311467,0.04524000,1402.30000000,15209586,15209588,1782864120720300,False,True
9311468,0.04524000,110.60000000,15209589,15209589,1782864122131268,False,True
9311469,0.04525000,3357.10000000,15209590,15209593,1782864122131268,False,True
9311470,0.04525000,110.50000000,15209594,15209594,1782864122216152,False,True
9311471,0.04526000,112.70000000,15209595,15209595,1782864122216152,False,True
9311472,0.04527000,223.20000000,15209596,15209597,1782864122218681,False,True
9311473,0.04527000,13656.00000000,15209598,15209599,1782864125954503,True,True
9311474,0.04528000,19123.90000000,15209600,15209603,1782864126399011,False,True
9311475,0.04528000,824.80000000,15209604,15209604,1782864137619481,True,True
9311476,0.04527000,112.60000000,15209605,15209605,1782864140333299,True,True
9311477,0.04526000,724.90000000,15209606,15209608,1782864140333299,True,True
9311478,0.04526000,271.60000000,15209609,15209609,1782864140334980,True,True
9311479,0.04526000,238.00000000,15209610,15209611,1782864140335101,True,True
9311480,0.04526000,93.40000000,15209612,15209612,1782864140336401,True,True
9311481,0.04526000,331.40000000,15209613,15209614,1782864140523057,True,True
9311482,0.04527000,696.40000000,15209615,15209615,1782864149535221,False,True
9311483,0.04528000,333.50000000,15209616,15209617,1782864150532274,False,True
9311484,0.04529000,995.80000000,15209618,15209620,1782864153534235,False,True
9311485,0.04529000,24082.30000000,15209621,15209625,1782864153571722,True,True
9311486,0.04529000,3135.40000000,15209626,15209628,1782864155348225,False,True
9311487,0.04530000,513.60000000,15209629,15209631,1782864157641396,False,True
9311488,0.04531000,885.00000000,15209632,15209633,1782864157642384,False,True
9311489,0.04531000,110.40000000,15209634,15209634,1782864157642878,False,True
9311490,0.04532000,443.60000000,15209635,15209637,1782864157646056,False,True
9311491,0.04533000,324.00000000,15209638,15209639,1782864159083833,False,True
9311492,0.04533000,324.00000000,15209640,15209641,1782864160883190,False,True
9311493,0.04533000,7.00000000,15209642,15209642,1782864160883435,False,True
9311494,0.04533000,110.40000000,15209643,15209643,1782864163085995,False,True
9311495,0.04534000,1104.90000000,15209644,15209646,1782864163085995,False,True
9311496,0.04535000,21921.90000000,15209647,15209650,1782864172696945,False,True
9311497,0.04536000,3134.10000000,15209651,15209653,1782864172696945,False,True
9311498,0.04537000,6484.20000000,15209654,15209657,1782864172696945,False,True
9311499,0.04537000,976.10000000,15209658,15209658,1782864172702077,True,True
9311500,0.04538000,222.70000000,15209659,15209660,1782864175854438,False,True
9311501,0.04539000,1213.90000000,15209661,15209664,1782864175856836,False,True
9311502,0.04539000,110.20000000,15209665,15209665,1782864175907597,False,True
9311503,0.04540000,883.30000000,15209666,15209667,1782864175907597,False,True
9311504,0.04540000,2031.00000000,15209668,15209671,1782864177997467,True,True
9311505,0.04539000,883.30000000,15209672,15209673,1782864178004305,True,True
9311506,0.04538000,112.30000000,15209674,15209674,1782864178190634,True,True
9311507,0.04537000,110.40000000,15209675,15209675,1782864178190634,True,True
9311508,0.04537000,273.60000000,15209676,15209677,1782864178190867,True,True
9311509,0.04536000,222.70000000,15209678,15209679,1782864179965707,True,True
9311510,0.04536000,896.00000000,15209680,15209680,1782864192084686,False,True
9311511,0.04536000,220.00000000,15209681,15209681,1782864198888757,True,True
9311512,0.04535000,19843.40000000,15209682,15209685,1782864198889906,True,True
9311513,0.04534000,112.40000000,15209686,15209686,1782864198891318,True,True
9311514,0.04533000,112.50000000,15209687,15209687,1782864198892454,True,True
9311515,0.04532000,2172.50000000,15209688,15209689,1782864198915828,True,True
9311516,0.04532000,10157.70000000,15209690,15209690,1782864200392511,True,True
9311517,0.04532000,690.80000000,15209691,15209691,1782864203266103,False,True
9311518,0.04533000,333.20000000,15209692,15209693,1782864211195069,False,True
9311519,0.04534000,994.80000000,15209694,15209696,1782864220738066,False,True
9311520,0.04534000,1239.90000000,15209697,15209698,1782864221502301,True,True
9311521,0.04533000,10000.00000000,15209699,15209702,1782864231872639,True,True
9311522,0.04533000,2126.50000000,15209703,15209703,1782864231873675,True,True
9311523,0.04533000,110.40000000,15209704,15209704,1782864231942274,True,True
9311524,0.04532000,1705.30000000,15209705,15209708,1782864231942274,True,True
9311525,0.04531000,10243.60000000,15209709,15209715,1782864236996501,True,True
9311526,0.04531000,772.40000000,15209716,15209716,1782864236996690,True,True
9311527,0.04530000,1303.60000000,15209717,15209718,1782864236996690,True,True
9311528,0.04529000,13532.10000000,15209719,15209721,1782864236996751,True,True
9311529,0.04528000,1817.60000000,15209722,15209723,1782864236996751,True,True
9311530,0.04529000,2474.90000000,15209724,15209725,1782864237001631,False,True
9311531,0.04529000,2250.00000000,15209726,15209726,1782864237005728,True,True
9311532,0.04530000,2250.00000000,15209727,15209727,1782864237006019,False,True
9311533,0.04529000,1964.00000000,15209728,15209728,1782864237006980,True,True
9311534,0.04530000,268.90000000,15209729,15209729,1782864237048263,True,True
9311535,0.04529000,885.30000000,15209730,15209731,1782864240591883,True,True
9311536,0.04529000,22565.10000000,15209732,15209734,1782864245033884,False,True
9311537,0.04530000,1105.90000000,15209735,15209737,1782864245035159,False,True
9311538,0.04531000,9959.50000000,15209738,15209740,1782864245035224,False,True
9311539,0.04532000,1421.70000000,15209741,15209741,1782864245035635,False,True
9311540,0.04532000,395.90000000,15209742,15209743,1782864245036707,False,True
9311541,0.04531000,220.70000000,15209744,15209744,1782864245037124,False,True
9311542,0.04533000,112.60000000,15209745,15209745,1782864245040495,False,True
9311543,0.04534000,112.50000000,15209746,15209746,1782864245040495,False,True
9311544,0.04535000,222.80000000,15209747,15209748,1782864245113833,False,True
9311545,0.04536000,994.40000000,15209749,15209751,1782864245123149,False,True
9311546,0.04536000,2107.00000000,15209752,15209753,1782864245192668,True,True
9311547,0.04536000,1549.40000000,15209754,15209754,1782864245194811,True,True
9311548,0.04535000,1053.50000000,15209755,15209757,1782864246821659,True,True
9311549,0.04537000,222.80000000,15209758,15209759,1782864251488074,False,True
9311550,0.04537000,10464.00000000,15209760,15209761,1782864261485153,True,True
9311551,0.04536000,112.40000000,15209762,15209762,1782864261559205,True,True
9311552,0.04535000,470.50000000,15209763,15209763,1782864261630540,True,True
9311553,0.04535000,523.90000000,15209764,15209766,1782864263607517,True,True
9311554,0.04534000,222.80000000,15209767,15209768,1782864263686571,True,True
9311555,0.04533000,995.00000000,15209769,15209771,1782864263805246,True,True
9311556,0.04532000,222.90000000,15209772,15209773,1782864270478376,True,True
9311557,0.04531000,995.30000000,15209774,15209776,1782864273043307,True,True
9311558,0.04530000,222.90000000,15209777,15209778,1782864277034516,True,True
9311559,0.04529000,235.30000000,15209779,15209780,1782864277070832,True,True
9311560,0.04530000,21324.60000000,15209781,15209783,1782864277099962,False,True
9311561,0.04530000,958.70000000,15209784,15209784,1782864277101407,False,True
9311562,0.04531000,337.60000000,15209785,15209786,1782864281244429,False,True
9311563,0.04532000,1105.40000000,15209787,15209789,1782864281244513,False,True
9311564,0.04532000,1070.60000000,15209790,15209790,1782864281244648,False,True
9311565,0.04532000,220.60000000,15209791,15209791,1782864281246747,False,True
9311566,0.04533000,112.60000000,15209792,15209792,1782864281250752,False,True
9311567,0.04534000,219.90000000,15209793,15209794,1782864282386649,False,True
9311568,0.04533000,335.60000000,15209795,15209796,1782864284066552,True,True
9311569,0.04533000,833.20000000,15209797,15209797,1782864284066806,True,True
9311570,0.04532000,117.60000000,15209798,15209798,1782864284534544,True,True
9311571,0.04534000,113.20000000,15209799,15209800,1782864290390109,False,True
9311572,0.04533000,19583.80000000,15209801,15209804,1782864297037302,True,True
9311573,0.04533000,18023.00000000,15209805,15209807,1782864300082468,False,True
9311574,0.04534000,443.30000000,15209808,15209810,1782864300678941,False,True
9311575,0.04533000,5000.00000000,15209811,15209814,1782864300982300,True,True
9311576,0.04532000,995.10000000,15209815,15209817,1782864317383081,True,True
9311577,0.04531000,222.90000000,15209818,15209819,1782864328012012,True,True
9311578,0.04530000,995.50000000,15209820,15209822,1782864340658584,True,True
9311579,0.04529000,223.00000000,15209823,15209824,1782864343838837,True,True
9311580,0.04528000,996.00000000,15209825,15209827,1782864344094049,True,True
9311581,0.04527000,223.10000000,15209828,15209829,1782864344612721,True,True
9311582,0.04528000,18430.10000000,15209830,15209830,1782864350403042,False,True
9311583,0.04529000,3135.40000000,15209831,15209833,1782864350403275,False,True
9311584,0.04529000,2250.00000000,15209834,15209834,1782864350404790,False,True
9311585,0.04530000,2362.60000000,15209835,15209836,1782864350406296,False,True
9311586,0.04530000,261.00000000,15209837,15209837,1782864352085587,False,True
9311587,0.04530000,282.00000000,15209838,15209838,1782864352086236,False,True
9311588,0.04529000,256.00000000,15209839,15209839,1782864355325791,False,True
9311589,0.04529000,4378.00000000,15209840,15209842,1782864355325928,False,True
9311590,0.04530000,112.60000000,15209843,15209843,1782864355326491,False,True
9311591,0.04531000,3245.40000000,15209844,15209847,1782864355327281,False,True
9311592,0.04532000,1860.00000000,15209848,15209849,1782864355327765,False,True
9311593,0.04531000,2000.00000000,15209850,15209854,1782864357453115,True,True
9311594,0.04531000,420.50000000,15209855,15209855,1782864360248740,True,True
9311595,0.04531000,9568.30000000,15209856,15209856,1782864363997872,True,True
9311596,0.04531000,9105.50000000,15209857,15209858,1782864363999419,True,True
9311597,0.04530000,450.60000000,15209859,15209859,1782864364786479,True,True
9311598,0.04530000,307.90000000,15209860,15209860,1782864365009949,True,True
9311599,0.04531000,2250.00000000,15209861,15209861,1782864370784039,False,True
9311600,0.04531000,4096.10000000,15209862,15209862,1782864381594867,True,True
9311601,0.04532000,3134.80000000,15209863,15209865,1782864395479241,False,True
9311602,0.04533000,2693.60000000,15209866,15209869,1782864395482919,False,True
9311603,0.04533000,110.40000000,15209870,15209870,1782864395486776,False,True
9311604,0.04533000,402.90000000,15209871,15209871,1782864397234950,True,True
9311605,0.04533000,351.60000000,15209872,15209872,1782864397955072,True,True
9311606,0.04532000,1705.30000000,15209873,15209876,1782864410404042,True,True
9311607,0.04532000,2092.80000000,15209877,15209877,1782864410408919,False,True
9311608,0.04532000,2092.80000000,15209878,15209878,1782864410490759,False,True
9311609,0.04532000,1019.60000000,15209879,15209879,1782864420662846,False,True
9311610,0.04532000,231.00000000,15209880,15209880,1782864420664672,False,True
9311611,0.04533000,884.70000000,15209881,15209882,1782864420667866,False,True
9311612,0.04534000,222.80000000,15209883,15209884,1782864420742751,False,True
9311613,0.04535000,222.80000000,15209885,15209886,1782864422083938,False,True
9311614,0.04536000,994.40000000,15209887,15209889,1782864422237462,False,True
9311615,0.04537000,4664.00000000,15209890,15209894,1782864422849283,False,True
9311616,0.04538000,3105.90000000,15209895,15209898,1782864423096111,False,True
9311617,0.04538000,2451.00000000,15209899,15209901,1782864428120299,False,True
9311618,0.04537000,1117.30000000,15209902,15209905,1782864435234832,True,True
9311619,0.04536000,112.40000000,15209906,15209906,1782864435236999,True,True
9311620,0.04535000,226.20000000,15209907,15209909,1782864438516479,True,True
9311621,0.04536000,2360.30000000,15209910,15209911,1782864440539218,False,True
9311622,0.04536000,183.70000000,15209912,15209912,1782864457818392,True,True
9311623,0.04537000,2204.00000000,15209913,15209916,1782864458978585,False,True
9311624,0.04536000,2204.50000000,15209917,15209917,1782864482711468,True,True
9311625,0.04535000,222.70000000,15209918,15209919,1782864492193528,True,True
9311626,0.04535000,332.70000000,15209920,15209921,1782864521871725,True,True
9311627,0.04534000,20000.00000000,15209922,15209924,1782864524843213,True,True
9311628,0.04533000,112.50000000,15209925,15209925,1782864524843480,True,True
9311629,0.04532000,2583.10000000,15209926,15209928,1782864524845758,True,True
9311630,0.04532000,527.80000000,15209929,15209929,1782864529627100,False,True
9311631,0.04533000,19343.00000000,15209930,15209933,1782864529627458,False,True
9311632,0.04533000,364.00000000,15209934,15209935,1782864532198412,True,True
9311633,0.04532000,995.10000000,15209936,15209938,1782864541777648,True,True
9311634,0.04532000,1637.30000000,15209939,15209939,1782864556953456,False,True
9311635,0.04531000,622.90000000,15209940,15209942,1782864557589784,True,True
9311636,0.04530000,1216.20000000,15209943,15209946,1782864557592927,True,True
9311637,0.04529000,222.90000000,15209947,15209948,1782864560489516,True,True
9311638,0.04528000,885.50000000,15209949,15209950,1782864560589255,True,True
9311639,0.04527000,2473.10000000,15209951,15209953,1782864561228144,True,True
9311640,0.04526000,4775.10000000,15209954,15209955,1782864561228144,True,True
9311641,0.04526000,883.80000000,15209956,15209957,1782864564987540,True,True
9311642,0.04525000,513.50000000,15209958,15209960,1782864577206946,True,True
9311643,0.04524000,4236.30000000,15209961,15209962,1782864579448371,True,True
9311644,0.04524000,28760.60000000,15209963,15209965,1782864579448842,True,True
9311645,0.04523000,223.30000000,15209966,15209967,1782864579450782,True,True
9311646,0.04524000,19289.20000000,15209968,15209971,1782864580287667,False,True
9311647,0.04524000,413.30000000,15209972,15209972,1782864580289015,False,True
9311648,0.04525000,112.80000000,15209973,15209973,1782864580290312,False,True
9311649,0.04524000,230.50000000,15209974,15209975,1782864590493711,True,True
9311650,0.04524000,397.20000000,15209976,15209976,1782864590493817,True,True
9311651,0.04523000,886.50000000,15209977,15209978,1782864591330838,True,True
9311652,0.04523000,110.60000000,15209979,15209979,1782864598126015,False,True
9311653,0.04524000,886.40000000,15209980,15209981,1782864598126657,False,True
9311654,0.04524000,110.60000000,15209982,15209982,1782864598127619,False,True
9311655,0.04523000,956.80000000,15209983,15209983,1782864600649033,False,True
9311656,0.04524000,223.40000000,15209984,15209985,1782864616443337,False,True
9311657,0.04524000,110.60000000,15209986,15209986,1782864616445145,False,True
9311658,0.04525000,331.40000000,15209987,15209988,1782864616445145,False,True
9311659,0.04525000,291.00000000,15209989,15209989,1782864616467077,False,True
9311660,0.04525000,151.00000000,15209990,15209990,1782864616469556,False,True
9311661,0.04525000,223.30000000,15209991,15209992,1782864616639369,False,True
9311662,0.04524000,112.70000000,15209993,15209993,1782864626585477,True,True
9311663,0.04525000,886.20000000,15209994,15209995,1782864631470009,False,True
9311664,0.04526000,3349.80000000,15209996,15210000,1782864631494734,False,True
9311665,0.04527000,17705.70000000,15210001,15210003,1782864631494734,False,True
9311666,0.04526000,996.50000000,15210004,15210006,1782864643278334,True,True
9311667,0.04526000,2325.40000000,15210007,15210007,1782864643682494,False,True
9311668,0.04527000,1106.60000000,15210008,15210010,1782864654086076,False,True
9311669,0.04527000,377.50000000,15210011,15210011,1782864654152729,True,True
9311670,0.04526000,112.70000000,15210012,15210012,1782864654818476,True,True
9311671,0.04525000,996.60000000,15210013,15210015,1782864654818476,True,True
9311672,0.04524000,2362.70000000,15210016,15210017,1782864654821056,True,True
9311673,0.04525000,377.20000000,15210018,15210020,1782864656786588,False,True
9311674,0.04525000,849.90000000,15210021,15210022,1782864656787402,False,True
9311675,0.04526000,444.20000000,15210023,15210025,1782864657680959,False,True
9311676,0.04525000,22416.40000000,15210026,15210030,1782864658062928,True,True
9311677,0.04524000,8819.50000000,15210031,15210036,1782864658062928,True,True
9311678,0.04523000,2362.70000000,15210037,15210038,1782864658062928,True,True
9311679,0.04522000,3379.20000000,15210039,15210041,1782864658062928,True,True
9311680,0.04525000,485.10000000,15210042,15210042,1782864658190660,False,True
9311681,0.04525000,288.30000000,15210043,15210043,1782864658190664,False,True
9311682,0.04526000,331.40000000,15210044,15210045,1782864658192563,False,True
9311683,0.04526000,110.50000000,15210046,15210046,1782864660035742,False,True
9311684,0.04527000,16650.20000000,15210047,15210050,1782864660035742,False,True
9311685,0.04527000,1217.10000000,15210051,15210051,1782864660035797,False,True
9311686,0.04528000,112.70000000,15210052,15210052,1782864660037144,False,True
9311687,0.04526000,110.50000000,15210053,15210053,1782864660037422,False,True
9311688,0.04527000,220.80000000,15210054,15210054,1782864660037422,False,True
9311689,0.04529000,10000.00000000,15210055,15210057,1782864660037656,False,True
9311690,0.04529000,3751.80000000,15210058,15210058,1782864660037664,False,True
9311691,0.04529000,4080.30000000,15210059,15210059,1782864660037870,False,True
9311692,0.04530000,112.60000000,15210060,15210060,1782864660039289,False,True
9311693,0.04531000,223.00000000,15210061,15210062,1782864660091292,False,True
9311694,0.04531000,110.40000000,15210063,15210063,1782864660153892,False,True
9311695,0.04532000,112.60000000,15210064,15210064,1782864660153892,False,True
9311696,0.04532000,218.40000000,15210065,15210065,1782864660159076,False,True
9311697,0.04532000,662.50000000,15210066,15210067,1782864669064023,False,True
9311698,0.04532000,9.50000000,15210068,15210068,1782864669064187,False,True
9311699,0.04532000,110.40000000,15210069,15210069,1782864669067095,False,True
9311700,0.04533000,207.50000000,15210070,15210071,1782864669067095,False,True
9311701,0.04532000,110.40000000,15210072,15210072,1782864669070557,False,True
9311702,0.04533000,153.00000000,15210073,15210073,1782864687084003,False,True
9311703,0.04533000,153.00000000,15210074,15210074,1782864687084456,False,True
9311704,0.04533000,230.10000000,15210075,15210075,1782864687225847,False,True
9311705,0.04533000,288.00000000,15210076,15210077,1782864704168301,False,True
9311706,0.04533000,171.00000000,15210078,15210079,1782864704168373,False,True
9311707,0.04534000,117.00000000,15210080,15210081,1782864704168373,False,True
9311708,0.04533000,290.00000000,15210082,15210083,1782864707910981,False,True
9311709,0.04533000,41.00000000,15210084,15210084,1782864707911357,False,True
9311710,0.04534000,249.00000000,15210085,15210086,1782864707911357,False,True
9311711,0.04533000,110.40000000,15210087,15210087,1782864720651439,False,True
9311712,0.04534000,222.80000000,15210088,15210089,1782864745037508,False,True
9311713,0.04535000,375.00000000,15210090,15210091,1782864748180859,False,True
9311714,0.04535000,375.00000000,15210092,15210092,1782864748180891,False,True
9311715,0.04535000,244.60000000,15210093,15210094,1782864748183412,False,True
9311716,0.04536000,513.30000000,15210095,15210097,1782864757852006,False,True
9311717,0.04536000,3775.40000000,15210098,15210098,1782864758563220,True,True
9311718,0.04535000,332.90000000,15210099,15210100,1782864758597635,True,True
9311719,0.04534000,1357.60000000,15210101,15210103,1782864758597635,True,True
9311720,0.04533000,8466.00000000,15210104,15210111,1782864762126855,True,True
9311721,0.04533000,1171.00000000,15210112,15210114,1782864765118259,True,True
9311722,0.04534000,282.00000000,15210115,15210116,1782864769956469,False,True
9311723,0.04534000,376.00000000,15210117,15210117,1782864769957377,False,True
9311724,0.04534000,222.80000000,15210118,15210119,1782864770066392,False,True
9311725,0.04535000,142.00000000,15210120,15210121,1782864770238617,False,True
9311726,0.04534000,1795.60000000,15210122,15210123,1782864780683201,False,True
9311727,0.04535000,2227.10000000,15210124,15210126,1782864786322998,False,True
9311728,0.04533000,2227.10000000,15210127,15210129,1782864790827488,True,True
9311729,0.04535000,222.80000000,15210130,15210131,1782864795781966,False,True
9311730,0.04536000,116.20000000,15210132,15210132,1782864795781966,False,True
9311731,0.04536000,1214.80000000,15210133,15210136,1782864812094321,False,True
9311732,0.04537000,443.20000000,15210137,15210139,1782864812285251,False,True
9311733,0.04537000,1287.80000000,15210140,15210141,1782864813560598,True,True
9311734,0.04538000,993.90000000,15210142,15210144,1782864826985856,False,True
9311735,0.04539000,222.60000000,15210145,15210146,1782864835366689,False,True
9311736,0.04539000,2691.00000000,15210147,15210148,1782864836692863,True,True
9311737,0.04540000,993.50000000,15210149,15210151,1782864838191205,False,True
9311738,0.04541000,112.40000000,15210152,15210152,1782864840697777,False,True
9311739,0.04540000,447.60000000,15210153,15210154,1782864844693746,True,True
9311740,0.04541000,220.20000000,15210155,15210156,1782864850336783,False,True
9311741,0.04541000,1600.30000000,15210157,15210157,1782864900664867,False,True
9311742,0.04541000,222.50000000,15210158,15210159,1782864903890764,False,True
9311743,0.04542000,993.00000000,15210160,15210162,1782864910586966,False,True
9311744,0.04543000,222.40000000,15210163,15210164,1782864914336899,False,True
9311745,0.04544000,637.50000000,15210165,15210167,1782864915462696,False,True
9311746,0.04544000,645.10000000,15210168,15210169,1782864915463407,False,True
9311747,0.04544000,561.80000000,15210170,15210170,1782864919558901,True,True
9311748,0.04543000,1762.60000000,15210171,15210174,1782864919605505,True,True
9311749,0.04542000,222.30000000,15210175,15210176,1782864919636764,True,True
9311750,0.04541000,222.50000000,15210177,15210178,1782864919645216,True,True
9311751,0.04540000,442.70000000,15210179,15210181,1782864923618810,True,True
9311752,0.04540000,263.20000000,15210182,15210182,1782864923848449,False,True
9311753,0.04541000,222.50000000,15210183,15210184,1782864923849939,False,True
9311754,0.04541000,110.20000000,15210185,15210185,1782864923856084,False,True
9311755,0.04541000,19558.40000000,15210186,15210188,1782864930089403,True,True
9311756,0.04540000,112.30000000,15210189,15210189,1782864930094892,True,True
9311757,0.04539000,993.50000000,15210190,15210192,1782864938336043,True,True
9311758,0.04538000,442.80000000,15210193,15210195,1782864939358097,True,True
9311759,0.04537000,1214.50000000,15210196,15210199,1782864941799618,True,True
9311760,0.04536000,443.10000000,15210200,15210202,1782864942085521,True,True
9311761,0.04535000,994.40000000,15210203,15210205,1782864949178261,True,True
9311762,0.04534000,222.80000000,15210206,15210207,1782864950783506,True,True
9311763,0.04535000,1681.60000000,15210208,15210210,1782864950845796,False,True
9311764,0.04536000,884.10000000,15210211,15210212,1782864950846451,False,True
9311765,0.04535000,112.50000000,15210213,15210213,1782864950846951,False,True
9311766,0.04535000,282.00000000,15210214,15210214,1782864956744228,False,True
9311767,0.04535000,282.00000000,15210215,15210215,1782864956744256,False,True
9311768,0.04535000,1686.00000000,15210216,15210216,1782864956744709,False,True
9311769,0.04536000,222.80000000,15210217,15210218,1782864956745265,False,True
9311770,0.04537000,991.80000000,15210219,15210220,1782864956746587,False,True
9311771,0.04537000,110.30000000,15210221,15210221,1782864956746674,False,True
9311772,0.04538000,330.70000000,15210222,15210223,1782864956746674,False,True
9311773,0.04538000,110.20000000,15210224,15210224,1782864956748915,False,True
9311774,0.04539000,441.00000000,15210225,15210227,1782864956768670,False,True
9311775,0.04539000,110.20000000,15210228,15210228,1782864956771657,False,True
9311776,0.04540000,330.80000000,15210229,15210229,1782864956771657,False,True
9311777,0.04540000,441.00000000,15210230,15210230,1782864956771910,False,True
9311778,0.04539000,167.50000000,15210231,15210232,1782864961983157,False,True
9311779,0.04539000,165.30000000,15210233,15210234,1782864962085109,False,True
9311780,0.04540000,275.70000000,15210235,15210235,1782864962085109,False,True
9311781,0.04539000,110.20000000,15210236,15210236,1782864962105929,False,True
9311782,0.04540000,330.80000000,15210237,15210238,1782864962105929,False,True
9311783,0.04540000,441.00000000,15210239,15210239,1782864962107505,False,True
9311784,0.04540000,441.00000000,15210240,15210242,1782864962144207,False,True
9311785,0.04538000,112.30000000,15210243,15210243,1782864965782967,True,True
9311786,0.04537000,5402.20000000,15210244,15210247,1782864966044242,True,True
9311787,0.04537000,125.00000000,15210248,15210248,1782864969267150,False,True
9311788,0.04537000,296.00000000,15210249,15210250,1782864970986688,False,True
9311789,0.04538000,296.00000000,15210251,15210252,1782864970986801,False,True
9311790,0.04538000,316.00000000,15210253,15210253,1782864970986998,False,True
9311791,0.04538000,381.80000000,15210254,15210255,1782864970988178,False,True
9311792,0.04539000,441.00000000,15210256,15210258,1782864971008260,False,True
9311793,0.04539000,1.90000000,15210259,15210259,1782864971009991,False,True
9311794,0.04540000,439.10000000,15210260,15210260,1782864971009991,False,True
9311795,0.04540000,441.00000000,15210261,15210261,1782864971011247,False,True
9311796,0.04539000,3158.70000000,15210262,15210263,1782864975231247,True,True
9311797,0.04540000,112.40000000,15210264,15210264,1782864975316422,False,True
9311798,0.04541000,328.60000000,15210265,15210266,1782864975316422,False,True
9311799,0.04541000,441.00000000,15210267,15210267,1782864975340758,False,True
9311800,0.04541000,333.60000000,15210268,15210269,1782864975341022,False,True
9311801,0.04542000,107.40000000,15210270,15210270,1782864975341022,False,True
9311802,0.04542000,367.00000000,15210271,15210272,1782864975344097,False,True
9311803,0.04542000,441.00000000,15210273,15210275,1782864982514371,False,True
9311804,0.04542000,441.00000000,15210276,15210276,1782864982530114,False,True
9311805,0.04542000,220.90000000,15210277,15210277,1782864982531302,False,True
9311806,0.04543000,220.10000000,15210278,15210278,1782864982531302,False,True
9311807,0.04543000,441.00000000,15210279,15210279,1782864982534347,False,True
9311808,0.04542000,22420.20000000,15210280,15210286,1782864982684050,True,True
9311809,0.04541000,332.50000000,15210287,15210288,1782864982739916,True,True
9311810,0.04540000,442.70000000,15210289,15210291,1782864982744670,True,True
9311811,0.04539000,112.30000000,15210292,15210292,1782864982745209,True,True
9311812,0.04539000,110.20000000,15210293,15210293,1782864989733889,False,True
9311813,0.04540000,42.80000000,15210294,15210294,1782864989733889,False,True
9311814,0.04540000,153.00000000,15210295,15210296,1782864989733999,False,True
9311815,0.04540000,441.00000000,15210297,15210297,1782864989734870,False,True
9311816,0.04540000,289.30000000,15210298,15210298,1782864989735703,False,True
9311817,0.04541000,112.40000000,15210299,15210299,1782864989756061,False,True
9311818,0.04542000,328.60000000,15210300,15210301,1782864989756061,False,True
9311819,0.04542000,441.00000000,15210302,15210302,1782864989757824,False,True
9311820,0.04542000,441.00000000,15210303,15210303,1782864989758824,False,True
9311821,0.04542000,20885.70000000,15210304,15210305,1782864989759313,False,True
9311822,0.04543000,440.00000000,15210306,15210307,1782865001986017,False,True
9311823,0.04544000,882.50000000,15210308,15210309,1782865001987902,False,True
9311824,0.04545000,966.80000000,15210310,15210311,1782865001992892,False,True
9311825,0.04546000,112.20000000,15210312,15210312,1782865002006330,False,True
9311826,0.04547000,327.80000000,15210313,15210314,1782865002006330,False,True
9311827,0.04547000,74.10000000,15210315,15210315,1782865002009903,False,True
9311828,0.04548000,365.90000000,15210316,15210317,1782865002009903,False,True
9311829,0.04548000,440.00000000,15210318,15210318,1782865002014246,False,True
9311830,0.04546000,222.10000000,15210319,15210320,1782865011365346,True,True
9311831,0.04547000,222.20000000,15210321,15210322,1782865020641232,False,True
9311832,0.04548000,881.70000000,15210323,15210324,1782865024106657,False,True
9311833,0.04549000,112.10000000,15210325,15210325,1782865024109503,False,True
9311834,0.04550000,112.10000000,15210326,15210326,1782865024109637,False,True
9311835,0.04551000,25.90000000,15210327,15210327,1782865024109637,False,True
9311836,0.04551000,138.00000000,15210328,15210329,1782865024109718,False,True
9311837,0.04552000,446.70000000,15210330,15210332,1782865026191044,False,True
9311838,0.04553000,880.80000000,15210333,15210334,1782865027088943,False,True
9311839,0.04554000,231.40000000,15210335,15210336,1782865027283830,False,True
9311840,0.04555000,691.00000000,15210337,15210339,1782865028086995,False,True
9311841,0.04555000,408.80000000,15210340,15210340,1782865028087097,False,True
9311842,0.04556000,112.00000000,15210341,15210341,1782865029592142,False,True
9311843,0.04557000,1099.30000000,15210342,15210344,1782865029592142,False,True
9311844,0.04558000,439.00000000,15210345,15210346,1782865029618065,False,True
9311845,0.04558000,439.00000000,15210347,15210347,1782865029619147,False,True
9311846,0.04558000,439.00000000,15210348,15210348,1782865029633574,False,True
9311847,0.04558000,219.30000000,15210349,15210349,1782865030526959,False,True
9311848,0.04558000,1188.50000000,15210350,15210351,1782865032444412,True,True
9311849,0.04557000,331.00000000,15210352,15210353,1782865032450388,True,True
9311850,0.04557000,0.30000000,15210354,15210354,1782865032450644,True,True
9311851,0.04556000,880.10000000,15210355,15210356,1782865032481076,True,True
9311852,0.04557000,109.80000000,15210357,15210357,1782865035559438,False,True
9311853,0.04558000,315.40000000,15210358,15210359,1782865036846508,False,True
9311854,0.04556000,221.70000000,15210360,15210361,1782865041528901,True,True
9311855,0.04555000,1209.50000000,15210362,15210365,1782865045033296,True,True
9311856,0.04554000,331.40000000,15210366,15210367,1782865045037403,True,True
9311857,0.04553000,112.00000000,15210368,15210368,1782865045125824,True,True
9311858,0.04552000,112.00000000,15210369,15210369,1782865045543712,True,True
9311859,0.04552000,1172.60000000,15210370,15210370,1782865056317064,False,True
9311860,0.04553000,200.00000000,15210371,15210372,1782865058077911,False,True
9311861,0.04552000,1921.40000000,15210373,15210373,1782865063389188,False,True
9311862,0.04553000,7158.90000000,15210374,15210377,1782865063389263,False,True
9311863,0.04553000,10200.60000000,15210378,15210378,1782865063389596,False,True
9311864,0.04553000,219.60000000,15210379,15210379,1782865063390699,False,True
9311865,0.04553000,219.60000000,15210380,15210380,1782865063393726,False,True
9311866,0.04554000,880.50000000,15210381,15210382,1782865063485957,False,True
9311867,0.04556000,199.00000000,15210383,15210384,1782865064173629,False,True
9311868,0.04556000,900.60000000,15210385,15210386,1782865064173634,False,True
9311869,0.04556000,20236.90000000,15210387,15210388,1782865077283840,True,True
9311870,0.04555000,1099.70000000,15210389,15210391,1782865077285255,True,True
9311871,0.04554000,5983.30000000,15210392,15210397,1782865077285518,True,True
9311872,0.04553000,112.00000000,15210398,15210398,1782865077287122,True,True
9311873,0.04552000,108.00000000,15210399,15210399,1782865077287122,True,True
9311874,0.04552000,220.00000000,15210400,15210400,1782865077287133,True,True
9311875,0.04552000,220.00000000,15210401,15210401,1782865077287161,True,True
9311876,0.04554000,990.30000000,15210402,15210404,1782865085565765,False,True
9311877,0.04555000,2583.30000000,15210405,15210406,1782865085565802,False,True
9311878,0.04556000,12744.70000000,15210407,15210408,1782865085567159,False,True
9311879,0.04557000,111.90000000,15210409,15210409,1782865085568887,False,True
9311880,0.04558000,111.90000000,15210410,15210410,1782865085568887,False,True
9311881,0.04559000,86.20000000,15210411,15210411,1782865085568887,False,True
9311882,0.04558000,310.00000000,15210412,15210412,1782865085569916,False,True
9311883,0.04557000,3820.90000000,15210413,15210414,1782865085605401,True,True
9311884,0.04558000,1271.60000000,15210415,15210418,1782865088345409,False,True
9311885,0.04558000,19060.70000000,15210419,15210422,1782865089121637,True,True
9311886,0.04559000,245.00000000,15210423,15210424,1782865100226645,False,True
9311887,0.04560000,1387.90000000,15210425,15210428,1782865100406073,False,True
9311888,0.04561000,111.80000000,15210429,15210429,1782865100758543,False,True
9311889,0.04562000,111.80000000,15210430,15210430,1782865109156486,False,True
9311890,0.04563000,878.80000000,15210431,15210432,1782865111077814,False,True
9311891,0.04563000,13650.10000000,15210433,15210434,1782865118839650,True,True
9311892,0.04563000,1342.90000000,15210435,15210436,1782865118840031,True,True
9311893,0.04562000,2630.90000000,15210437,15210442,1782865118841261,True,True
9311894,0.04561000,221.50000000,15210443,15210444,1782865118842574,True,True
9311895,0.04560000,47.50000000,15210445,15210445,1782865118842574,True,True
9311896,0.04561000,109.70000000,15210446,15210446,1782865123457634,False,True
9311897,0.04562000,879.00000000,15210447,15210448,1782865123459087,False,True
9311898,0.04563000,330.90000000,15210449,15210450,1782865123460548,False,True
9311899,0.04564000,111.80000000,15210451,15210451,1782865123462654,False,True
9311900,0.04565000,111.70000000,15210452,15210452,1782865123463666,False,True
9311901,0.04566000,8678.40000000,15210453,15210454,1782865125783398,False,True
9311902,0.04566000,9593.30000000,15210455,15210455,1782865125784656,False,True
9311903,0.04567000,1096.90000000,15210456,15210458,1782865125785834,False,True
9311904,0.04567000,399.60000000,15210459,15210459,1782865125810987,True,True
9311905,0.04568000,111.70000000,15210460,15210460,1782865126174045,False,True
9311906,0.04569000,111.70000000,15210461,15210461,1782865126174045,False,True
9311907,0.04569000,654.30000000,15210462,15210462,1782865126175251,False,True
9311908,0.04569000,111.70000000,15210463,15210463,1782865126351476,False,True
9311909,0.04570000,218.80000000,15210464,15210465,1782865126351476,False,True
9311910,0.04571000,330.30000000,15210466,15210467,1782865130315852,False,True
9311911,0.04572000,1095.80000000,15210468,15210470,1782865130323472,False,True
9311912,0.04573000,330.10000000,15210471,15210472,1782865130329173,False,True
9311913,0.04574000,7442.30000000,15210473,15210474,1782865130463262,False,True
9311914,0.04574000,20000.00000000,15210475,15210475,1782865130463738,False,True
9311915,0.04574000,4669.20000000,15210476,15210476,1782865130463820,False,True
9311916,0.04574000,4372.50000000,15210477,15210477,1782865133942843,True,True
9311917,0.04574000,109.40000000,15210478,15210478,1782865133944908,True,True
9311918,0.04573000,767.60000000,15210479,15210480,1782865133944908,True,True
9311919,0.04573000,218.60000000,15210481,15210482,1782865133973966,True,True
9311920,0.04574000,111.50000000,15210483,15210483,1782865135590986,False,True
9311921,0.04575000,111.50000000,15210484,15210484,1782865135594033,False,True
9311922,0.04576000,876.30000000,15210485,15210486,1782865135594033,False,True
9311923,0.04576000,7453.00000000,15210487,15210488,1782865135630455,True,True
9311924,0.04576000,23224.60000000,15210489,15210493,1782865135711561,True,True
9311925,0.04575000,439.20000000,15210494,15210496,1782865135767730,True,True
9311926,0.04575000,658.30000000,15210497,15210497,1782865135977259,False,True
9311927,0.04575000,226.90000000,15210498,15210498,1782865136044090,False,True
9311928,0.04575000,233.90000000,15210499,15210499,1782865136118379,False,True
9311929,0.04575000,784.30000000,15210500,15210501,1782865138280757,False,True
9311930,0.04575000,109.30000000,15210502,15210502,1782865138685891,False,True
9311931,0.04576000,3449.40000000,15210503,15210506,1782865138685891,False,True
9311932,0.04576000,109.30000000,15210507,15210507,1782865138687106,False,True
9311933,0.04577000,329.90000000,15210508,15210509,1782865138762526,False,True
9311934,0.04577000,9670.10000000,15210510,15210510,1782865140099896,False,True
9311935,0.04577000,933.90000000,15210511,15210511,1782865140100051,False,True
9311936,0.04578000,329.80000000,15210512,15210513,1782865140101652,False,True
9311937,0.04579000,943.10000000,15210514,15210516,1782865140652138,False,True
9311938,0.04580000,111.40000000,15210517,15210517,1782865146015954,False,True
9311939,0.04581000,994.80000000,15210518,15210520,1782865146477239,False,True
9311940,0.04582000,329.50000000,15210521,15210522,1782865146479101,False,True
9311941,0.04583000,329.40000000,15210523,15210524,1782865146522649,False,True
9311942,0.04584000,111.30000000,15210525,15210525,1782865148987888,False,True
9311943,0.04585000,1092.70000000,15210526,15210528,1782865148989507,False,True
9311944,0.04586000,436.00000000,15210529,15210531,1782865149012424,False,True
9311945,0.04587000,111.20000000,15210532,15210532,1782865149013617,False,True
9311946,0.04588000,324.80000000,15210533,15210534,1782865149013617,False,True
9311947,0.04588000,436.00000000,15210535,15210535,1782865149022677,False,True
9311948,0.04586000,111.20000000,15210536,15210536,1782865149088785,True,True
9311949,0.04586000,4361.00000000,15210537,15210537,1782865150505304,True,True
9311950,0.04585000,1092.60000000,15210538,15210540,1782865150506229,True,True
9311951,0.04585000,181.90000000,15210541,15210541,1782865150507229,True,True
9311952,0.04584000,611.00000000,15210542,15210542,1782865150508266,True,True
9311953,0.04584000,461.00000000,15210543,15210543,1782865150508416,True,True
9311954,0.04584000,412.00000000,15210544,15210544,1782865150508779,True,True
9311955,0.04584000,1095.30000000,15210545,15210547,1782865150534857,True,True
9311956,0.04584000,2250.00000000,15210548,15210548,1782865150637823,True,True
9311957,0.04583000,4913.50000000,15210549,15210552,1782865150637823,True,True
9311958,0.04584000,2250.00000000,15210553,15210553,1782865150641395,True,True
9311959,0.04583000,2468.10000000,15210554,15210555,1782865150895392,True,True
9311960,0.04582000,3125.10000000,15210556,15210558,1782865151005878,True,True
9311961,0.04584000,5412.10000000,15210559,15210561,1782865151063301,False,True
9311962,0.04585000,824.80000000,15210562,15210563,1782865151068605,False,True
9311963,0.04585000,49.80000000,15210564,15210564,1782865151073256,False,True
9311964,0.04586000,3428.80000000,15210565,15210566,1782865151083354,False,True
9311965,0.04586000,2250.00000000,15210567,15210567,1782865151113754,True,True
9311966,0.04585000,5288.30000000,15210568,15210569,1782865151113754,True,True
9311967,0.04584000,111.20000000,15210570,15210570,1782865151364993,True,True
9311968,0.04583000,874.80000000,15210571,15210572,1782865151407807,True,True
9311969,0.04583000,2250.00000000,15210573,15210573,1782865155122716,True,True
9311970,0.04582000,13276.10000000,15210574,15210578,1782865155122716,True,True
9311971,0.04583000,109.10000000,15210579,15210579,1782865155126952,True,True
9311972,0.04581000,1277.80000000,15210580,15210580,1782865155233632,True,True
9311973,0.04581000,1192.70000000,15210581,15210583,1782865155235374,True,True
9311974,0.04580000,2470.50000000,15210584,15210586,1782865156241668,True,True
9311975,0.04580000,4321.10000000,15210587,15210587,1782865158809055,False,True
9311976,0.04581000,220.60000000,15210588,15210589,1782865158810723,False,True
9311977,0.04582000,1356.30000000,15210590,15210593,1782865159974842,False,True
9311978,0.04583000,220.40000000,15210594,15210595,1782865167056275,False,True
9311979,0.04584000,874.80000000,15210596,15210597,1782865167060400,False,True
9311980,0.04584000,7355.50000000,15210598,15210599,1782865167092767,True,True
9311981,0.04584000,2250.00000000,15210600,15210600,1782865167162710,True,True
9311982,0.04583000,2579.30000000,15210601,15210603,1782865167163508,True,True
9311983,0.04583000,109.10000000,15210604,15210604,1782865170603525,False,True
9311984,0.04583000,5456.40000000,15210605,15210607,1782865170605889,True,True
9311985,0.04583000,2737.70000000,15210608,15210608,1782865170607334,True,True
9311986,0.04583000,2337.70000000,15210609,15210609,1782865170607402,True,True
9311987,0.04582000,111.20000000,15210610,15210610,1782865170607467,True,True
9311988,0.04581000,1743.90000000,15210611,15210613,1782865189362490,True,True
9311989,0.04580000,220.50000000,15210614,15210615,1782865189362848,True,True
9311990,0.04579000,111.30000000,15210616,15210616,1782865192201869,True,True
9311991,0.04578000,1094.30000000,15210617,15210619,1782865192270020,True,True
9311992,0.04577000,329.80000000,15210620,15210621,1782865194474708,True,True
9311993,0.04576000,876.20000000,15210622,15210623,1782865194474708,True,True
9311994,0.04575000,111.40000000,15210624,15210624,1782865194474708,True,True
9311995,0.04574000,111.40000000,15210625,15210625,1782865194946741,True,True
9311996,0.04573000,7450.80000000,15210626,15210628,1782865194946741,True,True
9311997,0.04575000,109.30000000,15210629,15210629,1782865212077428,False,True
9311998,0.04576000,1747.10000000,15210630,15210632,1782865236682526,False,True
9311999,0.04576000,1317.40000000,15210633,15210633,1782865239995363,True,True
9312000,0.04576000,1857.50000000,15210634,15210634,1782865240586210,False,True
9312001,0.04576000,2517.00000000,15210635,15210636,1782865254138514,False,True
9312002,0.04576000,1608.00000000,15210637,15210637,1782865254138587,False,True
9312003,0.04576000,218.50000000,15210638,15210638,1782865254139990,False,True
9312004,0.04576000,218.50000000,15210639,15210639,1782865254174703,True,True
9312005,0.04575000,6798.40000000,15210640,15210643,1782865254174703,True,True
9312006,0.04574000,2447.60000000,15210644,15210650,1782865258078751,True,True
9312007,0.04574000,1228.90000000,15210651,15210652,1782865260632131,False,True
9312008,0.04573000,111.50000000,15210653,15210653,1782865275087984,True,True
9312009,0.04572000,1747.70000000,15210654,15210656,1782865275089381,True,True
9312010,0.04571000,2660.40000000,15210657,15210659,1782865284181737,True,True
9312011,0.04570000,877.30000000,15210660,15210661,1782865284227387,True,True
9312012,0.04569000,111.60000000,15210662,15210662,1782865284730318,True,True
9312013,0.04568000,221.10000000,15210663,15210664,1782865284777169,True,True
9312014,0.04568000,109.50000000,15210665,15210665,1782865285784075,False,True
9312015,0.04567000,221.10000000,15210666,15210667,1782865294385978,True,True
9312016,0.04566000,878.10000000,15210668,15210669,1782865295898814,True,True
9312017,0.04565000,221.20000000,15210670,15210671,1782865299506678,True,True
9312018,0.04566000,221.30000000,15210672,15210673,1782865303399721,False,True
9312019,0.04566000,109.60000000,15210674,15210674,1782865305682493,False,True
9312020,0.04565000,692.90000000,15210675,15210675,1782865311011800,True,True
9312021,0.04564000,1207.20000000,15210676,15210679,1782865312599592,True,True
9312022,0.04563000,330.80000000,15210680,15210681,1782865312629647,True,True
9312023,0.04562000,111.70000000,15210682,15210682,1782865312629647,True,True
9312024,0.04562000,3587.40000000,15210683,15210684,1782865312740127,False,True
9312025,0.04561000,111.70000000,15210685,15210685,1782865312743209,True,True
9312026,0.04560000,4379.60000000,15210686,15210687,1782865312743209,True,True
9312027,0.04561000,399.40000000,15210688,15210688,1782865313141762,False,True
9312028,0.04561000,109.70000000,15210689,15210689,1782865313142047,False,True
9312029,0.04561000,109.70000000,15210690,15210690,1782865313145281,False,True
9312030,0.04562000,1000.00000000,15210691,15210694,1782865315184813,False,True
9312031,0.04560000,673.20000000,15210695,15210696,1782865316498501,True,True
9312032,0.04560000,645.10000000,15210697,15210698,1782865316514298,True,True
9312033,0.04559000,440.80000000,15210699,15210701,1782865317052967,True,True
9312034,0.04558000,131.80000000,15210702,15210703,1782865317096032,True,True
9312035,0.04559000,1493.40000000,15210704,15210706,1782865320694621,False,True
9312036,0.04558000,969.30000000,15210707,15210709,1782865347399406,True,True
9312037,0.04557000,111.90000000,15210710,15210710,1782865348726261,True,True
9312038,0.04556000,1099.50000000,15210711,15210713,1782865349960545,True,True
9312039,0.04555000,6474.10000000,15210714,15210716,1782865355116661,True,True
9312040,0.04555000,447.50000000,15210717,15210717,1782865355923919,False,True
9312041,0.04556000,552.50000000,15210718,15210718,1782865355923919,False,True
9312042,0.04555000,109.80000000,15210719,15210719,1782865361396699,True,True
9312043,0.04554000,219.90000000,15210720,15210721,1782865361396699,True,True
9312044,0.04555000,109.80000000,15210722,15210722,1782865370068930,True,True
9312045,0.04554000,4380.50000000,15210723,15210730,1782865370068930,True,True
9312046,0.04555000,109.80000000,15210731,15210731,1782865401283017,True,True
9312047,0.04554000,931.40000000,15210732,15210734,1782865401284467,True,True
9312048,0.04555000,322.30000000,15210735,15210735,1782865415356012,False,True
9312049,0.04554000,2359.80000000,15210736,15210737,1782865415356050,True,True
9312050,0.04553000,2299.00000000,15210738,15210741,1782865415356050,True,True
9312051,0.04556000,331.40000000,15210742,15210743,1782865415358959,False,True
9312052,0.04557000,107.60000000,15210744,15210744,1782865415358959,False,True
9312053,0.04556000,219.60000000,15210745,15210745,1782865415359383,False,True
9312054,0.04556000,327.00000000,15210746,15210746,1782865416458336,True,True
9312055,0.04555000,2138.70000000,15210747,15210751,1782865416458336,True,True
9312056,0.04554000,4402.10000000,15210752,15210755,1782865416458336,True,True
9312057,0.04555000,329.30000000,15210756,15210757,1782865419067282,True,True
9312058,0.04554000,441.20000000,15210758,15210760,1782865419072185,True,True
9312059,0.04554000,4378.00000000,15210761,15210763,1782865419096941,False,True
9312060,0.04553000,3693.20000000,15210764,15210770,1782865419255824,True,True
9312061,0.04552000,331.60000000,15210771,15210772,1782865419259298,True,True
9312062,0.04551000,995.70000000,15210773,15210776,1782865419265380,True,True
9312063,0.04551000,4172.30000000,15210777,15210779,1782865419280087,False,True
9312064,0.04552000,112.10000000,15210780,15210780,1782865419287768,False,True
9312065,0.04553000,4060.20000000,15210781,15210783,1782865419287768,False,True
9312066,0.04552000,1245.10000000,15210784,15210784,1782865419872516,False,True
9312067,0.04552000,996.10000000,15210785,15210785,1782865419927568,False,True
9312068,0.04552000,3951.80000000,15210786,15210789,1782865427236300,False,True
9312069,0.04552000,10037.50000000,15210790,15210791,1782865428380485,False,True
9312070,0.04552000,180.00000000,15210792,15210793,1782865435132781,False,True
9312071,0.04552000,3793.40000000,15210794,15210794,1782865437149498,False,True
9312072,0.04552000,109.90000000,15210795,15210795,1782865437161287,False,True
9312073,0.04553000,3683.50000000,15210796,15210799,1782865437161287,False,True
9312074,0.04552000,109.90000000,15210800,15210800,1782865437164401,False,True
9312075,0.04553000,2924.80000000,15210801,15210801,1782865437164401,False,True
9312076,0.04552000,109.90000000,15210802,15210802,1782865437685417,False,True
9312077,0.04553000,159.10000000,15210803,15210803,1782865437685417,False,True
9312078,0.04553000,439.00000000,15210804,15210804,1782865437685713,False,True
9312079,0.04553000,269.00000000,15210805,15210805,1782865437685762,False,True
9312080,0.04553000,4378.00000000,15210806,15210808,1782865437692932,False,True
9312081,0.04554000,1677.00000000,15210809,15210811,1782865437694169,False,True
9312082,0.04554000,2256.00000000,15210812,15210812,1782865437694172,False,True
9312083,0.04553000,329.50000000,15210813,15210814,1782865437696322,False,True
9312084,0.04554000,579.00000000,15210815,15210815,1782865437697920,False,True
9312085,0.04553000,4234.70000000,15210816,15210816,1782865447119562,False,True
9312086,0.04552000,785.40000000,15210817,15210818,1782865452105438,True,True
9312087,0.04551000,1260.90000000,15210819,15210822,1782865452112836,True,True
9312088,0.04550000,3350.90000000,15210823,15210827,1782865452114506,True,True
9312089,0.04551000,968.10000000,15210828,15210829,1782865452138072,False,True
9312090,0.04549000,368.00000000,15210830,15210832,1782865452182186,True,True
9312091,0.04548000,498.80000000,15210833,15210835,1782865452252957,True,True
9312092,0.04548000,775.50000000,15210836,15210837,1782865452404882,False,True
9312093,0.04548000,310.00000000,15210838,15210838,1782865452459197,False,True
9312094,0.04548000,310.00000000,15210839,15210839,1782865452459201,False,True
9312095,0.04547000,112.00000000,15210840,15210840,1782865459965203,True,True
9312096,0.04546000,882.00000000,15210841,15210842,1782865459965203,True,True
9312097,0.04545000,2664.20000000,15210843,15210849,1782865466046836,True,True
9312098,0.04545000,886.80000000,15210850,15210851,1782865466066923,False,True
9312099,0.04545000,5969.90000000,15210852,15210852,1782865466510818,False,True
9312100,0.04545000,5977.40000000,15210853,15210853,1782865466513095,False,True
9312101,0.04545000,1999.50000000,15210854,15210854,1782865466513606,False,True
9312102,0.04544000,8492.00000000,15210855,15210862,1782865467170972,True,True
9312103,0.04543000,882.60000000,15210863,15210864,1782865468401989,True,True
9312104,0.04542000,222.20000000,15210865,15210866,1782865469161091,True,True
9312105,0.04541000,244.50000000,15210867,15210868,1782865469245800,True,True
9312106,0.04541000,198.20000000,15210869,15210870,1782865469246192,True,True
9312107,0.04540000,730.30000000,15210871,15210874,1782865472087810,True,True
9312108,0.04539000,10000.00000000,15210875,15210876,1782865474383491,True,True
9312109,0.04539000,696.40000000,15210877,15210877,1782865474383546,True,True
9312110,0.04539000,22186.90000000,15210878,15210879,1782865474383594,True,True
9312111,0.04539000,110.20000000,15210880,15210880,1782865474383832,True,True
9312112,0.04538000,222.50000000,15210881,15210882,1782865474386010,True,True
9312113,0.04539000,4179.30000000,15210883,15210884,1782865477769207,False,True
9312114,0.04538000,951.30000000,15210885,15210885,1782865477769752,False,True
9312115,0.04539000,771.00000000,15210886,15210886,1782865477769752,False,True
9312116,0.04538000,883.50000000,15210887,15210888,1782865488106556,True,True
9312117,0.04539000,2081.30000000,15210889,15210893,1782865500694083,False,True
9312118,0.04538000,250.30000000,15210894,15210894,1782865521572566,True,True
9312119,0.04536000,3021.60000000,15210895,15210896,1782865521573378,True,True
9312120,0.04537000,110.30000000,15210897,15210897,1782865524352244,True,True
9312121,0.04536000,884.00000000,15210898,15210899,1782865524352244,True,True
9312122,0.04536000,785.30000000,15210900,15210900,1782865524380177,False,True
9312123,0.04536000,886.80000000,15210901,15210901,1782865526102774,False,True
9312124,0.04535000,8618.30000000,15210902,15210905,1782865527222109,True,True
9312125,0.04536000,110.30000000,15210906,15210906,1782865531998671,False,True
9312126,0.04537000,883.90000000,15210907,15210908,1782865532028064,False,True
9312127,0.04537000,374.90000000,15210909,15210910,1782865532205415,False,True
9312128,0.04536000,770.00000000,15210911,15210913,1782865539912077,True,True
9312129,0.04536000,2165.40000000,15210914,15210915,1782865539912096,True,True
9312130,0.04535000,3072.70000000,15210916,15210919,1782865539912096,True,True
9312131,0.04534000,7619.60000000,15210920,15210923,1782865539917310,True,True
9312132,0.04534000,2521.00000000,15210924,15210924,1782865539917397,True,True
9312133,0.04534000,373.10000000,15210925,15210925,1782865539917415,True,True
9312134,0.04536000,441.00000000,15210926,15210926,1782865539947566,True,True
9312135,0.04533000,112.50000000,15210927,15210927,1782865539958979,True,True
9312136,0.04532000,4627.60000000,15210928,15210929,1782865539958979,True,True
9312137,0.04534000,2362.50000000,15210930,15210930,1782865539979563,True,True
9312138,0.04534000,112.40000000,15210931,15210931,1782865539993468,True,True
9312139,0.04534000,674.60000000,15210932,15210932,1782865540239581,False,True
9312140,0.04534000,330.80000000,15210933,15210934,1782865540648916,False,True
9312141,0.04535000,994.50000000,15210935,15210937,1782865541622105,False,True
9312142,0.04536000,222.80000000,15210938,15210939,1782865542788021,False,True
9312143,0.04537000,994.20000000,15210940,15210942,1782865548386153,False,True
9312144,0.04537000,570.00000000,15210943,15210943,1782865560701893,False,True
9312145,0.04538000,20401.00000000,15210944,15210947,1782865560705791,False,True
9312146,0.04538000,220.00000000,15210948,15210948,1782865560708350,False,True
9312147,0.04538000,110.20000000,15210949,15210949,1782865560709411,False,True
9312148,0.04539000,883.00000000,15210950,15210951,1782865560710940,False,True
9312149,0.04539000,330.90000000,15210952,15210954,1782865560713661,False,True
9312150,0.04540000,222.60000000,15210955,15210956,1782865560717974,False,True
9312151,0.04541000,112.30000000,15210957,15210957,1782865575198223,False,True
9312152,0.04541000,724.70000000,15210958,15210958,1782865577256616,True,True
9312153,0.04540000,332.50000000,15210959,15210960,1782865577261053,True,True
9312154,0.04540000,220.20000000,15210961,15210961,1782865577330239,True,True
9312155,0.04539000,993.50000000,15210962,15210964,1782865577330239,True,True
9312156,0.04539000,20623.70000000,15210965,15210968,1782865581672177,True,True
9312157,0.04539000,110.20000000,15210969,15210969,1782865581823812,True,True
9312158,0.04538000,883.50000000,15210970,15210971,1782865581826704,True,True
9312159,0.04537000,222.70000000,15210972,15210973,1782865582040340,True,True
9312160,0.04536000,994.30000000,15210974,15210976,1782865597372520,True,True
9312161,0.04535000,222.70000000,15210977,15210978,1782865616524807,True,True
9312162,0.04534000,11506.30000000,15210979,15210982,1782865616524807,True,True
9312163,0.04533000,4067.50000000,15210983,15210983,1782865616593440,True,True
9312164,0.04533000,1464.80000000,15210984,15210984,1782865620625978,False,True
9312165,0.04534000,994.70000000,15210985,15210987,1782865620812021,False,True
9312166,0.04534000,20612.30000000,15210988,15210989,1782865624701405,True,True
9312167,0.04533000,1083.00000000,15210990,15210992,1782865624780734,True,True
9312168,0.04533000,220.60000000,15210993,15210993,1782865624782131,True,True
9312169,0.04532000,862.40000000,15210994,15210995,1782865624782131,True,True
9312170,0.04532000,1083.00000000,15210996,15210998,1782865624788112,True,True
9312171,0.04532000,1083.00000000,15210999,15210999,1782865624835313,True,True
9312172,0.04533000,10000.00000000,15211000,15211000,1782865717980513,False,True
9312173,0.04533000,8498.90000000,15211001,15211001,1782865717980580,False,True
9312174,0.04533000,1247.00000000,15211002,15211002,1782865717980649,False,True
9312175,0.04534000,12171.00000000,15211003,15211005,1782865717980964,False,True
9312176,0.04535000,222.80000000,15211006,15211007,1782865717982694,False,True
9312177,0.04536000,112.50000000,15211008,15211008,1782865717982694,False,True
9312178,0.04537000,2238.70000000,15211009,15211009,1782865717982694,False,True
9312179,0.04537000,123.80000000,15211010,15211011,1782865717982964,False,True
9312180,0.04538000,317.20000000,15211012,15211012,1782865717982964,False,True
9312181,0.04538000,2045.20000000,15211013,15211014,1782865717983736,False,True
9312182,0.04539000,528.80000000,15211015,15211015,1782865717983736,False,True
9312183,0.04537000,1364.60000000,15211016,15211016,1782865717986578,True,True
9312184,0.04536000,110.30000000,15211017,15211017,1782865723884308,False,True
9312185,0.04537000,18754.70000000,15211018,15211021,1782865726738847,False,True
9312186,0.04537000,914.50000000,15211022,15211023,1782865726741960,False,True
9312187,0.04538000,332.80000000,15211024,15211025,1782865726741960,False,True
9312188,0.04538000,110.20000000,15211026,15211026,1782865740726125,False,True
9312189,0.04539000,883.40000000,15211027,15211028,1782865745930669,False,True
9312190,0.04540000,7869.60000000,15211029,15211030,1782865745930669,False,True
9312191,0.04541000,112.30000000,15211031,15211031,1782865745931919,False,True
9312192,0.04542000,112.30000000,15211032,15211032,1782865745932178,False,True
9312193,0.04541000,10413.80000000,15211033,15211033,1782865745933187,False,True
9312194,0.04543000,112.30000000,15211034,15211034,1782865768648601,False,True
9312195,0.04544000,327.70000000,15211035,15211036,1782865768648601,False,True
9312196,0.04544000,125.00000000,15211037,15211037,1782865774215246,False,True
9312197,0.04544000,125.00000000,15211038,15211038,1782865774215727,False,True
9312198,0.04544000,304.80000000,15211039,15211039,1782865778217003,False,True
9312199,0.04545000,15.20000000,15211040,15211040,1782865778217003,False,True
9312200,0.04545000,143.00000000,15211041,15211042,1782865778217166,False,True
9312201,0.04545000,220.00000000,15211043,15211043,1782865778275125,False,True
9312202,0.04546000,8536.00000000,15211044,15211046,1782865778275125,False,True
9312203,0.04547000,440.00000000,15211047,15211048,1782865778314390,False,True
9312204,0.04547000,1922.20000000,15211049,15211049,1782865780061263,False,True
9312205,0.04548000,241.00000000,15211050,15211050,1782865780061371,False,True
9312206,0.04548000,241.00000000,15211051,15211051,1782865780061415,False,True
9312207,0.04548000,440.00000000,15211052,15211052,1782865780062044,False,True
9312208,0.04548000,599.00000000,15211053,15211054,1782865784853425,False,True
9312209,0.04548000,282.70000000,15211055,15211055,1782865784853482,False,True
9312210,0.04549000,247.30000000,15211056,15211057,1782865784853482,False,True
9312211,0.04548000,5521.00000000,15211058,15211059,1782865787171613,True,True
9312212,0.04547000,1291.80000000,15211060,15211064,1782865787172810,True,True
9312213,0.04546000,388.60000000,15211065,15211065,1782865787174432,True,True
9312214,0.04546000,332.00000000,15211066,15211067,1782865787177438,True,True
9312215,0.04546000,110.00000000,15211068,15211068,1782865789208461,True,True
9312216,0.04545000,112.20000000,15211069,15211069,1782865789210001,True,True
9312217,0.04544000,762.30000000,15211070,15211072,1782865789210691,True,True
9312218,0.04544000,19617.30000000,15211073,15211074,1782865789211463,True,True
9312219,0.04543000,112.20000000,15211075,15211075,1782865789214264,True,True
9312220,0.04542000,112.20000000,15211076,15211076,1782865789214264,True,True
9312221,0.04541000,112.30000000,15211077,15211077,1782865789237967,True,True
9312222,0.04539000,222.50000000,15211078,15211079,1782865791084901,True,True
9312223,0.04539000,110.20000000,15211080,15211080,1782865791089462,True,True
9312224,0.04538000,1214.00000000,15211081,15211084,1782865791152164,True,True
9312225,0.04539000,1370.10000000,15211085,15211085,1782865792131999,False,True
9312226,0.04539000,1164.50000000,15211086,15211087,1782865794562224,False,True
9312227,0.04539000,2214.60000000,15211088,15211090,1782865800657607,False,True
9312228,0.04539000,980.20000000,15211091,15211092,1782865802373566,False,True
9312229,0.04538000,877.50000000,15211093,15211096,1782865803848123,True,True
9312230,0.04537000,883.80000000,15211097,15211098,1782865803849847,True,True
9312231,0.04538000,785.60000000,15211099,15211099,1782865803849990,False,True
9312232,0.04540000,2080.10000000,15211100,15211103,1782865803849990,False,True
9312233,0.04539000,1705.00000000,15211104,15211104,1782865803850129,False,True
9312234,0.04541000,225.70000000,15211105,15211106,1782865803858710,False,True
9312235,0.04541000,657.30000000,15211107,15211107,1782865803859897,False,True
9312236,0.04542000,112.30000000,15211108,15211108,1782865803940843,False,True
9312237,0.04543000,112.30000000,15211109,15211109,1782865803944626,False,True
9312238,0.04543000,110.10000000,15211110,15211110,1782865813461590,True,True
9312239,0.04542000,491.00000000,15211111,15211113,1782865813462199,True,True
9312240,0.04542000,803.80000000,15211114,15211115,1782865813462288,True,True
9312241,0.04542000,110.10000000,15211116,15211116,1782865813463656,True,True
9312242,0.04541000,222.40000000,15211117,15211118,1782865813503726,True,True
9312243,0.04541000,110.20000000,15211119,15211119,1782865813783338,True,True
9312244,0.04540000,21436.50000000,15211120,15211123,1782865813783338,True,True
9312245,0.04540000,110.20000000,15211124,15211124,1782865813788571,True,True
9312246,0.04539000,112.30000000,15211125,15211125,1782865813788571,True,True
9312247,0.04539000,110.20000000,15211126,15211126,1782865827076523,True,True
9312248,0.04538000,4889.80000000,15211127,15211128,1782865827076523,True,True
9312249,0.04538000,881.40000000,15211129,15211130,1782865827077778,True,True
9312250,0.04538000,110.20000000,15211131,15211131,1782865827148498,True,True
9312251,0.04537000,13531.90000000,15211132,15211133,1782865827148498,True,True
9312252,0.04538000,110.20000000,15211134,15211134,1782865827149860,True,True
9312253,0.04537000,3722.30000000,15211135,15211135,1782865827169974,False,True
9312254,0.04537000,3722.30000000,15211136,15211136,1782865827172723,False,True
9312255,0.04538000,112.40000000,15211137,15211137,1782865827359181,False,True
9312256,0.04539000,2362.40000000,15211138,15211139,1782865827359503,False,True
9312257,0.04539000,330.50000000,15211140,15211141,1782865827435942,True,True
9312258,0.04539000,110.20000000,15211142,15211142,1782865827439145,True,True
9312259,0.04538000,442.80000000,15211143,15211145,1782865828150021,True,True
9312260,0.04538000,110.20000000,15211146,15211146,1782865828814540,True,True
9312261,0.04537000,9171.40000000,15211147,15211150,1782865828815557,True,True
9312262,0.04537000,110.30000000,15211151,15211151,1782865828818125,True,True
9312263,0.04536000,112.40000000,15211152,15211152,1782865828818125,True,True
9312264,0.04536000,110.30000000,15211153,15211153,1782865829163262,True,True
9312265,0.04535000,112.40000000,15211154,15211154,1782865829163262,True,True
9312266,0.04535000,110.30000000,15211155,15211155,1782865829240532,True,True
9312267,0.04534000,643.60000000,15211156,15211158,1782865829240532,True,True
9312268,0.04534000,571.60000000,15211159,15211160,1782865829243026,True,True
9312269,0.04533000,222.90000000,15211161,15211162,1782865829385534,True,True
9312270,0.04532000,236.10000000,15211163,15211164,1782865829921452,True,True
9312271,0.04534000,2720.10000000,15211165,15211167,1782865838103881,False,True
9312272,0.04535000,112.50000000,15211168,15211168,1782865838106349,False,True
9312273,0.04536000,926.50000000,15211169,15211169,1782865838106349,False,True
9312274,0.04536000,222.80000000,15211170,15211171,1782865840777684,False,True
9312275,0.04536000,18528.20000000,15211172,15211173,1782865849604224,False,True
9312276,0.04536000,220.40000000,15211174,15211174,1782865849605233,False,True
9312277,0.04537000,706.10000000,15211175,15211176,1782865849605569,False,True
9312278,0.04536000,110.30000000,15211177,15211177,1782865849606299,False,True
9312279,0.04537000,177.80000000,15211178,15211178,1782865849606299,False,True
9312280,0.04538000,1817.40000000,15211179,15211180,1782865849606400,False,True
9312281,0.04536000,220.40000000,15211181,15211181,1782865849607027,False,True
9312282,0.04539000,112.40000000,15211182,15211182,1782865849608499,False,True
9312283,0.04540000,112.40000000,15211183,15211183,1782865849608499,False,True
9312284,0.04541000,216.20000000,15211184,15211184,1782865849608499,False,True
9312285,0.04541000,222.50000000,15211185,15211186,1782865849674183,False,True
9312286,0.04542000,222.40000000,15211187,15211188,1782865851610194,False,True
9312287,0.04543000,992.80000000,15211189,15211191,1782865855578960,False,True
9312288,0.04542000,992.80000000,15211192,15211194,1782865859910536,True,True
9312289,0.04541000,222.50000000,15211195,15211196,1782865859915622,True,True
9312290,0.04540000,222.50000000,15211197,15211198,1782865860023273,True,True
9312291,0.04541000,112.30000000,15211199,15211199,1782865860176601,False,True
9312292,0.04542000,2077.90000000,15211200,15211203,1782865860736930,False,True
9312293,0.04542000,110.10000000,15211204,15211204,1782865864045139,False,True
9312294,0.04543000,2065.90000000,15211205,15211207,1782865864045139,False,True
9312295,0.04544000,112.30000000,15211208,15211208,1782865866141290,False,True
9312296,0.04545000,1102.30000000,15211209,15211211,1782865866141356,False,True
9312297,0.04546000,22797.80000000,15211212,15211215,1782865866141356,False,True
9312298,0.04545000,10934.80000000,15211216,15211218,1782865866154432,True,True
9312299,0.04545000,9318.50000000,15211219,15211219,1782865866155983,True,True
9312300,0.04545000,447.00000000,15211220,15211221,1782865866161193,True,True
9312301,0.04545000,330.10000000,15211222,15211223,1782865868430394,True,True
9312302,0.04546000,110.00000000,15211224,15211224,1782865870881336,False,True
9312303,0.04547000,992.00000000,15211225,15211227,1782865870988027,False,True
9312304,0.04548000,112.20000000,15211228,15211228,1782865872506590,False,True
9312305,0.04549000,991.50000000,15211229,15211231,1782865872506590,False,True
9312306,0.04550000,441.70000000,15211232,15211234,1782865872554665,False,True
9312307,0.04551000,258.00000000,15211235,15211237,1782865872681338,False,True
9312308,0.04551000,3272.50000000,15211238,15211238,1782865873185592,True,True
9312309,0.04550000,722.90000000,15211239,15211240,1782865873841745,True,True
9312310,0.04550000,388.20000000,15211241,15211241,1782865873841927,True,True
9312311,0.04550000,1188.70000000,15211242,15211242,1782865874526713,True,True
9312312,0.04549000,1211.20000000,15211243,15211246,1782865874527405,True,True
9312313,0.04548000,222.10000000,15211247,15211248,1782865876861523,True,True
9312314,0.04547000,991.80000000,15211249,15211251,1782865878030041,True,True
9312315,0.04546000,442.00000000,15211252,15211254,1782865878048421,True,True
9312316,0.04545000,222.30000000,15211255,15211256,1782865878319250,True,True
9312317,0.04545000,110.10000000,15211257,15211257,1782865879205982,False,True
9312318,0.04546000,1209.40000000,15211258,15211258,1782865879205982,False,True
9312319,0.04544000,17240.40000000,15211259,15211263,1782865880956174,True,True
9312320,0.04543000,222.30000000,15211264,15211265,1782865881137365,True,True
9312321,0.04542000,992.80000000,15211266,15211268,1782865881218897,True,True
9312322,0.04541000,222.40000000,15211269,15211270,1782865881946978,True,True
9312323,0.04540000,993.40000000,15211271,15211273,1782865883063043,True,True
9312324,0.04539000,222.50000000,15211274,15211275,1782865885052502,True,True
9312325,0.04539000,1450.10000000,15211276,15211276,1782865885437909,False,True
9312326,0.04539000,983.90000000,15211277,15211278,1782865885657560,False,True
9312327,0.04538000,419.10000000,15211279,15211280,1782865893255949,True,True
9312328,0.04538000,574.60000000,15211281,15211282,1782865893256946,True,True
9312329,0.04538000,7724.40000000,15211283,15211286,1782865893719924,False,True
9312330,0.04538000,1914.20000000,15211287,15211287,1782865894732085,False,True
9312331,0.04538000,7443.20000000,15211288,15211289,1782865895101089,False,True
9312332,0.04537000,388.00000000,15211290,15211291,1782865896643105,True,True
9312333,0.04537000,2497.70000000,15211292,15211294,1782865896643435,True,True
9312334,0.04538000,440.70000000,15211295,15211295,1782865909783901,False,True
9312335,0.04538000,1924.30000000,15211296,15211298,1782865920698614,False,True
9312336,0.04539000,128.00000000,15211299,15211300,1782865939271477,False,True
9312337,0.04538000,220.00000000,15211301,15211301,1782865941890154,True,True
9312338,0.04538000,0.30000000,15211302,15211302,1782865941890234,True,True
9312339,0.04537000,1517.70000000,15211303,15211308,1782865941890371,True,True
9312340,0.04536000,1492.40000000,15211309,15211311,1782865941891067,True,True
9312341,0.04536000,110.30000000,15211312,15211312,1782865941892253,True,True
9312342,0.04535000,112.30000000,15211313,15211313,1782865953817226,True,True
9312343,0.04536000,3844.10000000,15211314,15211317,1782865956110625,False,True
9312344,0.04536000,334.80000000,15211318,15211319,1782865959012975,False,True
9312345,0.04536000,1869.70000000,15211320,15211320,1782865961487169,True,True
9312346,0.04535000,112.40000000,15211321,15211321,1782865961488180,True,True
9312347,0.04534000,3134.40000000,15211322,15211324,1782865961488479,True,True
9312348,0.04534000,110.30000000,15211325,15211325,1782865969859774,False,True
9312349,0.04535000,884.20000000,15211326,15211327,1782865969859774,False,True
9312350,0.04536000,10000.00000000,15211328,15211329,1782865972784457,False,True
9312351,0.04536000,8936.40000000,15211330,15211330,1782865972784588,False,True
9312352,0.04536000,1535.40000000,15211331,15211332,1782865972784631,False,True
9312353,0.04536000,11745.50000000,15211333,15211334,1782865972784686,False,True
9312354,0.04536000,8354.30000000,15211335,15211337,1782865972784703,False,True
9312355,0.04537000,332.90000000,15211338,15211339,1782865972787701,False,True
9312356,0.04538000,112.50000000,15211340,15211340,1782865972787767,False,True
9312357,0.04538000,2250.00000000,15211341,15211341,1782865972790691,False,True
9312358,0.04539000,222.60000000,15211342,15211343,1782865980645069,False,True
9312359,0.04540000,353.00000000,15211344,15211345,1782865986181793,False,True
9312360,0.04540000,640.50000000,15211346,15211347,1782865986182040,False,True
9312361,0.04541000,219.50000000,15211348,15211349,1782865988249097,False,True
9312362,0.04541000,110.20000000,15211350,15211350,1782865991511452,False,True
9312363,0.04542000,1102.90000000,15211351,15211353,1782865991511452,False,True
9312364,0.04543000,332.40000000,15211354,15211355,1782865991521719,False,True
9312365,0.04544000,323.00000000,15211356,15211357,1782865993050146,False,True
9312366,0.04544000,323.00000000,15211358,15211359,1782865993050218,False,True
9312367,0.04542000,882.70000000,15211360,15211361,1782865999031823,True,True
9312368,0.04543000,882.70000000,15211362,15211363,1782866015049240,False,True
9312369,0.04544000,12198.70000000,15211364,15211367,1782866015049240,False,True
9312370,0.04544000,2231.30000000,15211368,15211368,1782866015050216,False,True
9312371,0.04545000,112.20000000,15211369,15211369,1782866016194378,False,True
9312372,0.04546000,992.10000000,15211370,15211372,1782866016195410,False,True
9312373,0.04547000,345.70000000,15211373,15211375,1782866016199165,False,True
9312374,0.04547000,316.30000000,15211376,15211377,1782866016219191,False,True
9312375,0.04548000,222.20000000,15211378,15211379,1782866017289877,False,True
9312376,0.04549000,1101.20000000,15211380,15211382,1782866017441113,False,True
9312377,0.04549000,219.80000000,15211383,15211383,1782866020789895,True,True
9312378,0.04548000,881.60000000,15211384,15211385,1782866020790329,True,True
9312379,0.04547000,112.10000000,15211386,15211386,1782866020792002,True,True
9312380,0.04546000,1817.10000000,15211387,15211389,1782866020793533,True,True
9312381,0.04546000,252.00000000,15211390,15211390,1782866020794769,True,True
9312382,0.04546000,219.90000000,15211391,15211391,1782866023885991,False,True
9312383,0.04547000,991.90000000,15211392,15211394,1782866027584085,False,True
9312384,0.04548000,222.20000000,15211395,15211396,1782866028998728,False,True
9312385,0.04548000,1327.80000000,15211397,15211398,1782866040029640,True,True
9312386,0.04547000,2582.00000000,15211399,15211401,1782866040029807,True,True
9312387,0.04548000,2097.40000000,15211402,15211403,1782866040663950,False,True
9312388,0.04547000,222.10000000,15211404,15211405,1782866046885385,True,True
9312389,0.04547000,110.00000000,15211406,15211406,1782866046888561,True,True
9312390,0.04548000,518.20000000,15211407,15211408,1782866053556434,False,True
9312391,0.04549000,991.50000000,15211409,15211411,1782866073051455,False,True
9312392,0.04550000,112.10000000,15211412,15211412,1782866073052012,False,True
9312393,0.04550000,109.90000000,15211413,15211413,1782866073054507,False,True
9312394,0.04551000,7081.80000000,15211414,15211417,1782866073054507,False,True
9312395,0.04551000,329.60000000,15211418,15211419,1782866073058805,False,True
9312396,0.04551000,109.90000000,15211420,15211420,1782866073060411,False,True
9312397,0.04552000,112.10000000,15211421,15211421,1782866073060411,False,True
9312398,0.04553000,112.00000000,15211422,15211422,1782866073154688,False,True
9312399,0.04554000,112.00000000,15211423,15211423,1782866073154688,False,True
9312400,0.04555000,112.00000000,15211424,15211424,1782866073156266,False,True
9312401,0.04556000,4030.00000000,15211425,15211426,1782866073157185,False,True
9312402,0.04556000,3814.00000000,15211427,15211427,1782866073182806,True,True
9312403,0.04557000,991.70000000,15211428,15211430,1782866084388899,False,True
9312404,0.04558000,111.90000000,15211431,15211431,1782866100710693,False,True
9312405,0.04559000,1098.90000000,15211432,15211434,1782866100713487,False,True
9312406,0.04560000,221.60000000,15211435,15211436,1782866100714833,False,True
9312407,0.04561000,331.00000000,15211437,15211438,1782866100745893,False,True
9312408,0.04560000,516.50000000,15211439,15211440,1782866106828957,True,True
9312409,0.04561000,219.00000000,15211441,15211441,1782866108182170,True,True
9312410,0.04560000,331.00000000,15211442,15211443,1782866109170662,True,True
9312411,0.04560000,300.90000000,15211444,15211444,1782866109172065,True,True
9312412,0.04560000,2250.00000000,15211445,15211445,1782866111778946,True,True
9312413,0.04559000,879.50000000,15211446,15211447,1782866111883941,True,True
9312414,0.04558000,221.50000000,15211448,15211449,1782866112307024,True,True
9312415,0.04557000,879.80000000,15211450,15211451,1782866112384415,True,True
9312416,0.04556000,221.70000000,15211452,15211453,1782866113969563,True,True
9312417,0.04555000,990.00000000,15211454,15211456,1782866113975043,True,True
9312418,0.04554000,221.70000000,15211457,15211458,1782866114051381,True,True
9312419,0.04553000,221.80000000,15211459,15211460,1782866114124762,True,True
9312420,0.04553000,109.90000000,15211461,15211461,1782866115852868,True,True
9312421,0.04552000,880.70000000,15211462,15211463,1782866115852868,True,True
9312422,0.04551000,221.90000000,15211464,15211465,1782866125423897,True,True
9312423,0.04550000,881.20000000,15211466,15211467,1782866127140017,True,True
9312424,0.04549000,112.00000000,15211468,15211468,1782866127143387,True,True
9312425,0.04548000,112.00000000,15211469,15211469,1782866133384740,True,True
9312426,0.04547000,1101.70000000,15211470,15211472,1782866133384740,True,True
9312427,0.04548000,110.00000000,15211473,15211473,1782866133474681,True,True
9312428,0.04547000,220.00000000,15211474,15211475,1782866133476550,True,True
9312429,0.04547000,222.00000000,15211476,15211477,1782866133477750,True,True
9312430,0.04546000,332.00000000,15211478,15211479,1782866135460528,True,True
9312431,0.04546000,110.00000000,15211480,15211480,1782866135462129,True,True
9312432,0.04545000,882.20000000,15211481,15211482,1782866135462129,True,True
9312433,0.04545000,791.90000000,15211483,15211484,1782866157051552,True,True
9312434,0.04545000,110.10000000,15211485,15211485,1782866160659073,True,True
9312435,0.04544000,19963.70000000,15211486,15211488,1782866160659073,True,True
9312436,0.04543000,7535.00000000,15211489,15211492,1782866160660607,True,True
9312437,0.04543000,2055.90000000,15211493,15211493,1782866160697322,False,True
9312438,0.04543000,1015.00000000,15211494,15211495,1782866167742688,False,True
9312439,0.04543000,2720.30000000,15211496,15211496,1782866167742738,False,True
9312440,0.04543000,777.10000000,15211497,15211497,1782866167742931,False,True
9312441,0.04544000,13086.00000000,15211498,15211501,1782866167742931,False,True
9312442,0.04543000,110.10000000,15211502,15211502,1782866167744073,False,True
9312443,0.04544000,4067.30000000,15211503,15211503,1782866167744159,False,True
9312444,0.04545000,112.30000000,15211504,15211504,1782866167744504,False,True
9312445,0.04546000,5028.40000000,15211505,15211506,1782866167744504,False,True
9312446,0.04546000,329.90000000,15211507,15211508,1782866190913210,True,True
9312447,0.04545000,992.30000000,15211509,15211511,1782866190929864,True,True
9312448,0.04544000,2576.30000000,15211512,15211514,1782866190932485,True,True
9312449,0.04543000,222.30000000,15211515,15211516,1782866191956860,True,True
9312450,0.04542000,230.30000000,15211517,15211518,1782866193553370,True,True
9312451,0.04543000,22183.30000000,15211519,15211521,1782866193582229,False,True
9312452,0.04543000,808.90000000,15211522,15211522,1782866193583511,False,True
9312453,0.04543000,110.10000000,15211523,15211523,1782866193651770,False,True
9312454,0.04543000,342.80000000,15211524,15211524,1782866193653299,False,True
9312455,0.04544000,222.40000000,15211525,15211526,1782866200399090,False,True
9312456,0.04545000,882.20000000,15211527,15211528,1782866200452037,False,True
9312457,0.04545000,332.80000000,15211529,15211529,1782866200453223,False,True
9312458,0.04546000,442.10000000,15211530,15211532,1782866200539121,False,True
9312459,0.04547000,222.20000000,15211533,15211534,1782866202644169,False,True
9312460,0.04548000,881.70000000,15211535,15211536,1782866203483999,False,True
9312461,0.04548000,110.00000000,15211537,15211537,1782866203484302,False,True
9312462,0.04549000,442.00000000,15211538,15211540,1782866203540055,False,True
9312463,0.04550000,112.10000000,15211541,15211541,1782866203541207,False,True
9312464,0.04550000,219.70000000,15211542,15211542,1782866203541549,False,True
9312465,0.04551000,222.00000000,15211543,15211544,1782866207640477,False,True
9312466,0.04552000,1033.90000000,15211545,15211546,1782866207641755,False,True
9312467,0.04552000,10000.00000000,15211547,15211547,1782866207641829,False,True
9312468,0.04552000,2320.90000000,15211548,15211548,1782866207641933,False,True
9312469,0.04552000,988.40000000,15211549,15211550,1782866207643155,False,True
9312470,0.04552000,624.30000000,15211551,15211551,1782866208570230,True,True
9312471,0.04553000,221.90000000,15211552,15211553,1782866220649091,False,True
9312472,0.04554000,2753.80000000,15211554,15211556,1782866220649091,False,True
9312473,0.04553000,9770.90000000,15211557,15211559,1782866245019959,True,True
9312474,0.04553000,889.90000000,15211560,15211561,1782866257976026,True,True
9312475,0.04552000,112.00000000,15211562,15211562,1782866258064207,True,True
9312476,0.04551000,881.00000000,15211563,15211564,1782866258064207,True,True
9312477,0.04550000,112.00000000,15211565,15211565,1782866258140971,True,True
9312478,0.04549000,112.10000000,15211566,15211566,1782866260186274,True,True
9312479,0.04548000,342.80000000,15211567,15211568,1782866260186274,True,True
9312480,0.04548000,648.80000000,15211569,15211570,1782866275063799,True,True
9312481,0.04549000,20118.20000000,15211571,15211573,1782866275091843,False,True
9312482,0.04550000,222.00000000,15211574,15211575,1782866278687813,False,True
9312483,0.04551000,1100.80000000,15211576,15211578,1782866278693194,False,True
9312484,0.04552000,2028.00000000,15211579,15211581,1782866280034402,False,True
9312485,0.04552000,552.50000000,15211582,15211582,1782866280034544,False,True
9312486,0.04552000,109.90000000,15211583,15211583,1782866280035564,False,True
9312487,0.04552000,109.90000000,15211584,15211584,1782866280175937,False,True
9312488,0.04553000,156.90000000,15211585,15211586,1782866280175937,False,True
9312489,0.04553000,833.80000000,15211587,15211588,1782866280244101,False,True
9312490,0.04554000,221.80000000,15211589,15211590,1782866280650202,False,True
9312491,0.04554000,11486.10000000,15211591,15211593,1782866280689264,True,True
9312492,0.04554000,1339.80000000,15211594,15211594,1782866280690541,True,True
9312493,0.04554000,2250.00000000,15211595,15211595,1782866280690604,True,True
9312494,0.04554000,401.30000000,15211596,15211596,1782866280691925,True,True
9312495,0.04553000,1616.90000000,15211597,15211597,1782866280849635,True,True
9312496,0.04554000,109.80000000,15211598,15211598,1782866285119202,False,True
9312497,0.04555000,880.30000000,15211599,15211600,1782866285119202,False,True
9312498,0.04556000,221.80000000,15211601,15211602,1782866285204891,False,True
9312499,0.04557000,221.80000000,15211603,15211604,1782866285215628,False,True
9312500,0.04558000,2361.90000000,15211605,15211606,1782866285361235,False,True
9312501,0.04558000,109.70000000,15211607,15211607,1782866319321379,True,True
9312502,0.04557000,1209.10000000,15211608,15211611,1782866319326107,True,True
9312503,0.04556000,221.70000000,15211612,15211613,1782866327077951,True,True
9312504,0.04555000,880.20000000,15211614,15211615,1782866327078922,True,True
9312505,0.04555000,4506.30000000,15211616,15211617,1782866327675584,False,True
9312506,0.04555000,3783.60000000,15211618,15211618,1782866327675907,False,True
9312507,0.04555000,4506.30000000,15211619,15211619,1782866327676077,False,True
9312508,0.04554000,111.90000000,15211620,15211620,1782866331911363,True,True
9312509,0.04553000,990.50000000,15211621,15211623,1782866331911363,True,True
9312510,0.04553000,109.90000000,15211624,15211624,1782866331986164,True,True
9312511,0.04552000,331.60000000,15211625,15211626,1782866331986164,True,True
9312512,0.04552000,1963.30000000,15211627,15211627,1782866340675925,False,True
9312513,0.04552000,1135.70000000,15211628,15211629,1782866346520146,False,True
9312514,0.04551000,18247.90000000,15211630,15211632,1782866354473660,True,True
9312515,0.04551000,109.90000000,15211633,15211633,1782866354477238,True,True
9312516,0.04550000,881.20000000,15211634,15211635,1782866354567762,True,True
9312517,0.04549000,222.10000000,15211636,15211637,1782866363549959,True,True
9312518,0.04548000,195.00000000,15211638,15211639,1782866365581439,True,True
9312519,0.04548000,199.00000000,15211640,15211640,1782866365581454,True,True
9312520,0.04548000,199.00000000,15211641,15211641,1782866365581471,True,True
9312521,0.04548000,398.60000000,15211642,15211643,1782866365581720,True,True
9312522,0.04547000,112.10000000,15211644,15211644,1782866365660813,True,True
9312523,0.04546000,6494.20000000,15211645,15211646,1782866365660813,True,True
9312524,0.04545000,222.30000000,15211647,15211648,1782866366484188,True,True
9312525,0.04545000,132.00000000,15211649,15211649,1782866366734545,False,True
9312526,0.04544000,222.30000000,15211650,15211651,1782866370577357,True,True
9312527,0.04543000,1212.80000000,15211652,15211655,1782866377593050,True,True
9312528,0.04543000,110.10000000,15211656,15211656,1782866377596720,True,True
9312529,0.04543000,2686.50000000,15211657,15211659,1782866383385937,False,True
9312530,0.04543000,7230.20000000,15211660,15211660,1782866383386000,False,True
9312531,0.04543000,2883.10000000,15211661,15211661,1782866383386059,False,True
9312532,0.04543000,110.10000000,15211662,15211662,1782866383387633,False,True
9312533,0.04544000,112.30000000,15211663,15211663,1782866383387633,False,True
9312534,0.04544000,219.80000000,15211664,15211665,1782866387514128,False,True
9312535,0.04543000,886.00000000,15211666,15211666,1782866395028614,True,True
9312536,0.04543000,3893.20000000,15211667,15211669,1782866395805221,False,True
9312537,0.04543000,12894.60000000,15211670,15211670,1782866395806888,False,True
9312538,0.04544000,442.40000000,15211671,15211673,1782866395809248,False,True
9312539,0.04544000,110.10000000,15211674,15211674,1782866400648403,False,True
9312540,0.04545000,882.20000000,15211675,15211676,1782866400861662,False,True
9312541,0.04546000,332.10000000,15211677,15211678,1782866401942943,False,True
9312542,0.04547000,991.90000000,15211679,15211681,1782866401944674,False,True
9312543,0.04547000,219.90000000,15211682,15211682,1782866401946306,False,True
9312544,0.04547000,110.00000000,15211683,15211683,1782866401947653,False,True
9312545,0.04548000,112.20000000,15211684,15211684,1782866401947653,False,True
9312546,0.04549000,222.10000000,15211685,15211686,1782866401949579,False,True
9312547,0.04550000,222.00000000,15211687,15211688,1782866401952817,False,True
9312548,0.04550000,673.20000000,15211689,15211689,1782866401987412,True,True
9312549,0.04549000,7554.20000000,15211690,15211692,1782866401987412,True,True
9312550,0.04550000,109.90000000,15211693,15211693,1782866403310882,False,True
9312551,0.04551000,881.10000000,15211694,15211695,1782866403310882,False,True
9312552,0.04551000,8265.00000000,15211696,15211697,1782866403347171,True,True
9312553,0.04551000,550.20000000,15211698,15211698,1782866404279116,True,True
9312554,0.04551000,15666.90000000,15211699,15211700,1782866404315992,False,True
9312555,0.04552000,507.40000000,15211701,15211703,1782866404315992,False,True
9312556,0.04552000,2250.00000000,15211704,15211704,1782866404352339,True,True
9312557,0.04551000,5465.20000000,15211705,15211706,1782866404352339,True,True
9312558,0.04552000,4206.80000000,15211707,15211708,1782866405079848,False,True
9312559,0.04551000,448.30000000,15211709,15211710,1782866405332774,True,True
9312560,0.04550000,1091.50000000,15211711,15211713,1782866405332774,True,True
9312561,0.04550000,326.00000000,15211714,15211715,1782866405333751,True,True
9312562,0.04550000,485.40000000,15211716,15211717,1782866405347471,False,True
9312563,0.04551000,1033.80000000,15211718,15211721,1782866405349292,False,True
9312564,0.04551000,2489.00000000,15211722,15211723,1782866406423589,True,True
9312565,0.04550000,4848.60000000,15211724,15211728,1782866406423589,True,True
9312566,0.04549000,222.00000000,15211729,15211730,1782866406906402,True,True
9312567,0.04548000,991.60000000,15211731,15211733,1782866410381704,True,True
9312568,0.04547000,222.10000000,15211734,15211735,1782866413651074,True,True
9312569,0.04548000,222.20000000,15211736,15211737,1782866419288434,False,True
9312570,0.04549000,221.90000000,15211738,15211739,1782866419288434,False,True
9312571,0.04549000,659.50000000,15211740,15211740,1782866419291781,False,True
9312572,0.04550000,222.00000000,15211741,15211742,1782866421723524,False,True
9312573,0.04551000,5037.40000000,15211743,15211748,1782866425033839,False,True
9312574,0.04551000,109.90000000,15211749,15211749,1782866425036376,False,True
9312575,0.04552000,331.70000000,15211750,15211751,1782866425036376,False,True
9312576,0.04553000,221.90000000,15211752,15211753,1782866425041253,False,True
9312577,0.04554000,331.50000000,15211754,15211755,1782866435043884,False,True
9312578,0.04555000,4070.70000000,15211756,15211762,1782866441771779,False,True
9312579,0.04554000,3737.80000000,15211763,15211765,1782866455306540,True,True
9312580,0.04553000,1299.60000000,15211766,15211769,1782866455307778,True,True
9312581,0.04555000,426.00000000,15211770,15211771,1782866455854261,False,True
9312582,0.04555000,112.00000000,15211772,15211772,1782866456061477,False,True
9312583,0.04556000,1085.10000000,15211773,15211776,1782866456061477,False,True
9312584,0.04557000,863.70000000,15211777,15211780,1782866456149285,False,True
9312585,0.04558000,221.60000000,15211781,15211782,1782866457593623,False,True
9312586,0.04558000,3737.80000000,15211783,15211784,1782866460186049,True,True
9312587,0.04558000,12986.70000000,15211785,15211785,1782866460187343,True,True
9312588,0.04558000,428.40000000,15211786,15211786,1782866460188765,True,True
9312589,0.04557000,4268.30000000,15211787,15211788,1782866460188911,True,True
9312590,0.04557000,559.00000000,15211789,15211789,1782866460609022,False,True
9312591,0.04557000,2745.00000000,15211790,15211790,1782866461780950,True,True
9312592,0.04556000,989.90000000,15211791,15211793,1782866465035927,True,True
9312593,0.04555000,221.70000000,15211794,15211795,1782866465064303,True,True
9312594,0.04554000,221.70000000,15211796,15211797,1782866465087923,True,True
9312595,0.04553000,221.90000000,15211798,15211799,1782866465161269,True,True
9312596,0.04552000,221.90000000,15211800,15211801,1782866466346401,True,True
9312597,0.04551000,990.90000000,15211802,15211804,1782866495192533,True,True
9312598,0.04550000,221.90000000,15211805,15211806,1782866495196466,True,True
9312599,0.04549000,331.90000000,15211807,15211808,1782866495208486,True,True
9312600,0.04548000,112.10000000,15211809,15211809,1782866495210081,True,True
9312601,0.04548000,10862.40000000,15211810,15211811,1782866495246387,False,True
9312602,0.04548000,1004.70000000,15211812,15211813,1782866500986345,False,True
9312603,0.04549000,667.90000000,15211814,15211815,1782866503994779,False,True
9312604,0.04549000,323.50000000,15211816,15211817,1782866503995700,False,True
9312605,0.04549000,110.00000000,15211818,15211818,1782866520650976,False,True
9312606,0.04549000,110.00000000,15211819,15211819,1782866522705685,False,True
9312607,0.04550000,604.00000000,15211820,15211822,1782866522707232,False,True
9312608,0.04550000,497.00000000,15211823,15211823,1782866522707379,False,True
9312609,0.04551000,222.00000000,15211824,15211825,1782866523879275,False,True
9312610,0.04552000,880.90000000,15211826,15211827,1782866524019753,False,True
9312611,0.04553000,331.60000000,15211828,15211829,1782866524024387,False,True
9312612,0.04554000,221.80000000,15211830,15211831,1782866530165186,False,True
9312613,0.04554000,568.20000000,15211832,15211832,1782866541321934,True,True
9312614,0.04554000,643.30000000,15211833,15211833,1782866556893847,True,True
9312615,0.04553000,441.50000000,15211834,15211836,1782866556896027,True,True
9312616,0.04553000,109.90000000,15211837,15211837,1782866556898367,True,True
9312617,0.04554000,331.60000000,15211838,15211839,1782866580605229,False,True
9312618,0.04555000,2798.50000000,15211840,15211843,1782866580605229,False,True
9312619,0.04554000,109.80000000,15211844,15211844,1782866584522459,False,True
9312620,0.04555000,112.00000000,15211845,15211845,1782866584522459,False,True
9312621,0.04554000,1099.10000000,15211846,15211846,1782866614773026,False,True
9312622,0.04555000,221.80000000,15211847,15211848,1782866621139161,False,True
9312623,0.04556000,880.20000000,15211849,15211850,1782866621143696,False,True
9312624,0.04556000,10203.90000000,15211851,15211852,1782866626098929,False,True
9312625,0.04557000,987.40000000,15211853,15211854,1782866626099050,False,True
9312626,0.04558000,9378.30000000,15211855,15211856,1782866626099295,False,True
9312627,0.04556000,111.90000000,15211857,15211857,1782866629845126,True,True
9312628,0.04555000,1619.00000000,15211858,15211861,1782866629847799,True,True
9312629,0.04555000,441.00000000,15211862,15211862,1782866629847902,True,True
9312630,0.04555000,2771.90000000,15211863,15211863,1782866629848889,True,True
9312631,0.04556000,112.00000000,15211864,15211864,1782866634773076,False,True
9312632,0.04557000,876.90000000,15211865,15211868,1782866634773076,False,True
9312633,0.04558000,66.10000000,15211869,15211869,1782866634773076,False,True
9312634,0.04557000,441.10000000,15211870,15211872,1782866638481071,False,True
9312635,0.04558000,110.00000000,15211873,15211873,1782866638486974,False,True
9312636,0.04558000,879.40000000,15211874,15211876,1782866638487003,False,True
9312637,0.04559000,110.00000000,15211877,15211877,1782866638487041,False,True
9312638,0.04559000,1.90000000,15211878,15211878,1782866640663826,False,True
9312639,0.04559000,1323.20000000,15211879,15211880,1782866647956930,True,True
9312640,0.04559000,10000.00000000,15211881,15211881,1782866647961875,True,True
9312641,0.04559000,1701.50000000,15211882,15211885,1782866647962106,True,True
9312642,0.04558000,111.80000000,15211886,15211886,1782866647963264,True,True
9312643,0.04559000,2361.90000000,15211887,15211888,1782866649780373,False,True
9312644,0.04560000,120.60000000,15211889,15211890,1782866649780373,False,True
9312645,0.04558000,111.80000000,15211891,15211891,1782866665034319,True,True
9312646,0.04557000,18186.70000000,15211892,15211894,1782866665034319,True,True
9312647,0.04557000,1283.00000000,15211895,15211896,1782866665035808,True,True
9312648,0.04556000,221.70000000,15211897,15211898,1782866665037575,True,True
9312649,0.04555000,221.70000000,15211899,15211900,1782866665052374,True,True
9312650,0.04554000,221.70000000,15211901,15211902,1782866665070870,True,True
9312651,0.04553000,221.90000000,15211903,15211904,1782866667739410,True,True
9312652,0.04553000,1286.10000000,15211905,15211905,1782866672961649,False,True
9312653,0.04553000,963.90000000,15211906,15211906,1782866672961725,False,True
9312654,0.04554000,558.40000000,15211907,15211909,1782866674773407,False,True
9312655,0.04555000,2487.50000000,15211910,15211912,1782866674773407,False,True
9312656,0.04555000,864.60000000,15211913,15211915,1782866684681770,False,True
9312657,0.04556000,221.80000000,15211916,15211917,1782866684801235,False,True
9312658,0.04557000,221.70000000,15211918,15211919,1782866685721474,False,True
9312659,0.04558000,3099.20000000,15211920,15211923,1782866700535299,False,True
9312660,0.04559000,2819.80000000,15211924,15211927,1782866700535299,False,True
9312661,0.04558000,2843.90000000,15211928,15211930,1782866700671964,False,True
9312662,0.04558000,109.70000000,15211931,15211931,1782866702545419,False,True
9312663,0.04558000,369.00000000,15211932,15211933,1782866708479919,True,True
9312664,0.04557000,697.30000000,15211934,15211935,1782866718323360,True,True
9312665,0.04557000,292.40000000,15211936,15211937,1782866718324027,True,True
9312666,0.04557000,2140.20000000,15211938,15211939,1782866724772921,False,True
9312667,0.04558000,2675.00000000,15211940,15211942,1782866734782051,False,True
9312668,0.04557000,1035.40000000,15211943,15211943,1782866735963447,True,True
9312669,0.04558000,111.90000000,15211944,15211944,1782866742071530,False,True
9312670,0.04559000,1208.60000000,15211945,15211948,1782866742071530,False,True
9312671,0.04558000,498.00000000,15211949,15211950,1782866747168901,True,True
9312672,0.04558000,238.00000000,15211951,15211951,1782866747168935,True,True
9312673,0.04558000,143.60000000,15211952,15211952,1782866747170427,True,True
9312674,0.04559000,2031.10000000,15211953,15211955,1782866760637885,False,True
9312675,0.04560000,221.60000000,15211956,15211957,1782866762344248,False,True
9312676,0.04561000,3098.60000000,15211958,15211961,1782866769502877,False,True
9312677,0.04561000,2219.50000000,15211962,15211963,1782866769575144,False,True
9312678,0.04560000,155.20000000,15211964,15211965,1782866777744345,True,True
9312679,0.04561000,950.90000000,15211966,15211966,1782866784773595,False,True
