36116509,0.01976000,441.40000000,56712114,56712114,1782864012781580,True,True
36116510,0.01977000,395.50000000,56712115,56712116,1782864047801544,True,True
36116511,0.01976000,381.70000000,56712117,56712117,1782864072783470,True,True
36116512,0.01976000,489.50000000,56712118,56712118,1782864076909954,True,True
36116513,0.01970000,476.40000000,56712119,56712119,1782864107798295,True,True
36116514,0.01972000,313.60000000,56712120,56712120,1782864132781879,True,True
36116515,0.01970000,442.50000000,56712121,56712121,1782864167799453,True,True
36116516,0.01969000,441.80000000,56712122,56712122,1782864192782187,True,True
36116517,0.01969000,5774.50000000,56712123,56712123,1782864200026140,True,True
36116518,0.01969000,5288.90000000,56712124,56712124,1782864200028746,True,True
36116519,0.01972000,321.30000000,56712125,56712125,1782864242780812,True,True
36116520,0.01972000,401.70000000,56712126,56712126,1782864252783038,True,True
36116521,0.01972000,333.00000000,56712127,56712127,1782864292776843,True,True
36116522,0.01972000,27996.20000000,56712128,56712134,1782864308432695,True,True
36116523,0.01970000,2649.20000000,56712135,56712135,1782864308432695,True,True
36116524,0.01968000,2026.30000000,56712136,56712136,1782864308434406,True,True
36116525,0.01968000,3352.00000000,56712137,56712137,1782864308436606,False,True
36116526,0.01968000,864.00000000,56712138,56712138,1782864308436685,False,True
36116527,0.01964000,4767.20000000,56712139,56712139,1782864308467880,True,True
36116528,0.01966000,2084.00000000,56712140,56712140,1782864308471745,False,True
36116529,0.01966000,2084.00000000,56712141,56712141,1782864308474374,False,True
36116530,0.01960000,510.20000000,56712142,56712142,1782864312668805,False,True
36116531,0.01957000,378.10000000,56712143,56712143,1782864312784474,True,True
36116532,0.01952000,396.80000000,56712144,56712144,1782864352776736,True,True
36116533,0.01952000,8119.20000000,56712145,56712146,1782864361616171,True,True
36116534,0.01952000,2628.60000000,56712147,56712147,1782864361617726,False,True
36116535,0.01952000,7783.00000000,56712148,56712148,1782864361617786,False,True
36116536,0.01951000,453.90000000,56712149,56712149,1782864372782842,True,True
36116537,0.01953000,423.70000000,56712150,56712150,1782864397775652,True,True
36116538,0.01953000,529.70000000,56712151,56712151,1782864411574940,True,True
36116539,0.01959000,496.90000000,56712152,56712152,1782864432782653,True,True
36116540,0.01959000,531.70000000,56712153,56712153,1782864492781406,True,True
36116541,0.01959000,331.10000000,56712154,56712154,1782864532780727,True,True
36116542,0.01959000,455.40000000,56712155,56712155,1782864552781980,True,True
36116543,0.01959000,507.10000000,56712156,56712156,1782864582786743,True,True
36116544,0.01959000,324.70000000,56712157,56712157,1782864612790615,True,True
36116545,0.01959000,363.90000000,56712158,56712158,1782864647783384,True,True
36116546,0.01963000,5163.00000000,56712159,56712159,1782864671602159,False,True
36116547,0.01964000,2477.10000000,56712160,56712160,1782864671602159,False,True
36116548,0.01960000,372.00000000,56712161,56712161,1782864672782775,True,True
36116549,0.01960000,4953.30000000,56712162,56712162,1782864688892192,True,True
36116550,0.01959000,1243.30000000,56712163,56712163,1782864688892192,True,True
36116551,0.01957000,7890.30000000,56712164,56712165,1782864688892403,True,True
36116552,0.01957000,448.00000000,56712166,56712166,1782864712788806,True,True
36116553,0.01960000,347.70000000,56712167,56712167,1782864732781856,True,True
36116554,0.01960000,419.10000000,56712168,56712168,1782864762783383,True,True
36116555,0.01963000,765.00000000,56712169,56712169,1782864772891598,False,True
36116556,0.01964000,764.00000000,56712170,56712170,1782864775902532,False,True
36116557,0.01963000,763.00000000,56712171,56712171,1782864781091176,False,True
36116558,0.01961000,421.30000000,56712172,56712172,1782864792782376,True,True
36116559,0.01961000,443.90000000,56712173,56712173,1782864827784914,True,True
36116560,0.01961000,407.10000000,56712174,56712174,1782864852781731,True,True
36116561,0.01962000,354.70000000,56712175,56712175,1782864887785423,True,True
36116562,0.01960000,404.90000000,56712176,56712176,1782864912782405,True,True
36116563,0.01960000,4226.30000000,56712177,56712177,1782864950177757,True,True
36116564,0.01958000,409.30000000,56712178,56712178,1782864952790227,True,True
36116565,0.01958000,381.40000000,56712179,56712179,1782864972781892,True,True
36116566,0.01960000,456.70000000,56712180,56712180,1782865017785129,True,True
36116567,0.01960000,353.80000000,56712181,56712182,1782865032785150,True,True
36116568,0.01959000,338.10000000,56712183,56712183,1782865072790092,True,True
36116569,0.01959000,355.70000000,56712184,56712184,1782865092782884,True,True
36116570,0.01959000,419.20000000,56712185,56712185,1782865132781925,True,True
36116571,0.01960000,422.40000000,56712186,56712186,1782865152782225,True,True
36116572,0.01958000,359.40000000,56712187,56712187,1782865212781886,True,True
36116573,0.01959000,5641.60000000,56712188,56712188,1782865228330374,False,True
36116574,0.01958000,424.90000000,56712189,56712189,1782865257776392,True,True
36116575,0.01958000,381.90000000,56712190,56712190,1782865272781710,True,True
36116576,0.01960000,319.60000000,56712191,56712191,1782865332781546,True,True
36116577,0.01962000,456.30000000,56712192,56712192,1782865372782441,True,True
36116578,0.01966000,2248.60000000,56712193,56712193,1782865380726027,False,True
36116579,0.01962000,364.90000000,56712194,56712194,1782865392782797,True,True
36116580,0.01962000,384.50000000,56712195,56712195,1782865452782551,True,True
36116581,0.01958000,413.60000000,56712196,56712196,1782865502907232,True,True
36116582,0.01958000,307.00000000,56712197,56712197,1782865512784986,True,True
36116583,0.01958000,367.40000000,56712198,56712198,1782865552781840,True,True
36116584,0.01958000,319.10000000,56712199,56712199,1782865572783411,True,True
36116585,0.01958000,372.30000000,56712200,56712200,1782865617776552,True,True
36116586,0.01959000,439.40000000,56712201,56712201,1782865632782749,True,True
36116587,0.01958000,333.20000000,56712202,56712202,1782865692782213,True,True
36116588,0.01962000,5849.60000000,56712203,56712203,1782865697466217,False,True
36116589,0.01961000,338.10000000,56712204,56712204,1782865742781824,True,True
36116590,0.01961000,307.90000000,56712205,56712205,1782865752782849,True,True
36116591,0.01962000,431.10000000,56712206,56712206,1782865797777065,True,True
36116592,0.01960000,372.80000000,56712207,56712207,1782865812781692,True,True
36116593,0.01961000,5849.50000000,56712208,56712208,1782865813348167,False,True
36116594,0.01962000,343.60000000,56712209,56712209,1782865872781508,True,True
36116595,0.01966000,5906.50000000,56712210,56712210,1782865873331179,False,True
36116596,0.01967000,2548.70000000,56712211,56712211,1782865873331179,False,True
36116597,0.01968000,438.30000000,56712212,56712212,1782865917775927,True,True
36116598,0.01968000,5523.30000000,56712213,56712213,1782865921332218,True,True
36116599,0.01968000,411.40000000,56712214,56712214,1782865932781316,True,True
36116600,0.01969000,393.70000000,56712215,56712215,1782865972780938,True,True
36116601,0.01973000,5073.60000000,56712216,56712216,1782865990562048,True,True
36116602,0.01974000,6032.90000000,56712217,56712217,1782865990901001,False,True
36116603,0.01972000,447.60000000,56712218,56712218,1782865992781252,True,True
36116604,0.01975000,5194.10000000,56712219,56712220,1782866016766117,False,True
36116605,0.01977000,210.30000000,56712221,56712221,1782866016766117,False,True
36116606,0.01973000,2535.60000000,56712222,56712222,1782866016766431,True,True
36116607,0.01974000,5070.00000000,56712223,56712223,1782866016772343,True,True
36116608,0.01976000,2370.10000000,56712224,56712224,1782866023130467,False,True
36116609,0.01976000,1185.10000000,56712225,56712225,1782866023132156,False,True
36116610,0.01977000,3180.70000000,56712226,56712226,1782866023132156,False,True
36116611,0.01976000,1185.10000000,56712227,56712227,1782866023135884,False,True
36116612,0.01976000,1484.40000000,56712228,56712228,1782866040664468,False,True
36116613,0.01981000,4157.30000000,56712229,56712229,1782866052756956,False,True
36116614,0.01981000,1232.80000000,56712230,56712230,1782866052758252,False,True
36116615,0.01980000,376.10000000,56712231,56712231,1782866052798362,True,True
36116616,0.01983000,6187.60000000,56712232,56712232,1782866060010517,False,True
36116617,0.01974000,433.10000000,56712233,56712233,1782866082775795,True,True
36116618,0.01974000,396.80000000,56712234,56712234,1782866112789558,True,True
36116619,0.01976000,374.20000000,56712235,56712235,1782866147782491,True,True
36116620,0.01972000,455.50000000,56712236,56712236,1782866172789273,True,True
36116621,0.01972000,342.50000000,56712237,56712237,1782866217775930,True,True
36116622,0.01972000,436.70000000,56712238,56712238,1782866232790830,True,True
36116623,0.01973000,5851.40000000,56712239,56712239,1782866243982540,True,True
36116624,0.01972000,11462.10000000,56712240,56712241,1782866243982540,True,True
36116625,0.01971000,940.20000000,56712242,56712242,1782866243982540,True,True
36116626,0.01977000,7551.00000000,56712243,56712244,1782866275258277,False,True
36116627,0.01974000,320.80000000,56712245,56712245,1782866282782237,True,True
36116628,0.01976000,6027.40000000,56712246,56712246,1782866288579459,False,True
36116629,0.01974000,306.20000000,56712247,56712247,1782866292783538,True,True
36116630,0.01976000,5580.70000000,56712248,56712248,1782866305508533,False,True
36116631,0.01975000,392.00000000,56712249,56712249,1782866327786270,True,True
36116632,0.01973000,323.20000000,56712250,56712250,1782866339616191,True,True
36116633,0.01973000,391.50000000,56712251,56712251,1782866352783141,True,True
36116634,0.01975000,343.20000000,56712252,56712252,1782866392782359,True,True
36116635,0.01975000,383.00000000,56712253,56712253,1782866412782321,True,True
36116636,0.01975000,419.60000000,56712254,56712254,1782866452781310,True,True
36116637,0.01975000,327.00000000,56712255,56712255,1782866472782116,True,True
36116638,0.01979000,2249.40000000,56712256,56712257,1782866499780700,False,True
36116639,0.01978000,439.30000000,56712258,56712258,1782866512781492,True,True
36116640,0.01978000,420.90000000,56712259,56712259,1782866532784212,True,True
36116641,0.01981000,6706.00000000,56712260,56712261,1782866542682301,False,True
36116642,0.01982000,821.00000000,56712262,56712262,1782866542684962,False,True
36116643,0.01981000,431.10000000,56712263,56712263,1782866582782409,True,True
36116644,0.01981000,382.10000000,56712264,56712264,1782866592790640,True,True
36116645,0.01984000,6667.70000000,56712265,56712265,1782866610331318,False,True
36116646,0.01986000,5794.10000000,56712266,56712266,1782866610331318,False,True
36116647,0.01987000,9624.40000000,56712267,56712269,1782866610331318,False,True
36116648,0.01985000,430.10000000,56712270,56712270,1782866642783637,True,True
36116649,0.01985000,402.80000000,56712271,56712271,1782866652781918,True,True
36116650,0.01985000,1000.00000000,56712272,56712272,1782866656172224,True,True
36116651,0.01988000,502.10000000,56712273,56712273,1782866692417102,True,True
36116652,0.01988000,307.00000000,56712274,56712274,1782866692781285,True,True
36116653,0.01988000,17351.20000000,56712275,56712275,1782866702877409,True,True
36116654,0.01985000,478.00000000,56712276,56712277,1782866712783705,True,True
36116655,0.01985000,6093.20000000,56712278,56712279,1782866721006659,True,True
36116656,0.01981000,398.70000000,56712280,56712280,1782866752781053,True,True
36116657,0.01981000,411.90000000,56712281,56712281,1782866772781620,True,True
36116658,0.01981000,716.90000000,56712282,56712282,1782866797680447,True,True
36116659,0.01981000,403.40000000,56712283,56712283,1782866807782696,True,True
36116660,0.01982000,394.60000000,56712284,56712284,1782866832783236,True,True
36116661,0.01980000,2512.50000000,56712285,56712285,1782866865651603,True,True
36116662,0.01979000,6555.70000000,56712286,56712286,1782866865653109,True,True
36116663,0.01980000,5773.80000000,56712287,56712287,1782866870030039,False,True
36116664,0.01981000,5272.70000000,56712288,56712288,1782866870030039,False,True
36116665,0.01983000,4334.80000000,56712289,56712289,1782866870030039,False,True
36116666,0.01981000,427.70000000,56712290,56712290,1782866872781381,True,True
36116667,0.01979000,396.50000000,56712291,56712291,1782866892782106,True,True
36116668,0.01978000,427.10000000,56712292,56712292,1782866922776071,True,True
36116669,0.01978000,27805.00000000,56712293,56712294,1782866927491133,True,True
36116670,0.01978000,3570.60000000,56712295,56712295,1782866927585001,True,True
36116671,0.01978000,1792.60000000,56712296,56712296,1782866927587514,True,True
36116672,0.01978000,896.30000000,56712297,56712297,1782866927590841,True,True
36116673,0.01978000,557.10000000,56712298,56712298,1782866952782477,True,True
36116674,0.01978000,4791.80000000,56712299,56712299,1782866972071631,True,True
36116675,0.01977000,896.40000000,56712300,56712300,1782866972072908,True,True
36116676,0.01974000,530.60000000,56712301,56712301,1782866997776954,True,True
36116677,0.01974000,4962.40000000,56712302,56712302,1782867002943775,True,True
36116678,0.01973000,518.50000000,56712303,56712303,1782867011974147,True,True
36116679,0.01973000,531.20000000,56712304,56712304,1782867012783040,True,True
36116680,0.01973000,506.70000000,56712305,56712305,1782867040815702,True,True
36116681,0.01973000,506.70000000,56712306,56712306,1782867040815839,True,True
36116682,0.01973000,3381.80000000,56712307,56712307,1782867040816997,True,True
36116683,0.01972000,330.60000000,56712308,56712308,1782867047775828,True,True
36116684,0.01975000,25251.40000000,56712309,56712310,1782867060950922,False,True
36116685,0.01975000,484.90000000,56712311,56712311,1782867072783396,True,True
36116686,0.01973000,575.50000000,56712312,56712312,1782867097779096,True,True
36116687,0.01976000,551.30000000,56712313,56712313,1782867110138655,False,True
36116688,0.01977000,392.90000000,56712314,56712314,1782867110138655,False,True
36116689,0.01979000,650.00000000,56712315,56712315,1782867132784473,True,True
36116690,0.01979000,877.10000000,56712316,56712316,1782867140295960,True,True
36116691,0.01981000,4064.80000000,56712317,56712317,1782867155778312,False,True
36116692,0.01986000,2518.20000000,56712318,56712318,1782867170608598,False,True
36116693,0.01986000,3005.90000000,56712319,56712319,1782867170615476,False,True
36116694,0.01986000,1032.10000000,56712320,56712320,1782867170618211,False,True
36116695,0.01988000,3975.40000000,56712321,56712321,1782867170618211,False,True
36116696,0.01985000,341.20000000,56712322,56712322,1782867172787983,True,True
36116697,0.01980000,534.40000000,56712323,56712323,1782867192783152,True,True
36116698,0.01979000,355.00000000,56712324,56712324,1782867227776947,True,True
36116699,0.01979000,21275.90000000,56712325,56712325,1782867231386558,False,True
36116700,0.01981000,5577.40000000,56712326,56712326,1782867231386558,False,True
36116701,0.01977000,607.30000000,56712327,56712327,1782867252782687,True,True
36116702,0.01977000,391.00000000,56712328,56712328,1782867292783778,True,True
36116703,0.01976000,609.90000000,56712329,56712329,1782867312784514,True,True
36116704,0.01977000,444.10000000,56712330,56712330,1782867357775543,True,True
36116705,0.01976000,345.20000000,56712331,56712331,1782867372781636,True,True
36116706,0.01978000,443.50000000,56712332,56712332,1782867402775686,True,True
36116707,0.01979000,446.60000000,56712333,56712333,1782867432780951,True,True
36116708,0.01979000,504.80000000,56712334,56712335,1782867467776886,True,True
36116709,0.01979000,340.60000000,56712336,56712336,1782867492782868,True,True
36116710,0.01979000,1727.60000000,56712337,56712337,1782867492784335,True,True
36116711,0.01978000,4570.30000000,56712338,56712338,1782867492807397,True,True
36116712,0.01977000,342.70000000,56712339,56712339,1782867522776071,True,True
36116713,0.01977000,443.10000000,56712340,56712340,1782867552782539,True,True
36116714,0.01977000,305.80000000,56712341,56712341,1782867592781704,True,True
36116715,0.01981000,553.00000000,56712342,56712342,1782867596092437,False,True
36116716,0.01976000,381.80000000,56712343,56712343,1782867612804024,True,True
36116717,0.01975000,421.40000000,56712344,56712344,1782867657783871,True,True
36116718,0.01974000,3968.00000000,56712345,56712345,1782867665807475,False,True
36116719,0.01973000,433.00000000,56712346,56712346,1782867672783317,True,True
36116720,0.01977000,309.70000000,56712347,56712347,1782867722782500,True,True
36116721,0.01974000,413.30000000,56712348,56712348,1782867732781893,True,True
36116722,0.01974000,3246.80000000,56712349,56712349,1782867760218690,True,True
36116723,0.01975000,320.60000000,56712350,56712350,1782867772781032,True,True
36116724,0.01976000,416.20000000,56712351,56712351,1782867792782010,True,True
36116725,0.01977000,412.40000000,56712352,56712352,1782867837798317,True,True
36116726,0.01977000,381.80000000,56712353,56712353,1782867852781898,True,True
36116727,0.01977000,389.40000000,56712354,56712354,1782867892781110,True,True
36116728,0.01977000,349.90000000,56712355,56712355,1782867912783710,True,True
36116729,0.01977000,324.00000000,56712356,56712356,1782867952781683,True,True
36116730,0.01981000,500.10000000,56712357,56712357,1782867960004502,False,True
36116731,0.01981000,4004.70000000,56712358,56712358,1782867960006141,False,True
36116732,0.01981000,2252.40000000,56712359,56712359,1782867960009523,False,True
36116733,0.01982000,1126.20000000,56712360,56712360,1782867960094026,False,True
36116734,0.01981000,1126.20000000,56712361,56712361,1782867960676813,False,True
36116735,0.01980000,445.10000000,56712362,56712362,1782867972782292,True,True
36116736,0.01984000,420.60000000,56712363,56712363,1782868017784025,True,True
36116737,0.01987000,1710.30000000,56712364,56712364,1782868020661356,False,True
36116738,0.01984000,355.20000000,56712365,56712365,1782868032783846,True,True
36116739,0.01990000,3276.50000000,56712366,56712367,1782868045301940,False,True
36116740,0.01991000,5850.00000000,56712368,56712368,1782868045301971,False,True
36116741,0.01992000,3466.00000000,56712369,56712370,1782868045301971,False,True
36116742,0.01993000,32963.60000000,56712371,56712371,1782868045303464,False,True
36116743,0.01993000,1435.20000000,56712372,56712372,1782868045303621,False,True
36116744,0.01995000,1625.10000000,56712373,56712373,1782868045304853,False,True
36116745,0.01996000,12834.60000000,56712374,56712375,1782868045305604,False,True
36116746,0.01996000,30357.90000000,56712376,56712376,1782868045306776,False,True
36116747,0.01997000,8874.30000000,56712377,56712380,1782868045309198,False,True
36116748,0.01998000,1902.50000000,56712381,56712381,1782868045310750,False,True
36116749,0.01999000,4275.70000000,56712382,56712382,1782868045314502,False,True
36116750,0.01996000,905.90000000,56712383,56712383,1782868045320160,True,True
36116751,0.01997000,771.70000000,56712384,56712384,1782868045339973,True,True
36116752,0.01999000,469.20000000,56712385,56712385,1782868045348301,False,True
36116753,0.02000000,1985.60000000,56712386,56712387,1782868045451199,False,True
36116754,0.02000000,2355.30000000,56712388,56712388,1782868045452159,False,True
36116755,0.02000000,1552.80000000,56712389,56712389,1782868045452226,False,True
36116756,0.02001000,2703.50000000,56712390,56712390,1782868045469043,False,True
36116757,0.02001000,771.50000000,56712391,56712391,1782868045470066,False,True
36116758,0.02001000,4486.30000000,56712392,56712392,1782868047460058,True,True
36116759,0.01997000,1460.00000000,56712393,56712393,1782868052402249,True,True
36116760,0.01992000,304.80000000,56712394,56712394,1782868072781952,True,True
36116761,0.01992000,414.30000000,56712395,56712395,1782868092782053,True,True
36116762,0.01995000,3246.80000000,56712396,56712396,1782868114149559,False,True
36116763,0.01996000,351.80000000,56712397,56712397,1782868117777124,True,True
36116764,0.01997000,876.40000000,56712398,56712398,1782868137786169,True,True
36116765,0.01997000,823.80000000,56712399,56712399,1782868152783113,True,True
36116766,0.01997000,4667.40000000,56712400,56712400,1782868168413604,False,True
36116767,0.01996000,1002.60000000,56712401,56712401,1782868183544698,True,True
36116768,0.01996000,494.50000000,56712402,56712402,1782868197784573,True,True
36116769,0.01996000,701.60000000,56712403,56712403,1782868212782714,True,True
36116770,0.01996000,474.60000000,56712404,56712404,1782868240502316,True,True
36116771,0.01994000,391.10000000,56712405,56712405,1782868242777605,True,True
36116772,0.01993000,395.40000000,56712406,56712406,1782868242777605,True,True
36116773,0.01991000,4040.00000000,56712407,56712407,1782868256285686,True,True
36116774,0.01990000,1724.00000000,56712408,56712409,1782868256285851,True,True
36116775,0.01988000,5850.00000000,56712410,56712410,1782868256285851,True,True
36116776,0.01987000,1905.00000000,56712411,56712411,1782868256285851,True,True
36116777,0.01987000,9316.00000000,56712412,56712413,1782868256285946,True,True
36116778,0.01987000,2995.90000000,56712414,56712415,1782868256286025,True,True
36116779,0.01988000,392.30000000,56712416,56712416,1782868256288629,True,True
36116780,0.01988000,2061.00000000,56712417,56712417,1782868256291481,False,True
36116781,0.01984000,1216.40000000,56712418,56712418,1782868260761045,False,True
36116782,0.01983000,4560.90000000,56712419,56712419,1782868265950533,False,True
36116783,0.01984000,3345.80000000,56712420,56712420,1782868265950533,False,True
36116784,0.01985000,4562.20000000,56712421,56712421,1782868265950533,False,True
36116785,0.01986000,3180.40000000,56712422,56712422,1782868265950533,False,True
36116786,0.01986000,12001.60000000,56712423,56712423,1782868265951569,True,True
36116787,0.01983000,1230.90000000,56712424,56712424,1782868272783057,True,True
36116788,0.01983000,1338.70000000,56712425,56712425,1782868317786387,True,True
36116789,0.01985000,372.60000000,56712426,56712426,1782868332783112,True,True
36116790,0.01988000,1670.30000000,56712427,56712429,1782868348988170,False,True
36116791,0.01989000,848.70000000,56712430,56712431,1782868348988170,False,True
36116792,0.01986000,702.20000000,56712432,56712432,1782868357784682,True,True
36116793,0.01986000,1017.10000000,56712433,56712433,1782868365055250,True,True
36116794,0.01986000,3203.40000000,56712434,56712435,1782868365057395,True,True
36116795,0.01984000,2224.20000000,56712436,56712437,1782868365433845,True,True
36116796,0.01983000,1992.00000000,56712438,56712438,1782868391011585,False,True
36116797,0.01980000,553.70000000,56712439,56712439,1782868392783083,True,True
36116798,0.01980000,701.60000000,56712440,56712440,1782868394373976,True,True
36116799,0.01979000,4485.50000000,56712441,56712441,1782868394373976,True,True
36116800,0.01978000,394.30000000,56712442,56712442,1782868394409594,True,True
36116801,0.01974000,16073.50000000,56712443,56712443,1782868400123784,True,True
36116802,0.01972000,402.40000000,56712444,56712444,1782868427783927,True,True
36116803,0.01976000,4067.30000000,56712445,56712445,1782868430080642,False,True
36116804,0.01978000,2012.10000000,56712446,56712446,1782868430082695,False,True
36116805,0.01980000,1506.30000000,56712447,56712448,1782868440845221,False,True
36116806,0.01982000,1112.00000000,56712449,56712449,1782868440947640,False,True
36116807,0.01980000,4333.80000000,56712450,56712450,1782868440954055,True,True
36116808,0.01979000,721.20000000,56712451,56712451,1782868440954055,True,True
36116809,0.01980000,587.00000000,56712452,56712452,1782868452782512,True,True
36116810,0.01982000,434.20000000,56712453,56712453,1782868477789369,True,True
36116811,0.01990000,1212.00000000,56712454,56712454,1782868502972949,False,True
36116812,0.01990000,43.30000000,56712455,56712455,1782868503061660,False,True
36116813,0.01987000,686.90000000,56712456,56712456,1782868503072856,True,True
36116814,0.01992000,1531.20000000,56712457,56712457,1782868503330721,False,True
36116815,0.01992000,2603.00000000,56712458,56712458,1782868510045504,False,True
36116816,0.01994000,772.50000000,56712459,56712460,1782868512782755,True,True
36116817,0.01998000,391.10000000,56712461,56712461,1782868519005684,False,True
36116818,0.01998000,33455.70000000,56712462,56712462,1782868519007852,True,True
36116819,0.01999000,3164.20000000,56712463,56712463,1782868557512374,False,True
36116820,0.01994000,391.10000000,56712464,56712464,1782868562269830,True,True
36116821,0.01993000,473.60000000,56712465,56712465,1782868562272274,True,True
36116822,0.01989000,392.20000000,56712466,56712467,1782868562791158,True,True
36116823,0.01985000,766.20000000,56712468,56712468,1782868572781825,True,True
36116824,0.01988000,4609.30000000,56712469,56712470,1782868594623579,False,True
36116825,0.01990000,5459.70000000,56712471,56712472,1782868594623579,False,True
36116826,0.01988000,392.30000000,56712473,56712473,1782868612780376,True,True
36116827,0.01987000,155.50000000,56712474,56712474,1782868612780376,True,True
36116828,0.01991000,392.30000000,56712475,56712475,1782868630643706,False,True
36116829,0.01987000,830.90000000,56712476,56712476,1782868632782586,True,True
36116830,0.01992000,19490.50000000,56712477,56712477,1782868639823924,False,True
36116831,0.01994000,4484.80000000,56712478,56712478,1782868657840336,True,True
36116832,0.01993000,391.30000000,56712479,56712479,1782868657843766,True,True
36116833,0.01990000,432.90000000,56712480,56712480,1782868672791004,True,True
36116834,0.01992000,278.30000000,56712481,56712481,1782868682003107,True,True
36116835,0.01991000,531.20000000,56712482,56712482,1782868692782571,True,True
36116836,0.01990000,11168.90000000,56712483,56712483,1782868719634184,False,True
36116837,0.01990000,20018.30000000,56712484,56712484,1782868719635666,False,True
36116838,0.01990000,748.20000000,56712485,56712485,1782868727778004,True,True
36116839,0.01993000,382.60000000,56712486,56712486,1782868752782137,True,True
36116840,0.01996000,391.30000000,56712487,56712487,1782868758690291,False,True
36116841,0.01996000,519.40000000,56712488,56712488,1782868772782826,True,True
36116842,0.01996000,707.20000000,56712489,56712489,1782868797777038,True,True
36116843,0.01996000,250.50000000,56712490,56712490,1782868803397660,False,True
36116844,0.01992000,606.60000000,56712491,56712491,1782868812784202,True,True
36116845,0.01992000,428.30000000,56712492,56712492,1782868852782492,True,True
36116846,0.01991000,698.80000000,56712493,56712493,1782868872797016,True,True
36116847,0.01996000,2372.80000000,56712494,56712494,1782868888055101,False,True
36116848,0.01995000,409.50000000,56712495,56712495,1782868912781512,True,True
36116849,0.01996000,437.90000000,56712496,56712496,1782868932782119,True,True
36116850,0.01995000,426.30000000,56712497,56712497,1782868962783677,True,True
36116851,0.01996000,425.80000000,56712498,56712498,1782868992782178,True,True
36116852,0.01997000,2116.90000000,56712499,56712499,1782869012242675,True,True
36116853,0.01995000,2996.10000000,56712500,56712500,1782869016004960,True,True
36116854,0.01991000,801.40000000,56712501,56712501,1782869027775936,True,True
36116855,0.01993000,5765.70000000,56712502,56712502,1782869126691754,True,True
36116856,0.01992000,4438.10000000,56712503,56712504,1782869126691754,True,True
36116857,0.01992000,12712.90000000,56712505,56712505,1782869126692916,True,True
36116858,0.02000000,5641.20000000,56712506,56712507,1782869234884744,False,True
36116859,0.02002000,4361.20000000,56712508,56712508,1782869234884744,False,True
36116860,0.02000000,6699.10000000,56712509,56712509,1782869258674633,False,True
36116861,0.02000000,11846.40000000,56712510,56712510,1782869258677204,True,True
36116862,0.02000000,14979.00000000,56712511,56712511,1782869318958484,True,True
36116863,0.02003000,1740.00000000,56712512,56712512,1782869354452134,False,True
36116864,0.02003000,1140.80000000,56712513,56712513,1782869371831750,False,True
36116865,0.02003000,2934.80000000,56712514,56712514,1782869371905236,False,True
36116866,0.02008000,7850.00000000,56712515,56712516,1782869386322693,False,True
36116867,0.02005000,1045.00000000,56712517,56712517,1782869386323968,True,True
36116868,0.02005000,1045.00000000,56712518,56712518,1782869386324503,True,True
36116869,0.02009000,1590.20000000,56712519,56712519,1782869392844285,False,True
36116870,0.02010000,1255.30000000,56712520,56712520,1782869392846728,False,True
36116871,0.02009000,795.10000000,56712521,56712521,1782869392850886,False,True
36116872,0.02007000,509.60000000,56712522,56712522,1782869399586620,True,True
36116873,0.02012000,2405.10000000,56712523,56712524,1782869400033157,False,True
36116874,0.02012000,6686.60000000,56712525,56712526,1782869400035673,False,True
36116875,0.02012000,7617.60000000,56712527,56712527,1782869410205133,False,True
36116876,0.02014000,4818.30000000,56712528,56712528,1782869410230100,False,True
36116877,0.02015000,1992.50000000,56712529,56712529,1782869410231527,False,True
36116878,0.02016000,8814.00000000,56712530,56712530,1782869459386269,False,True
36116879,0.02013000,387.40000000,56712531,56712531,1782869460665851,True,True
36116880,0.02011000,2096.70000000,56712532,56712532,1782869460665851,True,True
36116881,0.02011000,5846.40000000,56712533,56712533,1782869480002757,True,True
36116882,0.02009000,5385.80000000,56712534,56712534,1782869499826839,True,True
36116883,0.02014000,387.40000000,56712535,56712535,1782869552405704,False,True
36116884,0.02017000,7057.10000000,56712536,56712536,1782869584541228,False,True
36116885,0.02018000,15973.70000000,56712537,56712537,1782869584542519,True,True
36116886,0.02013000,1196.00000000,56712538,56712539,1782869584545914,False,True
36116887,0.02010000,882.00000000,56712540,56712540,1782869585551705,True,True
36116888,0.02010000,3348.00000000,56712541,56712541,1782869593610571,True,True
36116889,0.02017000,603.00000000,56712542,56712542,1782869652523779,True,True
36116890,0.02020000,594.00000000,56712543,56712543,1782869652824675,False,True
36116891,0.02017000,29714.40000000,56712544,56712553,1782869654681308,True,True
36116892,0.02013000,2483.90000000,56712554,56712554,1782869654756902,True,True
36116893,0.02011000,387.80000000,56712555,56712555,1782869655894337,True,True
36116894,0.02010000,387.80000000,56712556,56712556,1782869666330726,False,True
36116895,0.02012000,271.50000000,56712557,56712557,1782869666330726,False,True
36116896,0.02010000,4326.90000000,56712558,56712558,1782869678081158,False,True
36116897,0.02010000,5786.30000000,56712559,56712559,1782869678082350,True,True
36116898,0.02010000,497.30000000,56712560,56712560,1782869678082661,True,True
36116899,0.02010000,473.70000000,56712561,56712561,1782869678084781,True,True
36116900,0.02010000,404.30000000,56712562,56712562,1782869690298395,True,True
36116901,0.02009000,5278.80000000,56712563,56712563,1782869690298527,True,True
36116902,0.02011000,350.10000000,56712564,56712564,1782869695219507,False,True
36116903,0.02005000,7250.60000000,56712565,56712565,1782869720069942,True,True
36116904,0.02009000,5245.00000000,56712566,56712566,1782869780036918,True,True
36116905,0.02006000,7250.50000000,56712567,56712567,1782869822314057,True,True
36116906,0.02005000,15757.20000000,56712568,56712568,1782869822314057,True,True
36116907,0.02011000,3815.60000000,56712569,56712569,1782869926759132,False,True
36116908,0.02012000,44080.60000000,56712570,56712570,1782869926760951,False,True
36116909,0.02015000,411.70000000,56712571,56712571,1782869941317028,True,True
36116910,0.02020000,661.30000000,56712572,56712572,1782869948362452,False,True
36116911,0.02022000,1151.30000000,56712573,56712573,1782869948365804,False,True
36116912,0.02019000,2478.70000000,56712574,56712574,1782869948421703,True,True
36116913,0.02022000,371.20000000,56712575,56712575,1782869948422398,False,True
36116914,0.02022000,7373.00000000,56712576,56712576,1782869948440218,False,True
36116915,0.02022000,1248.00000000,56712577,56712577,1782869948440685,False,True
36116916,0.02022000,1333.50000000,56712578,56712578,1782869948443207,False,True
36116917,0.02026000,3439.00000000,56712579,56712579,1782869948460886,False,True
36116918,0.02021000,2477.00000000,56712580,56712580,1782869948519285,True,True
36116919,0.02025000,6899.70000000,56712581,56712581,1782869956249669,False,True
36116920,0.02025000,2268.00000000,56712582,56712582,1782869956251859,True,True
36116921,0.02025000,2268.00000000,56712583,56712583,1782869956252042,True,True
36116922,0.02025000,1036.00000000,56712584,56712584,1782869956252573,True,True
36116923,0.02025000,2268.00000000,56712585,56712585,1782869956252920,True,True
36116924,0.02025000,135.40000000,56712586,56712586,1782869956252926,True,True
36116925,0.02021000,385.90000000,56712587,56712587,1782869956252926,True,True
36116926,0.02020000,514.70000000,56712588,56712588,1782869956252926,True,True
36116927,0.02020000,1036.00000000,56712589,56712589,1782869956253020,True,True
36116928,0.02020000,2267.00000000,56712590,56712592,1782869956254755,True,True
36116929,0.02021000,3943.00000000,56712593,56712594,1782869956254997,False,True
36116930,0.02021000,385.90000000,56712595,56712595,1782869959028890,True,True
36116931,0.02016000,771.80000000,56712596,56712596,1782869965249360,False,True
36116932,0.02019000,11088.90000000,56712597,56712598,1782869988967560,False,True
36116933,0.02021000,48884.80000000,56712599,56712600,1782869988968532,False,True
36116934,0.02022000,1986.60000000,56712601,56712601,1782869988969853,False,True
36116935,0.02021000,370.70000000,56712602,56712602,1782869989505095,True,True
36116936,0.02021000,15.20000000,56712603,56712603,1782869989505135,True,True
36116937,0.02020000,355.50000000,56712604,56712604,1782869989505135,True,True
36116938,0.02020000,370.70000000,56712605,56712605,1782869989505152,True,True
36116939,0.02020000,370.70000000,56712606,56712606,1782869989505156,True,True
36116940,0.02020000,370.70000000,56712607,56712607,1782869989505218,True,True
36116941,0.02020000,370.70000000,56712608,56712608,1782869989505272,True,True
36116942,0.02023000,7388.00000000,56712609,56712609,1782869989530161,False,True
36116943,0.02022000,385.70000000,56712610,56712610,1782869991549570,True,True
36116944,0.02021000,4563.70000000,56712611,56712611,1782869991549570,True,True
36116945,0.02020000,5683.20000000,56712612,56712612,1782870000559498,True,True
36116946,0.02019000,52939.30000000,56712613,56712613,1782870000588391,True,True
36116947,0.02019000,539.50000000,56712614,56712614,1782870003223156,True,True
36116948,0.02020000,4478.70000000,56712615,56712615,1782870021957191,False,True
36116949,0.02020000,21967.50000000,56712616,56712616,1782870021958570,False,True
36116950,0.02020000,20109.60000000,56712617,56712618,1782870021958726,False,True
36116951,0.02019000,21918.00000000,56712619,56712619,1782870027528022,True,True
36116952,0.02019000,9575.00000000,56712620,56712620,1782870030144808,True,True
36116953,0.02019000,10528.60000000,56712621,56712621,1782870040219653,True,True
36116954,0.02019000,5264.30000000,56712622,56712622,1782870040220733,True,True
36116955,0.02019000,142805.90000000,56712623,56712623,1782870040220791,True,True
36116956,0.02019000,254384.90000000,56712624,56712624,1782870040221364,True,True
36116957,0.02018000,21917.90000000,56712625,56712625,1782870040222575,True,True
36116958,0.02017000,21233.50000000,56712626,56712627,1782870040222575,True,True
36116959,0.02016000,3404.40000000,56712628,56712628,1782870040222575,True,True
36116960,0.02016000,4885.00000000,56712629,56712629,1782870040223675,True,True
36116961,0.02016000,35647.10000000,56712630,56712631,1782870040223948,True,True
36116962,0.02013000,475.10000000,56712632,56712632,1782870040226119,True,True
36116963,0.02012000,471.00000000,56712633,56712633,1782870040256713,True,True
36116964,0.02010000,1255.30000000,56712634,56712634,1782870040259621,True,True
36116965,0.02011000,6819.80000000,56712635,56712635,1782870050983900,False,True
36116966,0.02012000,771.60000000,56712636,56712636,1782870050986966,False,True
36116967,0.02013000,6522.10000000,56712637,56712637,1782870068385652,False,True
36116968,0.02015000,6042.00000000,56712638,56712639,1782870080032230,True,True
36116969,0.02014000,399.30000000,56712640,56712640,1782870093333395,False,True
36116970,0.02011000,1549.40000000,56712641,56712641,1782870126040385,True,True
36116971,0.02007000,7334.90000000,56712642,56712642,1782870165663004,True,True
36116972,0.02004000,499.00000000,56712643,56712643,1782870175851337,True,True
36116973,0.02004000,7772.30000000,56712644,56712646,1782870290879550,True,True
36116974,0.02003000,1990.50000000,56712647,56712647,1782870290887546,True,True
36116975,0.02007000,6947.10000000,56712648,56712648,1782870309732721,False,True
36116976,0.02005000,2498.70000000,56712649,56712649,1782870309759981,True,True
36116977,0.02007000,4086.80000000,56712650,56712650,1782870328383661,True,True
36116978,0.02010000,6947.00000000,56712651,56712651,1782870341233914,False,True
36116979,0.02011000,44080.60000000,56712652,56712652,1782870341239753,False,True
36116980,0.02010000,3371.40000000,56712653,56712654,1782870361564502,True,True
36116981,0.02014000,388.00000000,56712655,56712655,1782870368482881,False,True
36116982,0.02016000,4512.90000000,56712656,56712657,1782870368482881,False,True
36116983,0.02009000,388.20000000,56712658,56712658,1782870410692761,True,True
36116984,0.02010000,388.20000000,56712659,56712659,1782870414833338,False,True
36116985,0.02012000,7259.10000000,56712660,56712660,1782870414835763,False,True
36116986,0.02010000,388.00000000,56712661,56712661,1782870428046370,True,True
36116987,0.02010000,388.20000000,56712662,56712662,1782870442559218,False,True
36116988,0.02012000,2270.20000000,56712663,56712664,1782870442559218,False,True
36116989,0.02012000,1246.10000000,56712665,56712665,1782870465728382,False,True
36116990,0.02007000,1678.10000000,56712666,56712667,1782870567330535,False,True
36116991,0.02007000,427.50000000,56712668,56712668,1782870567332796,False,True
36116992,0.02005000,12770.80000000,56712669,56712670,1782870593695864,True,True
36116993,0.02006000,11556.20000000,56712671,56712671,1782870709529982,False,True
36116994,0.02006000,54956.90000000,56712672,56712678,1782870709540224,False,True
36116995,0.02009000,428.50000000,56712679,56712679,1782870709572379,False,True
36116996,0.02010000,1912.70000000,56712680,56712680,1782870709586606,False,True
36116997,0.02011000,3124.90000000,56712681,56712681,1782870710056530,False,True
36116998,0.02011000,5708.00000000,56712682,56712682,1782870753717988,True,True
36116999,0.02019000,3818.40000000,56712683,56712684,1782870821359904,False,True
36117000,0.02014000,496.50000000,56712685,56712685,1782870872147561,True,True
36117001,0.02017000,1337.40000000,56712686,56712686,1782871020594538,True,True
36117002,0.02017000,668.70000000,56712687,56712687,1782871020595764,True,True
36117003,0.02017000,15976.10000000,56712688,56712688,1782871020596169,True,True
36117004,0.02016000,399.50000000,56712689,56712689,1782871091141789,False,True
36117005,0.02016000,6099.00000000,56712690,56712690,1782871097556562,False,True
36117006,0.02016000,16568.00000000,56712691,56712691,1782871097556845,False,True
36117007,0.02017000,488.30000000,56712692,56712692,1782871098141619,False,True
36117008,0.02016000,20335.20000000,56712693,56712693,1782871098692580,False,True
36117009,0.02016000,16511.90000000,56712694,56712694,1782871099266624,False,True
36117010,0.02016000,1781.20000000,56712695,56712695,1782871099266829,False,True
36117011,0.02016000,16465.10000000,56712696,56712696,1782871099933358,False,True
36117012,0.02017000,10777.50000000,56712697,56712697,1782871100492184,False,True
36117013,0.02016000,12906.10000000,56712698,56712698,1782871101011536,False,True
36117014,0.02016000,850.40000000,56712699,56712699,1782871101012218,False,True
36117015,0.02016000,1196.00000000,56712700,56712700,1782871101552272,False,True
36117016,0.02013000,11013.10000000,56712701,56712701,1782871102224980,False,True
36117017,0.02013000,1253.90000000,56712702,56712702,1782871102225182,False,True
36117018,0.02018000,837.70000000,56712703,56712703,1782871102332969,False,True
36117019,0.02019000,6607.80000000,56712704,56712704,1782871102332969,False,True
36117020,0.02020000,4697.50000000,56712705,56712707,1782871102332969,False,True
36117021,0.02014000,10997.50000000,56712708,56712708,1782871102811525,False,True
36117022,0.02013000,2392.00000000,56712709,56712709,1782871103378699,False,True
36117023,0.02013000,8625.50000000,56712710,56712710,1782871103379528,False,True
36117024,0.02014000,8372.00000000,56712711,56712711,1782871103974533,False,True
36117025,0.02013000,9080.90000000,56712712,56712712,1782871104498760,False,True
36117026,0.02014000,8171.90000000,56712713,56712713,1782871105018364,False,True
36117027,0.02014000,7359.60000000,56712714,56712714,1782871105617071,False,True
36117028,0.02018000,3714.90000000,56712715,56712715,1782871105830252,False,True
36117029,0.02014000,11544.60000000,56712716,56712717,1782871106781313,True,True
36117030,0.02015000,6629.30000000,56712718,56712718,1782871108358631,False,True
36117031,0.02014000,60947.70000000,56712719,56712728,1782871121804040,True,True
36117032,0.02013000,2108.00000000,56712729,56712729,1782871121807395,False,True
36117033,0.02010000,1724.60000000,56712730,56712731,1782871121808881,True,True
36117034,0.02011000,5966.60000000,56712732,56712732,1782871121809662,False,True
36117035,0.02011000,10854.30000000,56712733,56712734,1782871140620532,False,True
36117036,0.02011000,15772.50000000,56712735,56712735,1782871140621904,False,True
36117037,0.02012000,912.30000000,56712736,56712736,1782871141168580,False,True
36117038,0.02012000,4740.70000000,56712737,56712737,1782871141767636,False,True
36117039,0.02012000,4266.80000000,56712738,56712738,1782871142311377,False,True
36117040,0.02012000,3840.40000000,56712739,56712739,1782871142825581,False,True
36117041,0.02011000,3456.50000000,56712740,56712740,1782871143364812,False,True
36117042,0.02011000,3111.00000000,56712741,56712741,1782871143907051,False,True
36117043,0.02011000,2800.10000000,56712742,56712742,1782871144461534,False,True
36117044,0.02011000,2520.20000000,56712743,56712743,1782871145002280,False,True
36117045,0.02011000,2268.30000000,56712744,56712744,1782871145581513,False,True
36117046,0.02011000,2041.60000000,56712745,56712745,1782871146102879,False,True
36117047,0.02011000,1837.50000000,56712746,56712746,1782871146621002,False,True
36117048,0.02011000,1652.20000000,56712747,56712747,1782871147201794,False,True
36117049,0.02015000,31282.10000000,56712748,56712748,1782871222533592,False,True
36117050,0.02017000,495.20000000,56712749,56712749,1782871228114624,False,True
36117051,0.02012000,8805.10000000,56712750,56712751,1782871235877240,True,True
36117052,0.02012000,494.80000000,56712752,56712752,1782871247081932,True,True
36117053,0.02012000,427.50000000,56712753,56712753,1782871251247913,True,True
36117054,0.02012000,334.30000000,56712754,56712754,1782871251249242,True,True
36117055,0.02012000,8326.60000000,56712755,56712755,1782871251249359,True,True
36117056,0.02013000,387.60000000,56712756,56712756,1782871254836418,False,True
36117057,0.02014000,703.20000000,56712757,56712757,1782871254836418,False,True
36117058,0.02009000,8229.80000000,56712758,56712760,1782871277709930,True,True
36117059,0.02010000,497.70000000,56712761,56712761,1782871286946672,True,True
36117060,0.02010000,995.00000000,56712762,56712762,1782871309111807,True,True
36117061,0.02012000,2485.20000000,56712763,56712763,1782871346883894,True,True
36117062,0.02016000,388.20000000,56712764,56712764,1782871396274464,False,True
36117063,0.02017000,3079.70000000,56712765,56712765,1782871396275079,False,True
36117064,0.02019000,8832.10000000,56712766,56712767,1782871396275079,False,True
36117065,0.02019000,1788.70000000,56712768,56712768,1782871396277502,False,True
36117066,0.02020000,1255.30000000,56712769,56712769,1782871396277502,False,True
36117067,0.02018000,4973.30000000,56712770,56712770,1782871396297668,True,True
36117068,0.02016000,2485.50000000,56712771,56712771,1782871396303063,True,True
36117069,0.02016000,2488.80000000,56712772,56712772,1782871396319168,True,True
36117070,0.02020000,894.30000000,56712773,56712773,1782871396334855,False,True
36117071,0.02021000,388.10000000,56712774,56712774,1782871396334855,False,True
36117072,0.02022000,3907.30000000,56712775,56712776,1782871396334855,False,True
36117073,0.02021000,494.90000000,56712777,56712777,1782871400331498,False,True
36117074,0.02021000,399.50000000,56712778,56712778,1782871400355259,False,True
36117075,0.02025000,740.70000000,56712779,56712779,1782871400750706,False,True
36117076,0.02022000,385.70000000,56712780,56712780,1782871417407739,True,True
36117077,0.02020000,2978.40000000,56712781,56712781,1782871417483528,True,True
36117078,0.02014000,3470.50000000,56712782,56712782,1782871423357137,True,True
36117079,0.02014000,1041.20000000,56712783,56712783,1782871429164811,True,True
36117080,0.02015000,299.70000000,56712784,56712784,1782871429990893,True,True
36117081,0.02012000,347.50000000,56712785,56712785,1782871434248833,True,True
36117082,0.02017000,685.40000000,56712786,56712786,1782871443209553,False,True
36117083,0.02019000,2392.00000000,56712787,56712787,1782871443228043,False,True
36117084,0.02019000,586.40000000,56712788,56712788,1782871443236464,False,True
36117085,0.02020000,386.10000000,56712789,56712789,1782871454998096,True,True
36117086,0.02021000,6095.10000000,56712790,56712790,1782871465719966,True,True
36117087,0.02022000,1131.80000000,56712791,56712791,1782871465831524,False,True
36117088,0.02017000,386.70000000,56712792,56712792,1782871501774289,True,True
36117089,0.02018000,4955.40000000,56712793,56712794,1782871518143117,False,True
36117090,0.02019000,6193.70000000,56712795,56712795,1782871540487031,False,True
36117091,0.02020000,2971.80000000,56712796,56712796,1782871540506250,False,True
36117092,0.02024000,2024.80000000,56712797,56712797,1782871551339355,False,True
36117093,0.02024000,44080.60000000,56712798,56712798,1782871572252336,False,True
36117094,0.02026000,5850.00000000,56712799,56712799,1782871572252336,False,True
36117095,0.02027000,16284.40000000,56712800,56712802,1782871572252336,False,True
36117096,0.02028000,18702.90000000,56712803,56712804,1782871572252336,False,True
36117097,0.02025000,12376.50000000,56712805,56712806,1782871579392871,False,True
36117098,0.02030000,40102.90000000,56712807,56712808,1782871590038296,False,True
36117099,0.02028000,384.60000000,56712809,56712809,1782871600954280,True,True
36117100,0.02026000,384.90000000,56712810,56712810,1782871606891369,True,True
36117101,0.02027000,769.50000000,56712811,56712811,1782871610041514,False,True
36117102,0.02028000,493.00000000,56712812,56712812,1782871623505691,True,True
36117103,0.02028000,673.10000000,56712813,56712813,1782871628214362,True,True
36117104,0.02031000,2155.90000000,56712814,56712814,1782871675609806,True,True
36117105,0.02035000,3814.50000000,56712815,56712815,1782871680052633,False,True
36117106,0.02038000,2460.40000000,56712816,56712816,1782871680097738,False,True
36117107,0.02032000,14573.10000000,56712817,56712823,1782871683923687,True,True
36117108,0.02032000,383.80000000,56712824,56712824,1782871695558976,False,True
36117109,0.02034000,2951.30000000,56712825,56712825,1782871695558976,False,True
36117110,0.02036000,3156.70000000,56712826,56712826,1782871695558976,False,True
36117111,0.02033000,2459.50000000,56712827,56712827,1782871695642483,True,True
36117112,0.02032000,3150.20000000,56712828,56712829,1782871707066132,True,True
36117113,0.02032000,492.10000000,56712830,56712830,1782871718085784,True,True
36117114,0.02034000,11221.90000000,56712831,56712832,1782871786584270,False,True
36117115,0.02036000,3625.20000000,56712833,56712835,1782871786584270,False,True
36117116,0.02038000,1134.90000000,56712836,56712836,1782871786584270,False,True
36117117,0.02038000,4706.20000000,56712837,56712837,1782871797528208,False,True
36117118,0.02039000,2897.80000000,56712838,56712838,1782871797528208,False,True
36117119,0.02039000,980.80000000,56712839,56712839,1782871800169152,False,True
36117120,0.02035000,2457.30000000,56712840,56712840,1782871803794616,True,True
36117121,0.02035000,491.00000000,56712841,56712841,1782871810507855,True,True
36117122,0.02035000,491.00000000,56712842,56712842,1782871810509607,True,True
36117123,0.02035000,886.20000000,56712843,56712843,1782871810509687,True,True
36117124,0.02035000,9548.20000000,56712844,56712845,1782871816113548,True,True
36117125,0.02033000,383.60000000,56712846,56712846,1782871816113548,True,True
36117126,0.02032000,1360.00000000,56712847,56712847,1782871816113548,True,True
36117127,0.02034000,310.10000000,56712848,56712848,1782871819246877,True,True
36117128,0.02035000,693.70000000,56712849,56712849,1782871834527252,False,True
36117129,0.02037000,2946.20000000,56712850,56712850,1782871834527673,False,True
36117130,0.02037000,2463.30000000,56712851,56712851,1782871834560940,True,True
36117131,0.02036000,489.90000000,56712852,56712852,1782871900841837,False,True
36117132,0.02030000,489.40000000,56712853,56712853,1782871926626531,True,True
36117133,0.02035000,2124.60000000,56712854,56712854,1782871938479065,False,True
36117134,0.02035000,416.20000000,56712855,56712856,1782871965778250,False,True
36117135,0.02035000,1478.50000000,56712857,56712857,1782871991203041,False,True
36117136,0.02034000,491.60000000,56712858,56712858,1782872055445538,True,True
36117137,0.02034000,934.20000000,56712859,56712860,1782872096625161,True,True
36117138,0.02035000,487.00000000,56712861,56712861,1782872143582631,False,True
36117139,0.02035000,251.40000000,56712862,56712862,1782872143582756,False,True
36117140,0.02040000,1255.30000000,56712863,56712863,1782872200530297,False,True
36117141,0.02037000,2519.00000000,56712864,56712864,1782872209601014,True,True
36117142,0.02040000,6482.60000000,56712865,56712865,1782872219250166,False,True
36117143,0.02036000,3223.00000000,56712866,56712866,1782872250606908,False,True
36117144,0.02036000,3259.60000000,56712867,56712867,1782872253928491,False,True
36117145,0.02038000,789.10000000,56712868,56712868,1782872253928491,False,True
36117146,0.02030000,13618.30000000,56712869,56712870,1782872257417032,True,True
36117147,0.02029000,5850.00000000,56712871,56712871,1782872257417450,True,True
36117148,0.02030000,4911.50000000,56712872,56712872,1782872257513946,False,True
36117149,0.02025000,9990.90000000,56712873,56712873,1782872312083528,True,True
36117150,0.02025000,5148.60000000,56712874,56712874,1782872498699832,False,True
36117151,0.02026000,1985.90000000,56712875,56712878,1782872498701536,False,True
36117152,0.02024000,1984.20000000,56712879,56712882,1782872580354883,True,True
36117153,0.02023000,23609.10000000,56712883,56712883,1782872580354883,True,True
36117154,0.02022000,8143.90000000,56712884,56712884,1782872580354883,True,True
36117155,0.02022000,5742.90000000,56712885,56712885,1782872580357380,True,True
36117156,0.02021000,4380.30000000,56712886,56712886,1782872580382582,True,True
36117157,0.02020000,2157.00000000,56712887,56712888,1782872580382582,True,True
36117158,0.02026000,6327.60000000,56712889,56712889,1782872586381428,False,True
36117159,0.02026000,3876.30000000,56712890,56712890,1782872586382753,True,True
36117160,0.02027000,448.20000000,56712891,56712891,1782872587416777,False,True
36117161,0.02023000,2200.20000000,56712892,56712892,1782872590156834,True,True
36117162,0.02021000,1100.10000000,56712893,56712893,1782872590190463,True,True
36117163,0.02020000,3213.40000000,56712894,56712894,1782872590190463,True,True
36117164,0.02021000,1100.10000000,56712895,56712895,1782872590192714,True,True
36117165,0.02020000,2308.10000000,56712896,56712897,1782872590230752,True,True
36117166,0.02022000,14661.30000000,56712898,56712898,1782872594830028,False,True
36117167,0.02022000,4344.70000000,56712899,56712899,1782872619562214,True,True
36117168,0.02020000,602.00000000,56712900,56712900,1782872619562214,True,True
36117169,0.02021000,4658.40000000,56712901,56712902,1782872620606890,True,True
36117170,0.02020000,290.60000000,56712903,56712903,1782872620606890,True,True
36117171,0.02022000,4945.90000000,56712904,56712904,1782872631885832,True,True
36117172,0.02024000,8934.70000000,56712905,56712906,1782872659606489,False,True
36117173,0.02027000,16541.50000000,56712907,56712911,1782872659606489,False,True
36117174,0.02028000,12272.80000000,56712912,56712913,1782872659606489,False,True
36117175,0.02029000,5850.00000000,56712914,56712914,1782872659606489,False,True
36117176,0.02029000,10927.00000000,56712915,56712915,1782872659607941,True,True
36117177,0.02029000,30656.40000000,56712916,56712916,1782872659608190,True,True
36117178,0.02029000,1033.00000000,56712917,56712917,1782872659608810,True,True
36117179,0.02029000,1033.00000000,56712918,56712918,1782872659608890,True,True
36117180,0.02030000,1255.30000000,56712919,56712919,1782872659669510,False,True
36117181,0.02034000,3090.80000000,56712920,56712920,1782872668568767,False,True
36117182,0.02035000,44080.60000000,56712921,56712921,1782872668568767,False,True
36117183,0.02036000,3090.80000000,56712922,56712922,1782872668568767,False,True
36117184,0.02036000,5056.00000000,56712923,56712923,1782872668570190,True,True
36117185,0.02036000,36178.40000000,56712924,56712924,1782872668570246,True,True
36117186,0.02031000,2602.00000000,56712925,56712925,1782872668572179,False,True
36117187,0.02031000,2602.00000000,56712926,56712926,1782872668572204,False,True
36117188,0.02032000,8529.00000000,56712927,56712928,1782872668572849,False,True
36117189,0.02035000,531.00000000,56712929,56712929,1782872668574690,True,True
36117190,0.02036000,2457.00000000,56712930,56712930,1782872676881907,False,True
36117191,0.02032000,4921.50000000,56712931,56712932,1782872693191260,True,True
36117192,0.02032000,264.10000000,56712933,56712933,1782872695169718,True,True
36117193,0.02030000,491.70000000,56712934,56712935,1782872729985215,True,True
36117194,0.02030000,255.30000000,56712936,56712936,1782872729987454,True,True
36117195,0.02029000,1723.00000000,56712937,56712937,1782872753173079,True,True
36117196,0.02026000,1723.00000000,56712938,56712938,1782872753184137,True,True
36117197,0.02030000,383.80000000,56712939,56712939,1782872760240388,False,True
36117198,0.02032000,3356.50000000,56712940,56712940,1782872786412313,False,True
36117199,0.02032000,6217.10000000,56712941,56712941,1782872786413455,False,True
36117200,0.02031000,7789.00000000,56712942,56712942,1782872922015552,True,True
36117201,0.02031000,5304.00000000,56712943,56712943,1782873110006614,True,True
36117202,0.02030000,6392.80000000,56712944,56712944,1782873110007829,True,True
36117203,0.02031000,589.50000000,56712945,56712945,1782873135123987,True,True
36117204,0.02032000,491.30000000,56712946,56712946,1782873141208762,False,True
36117205,0.02031000,272.90000000,56712947,56712947,1782873149909588,True,True
36117206,0.02032000,12947.60000000,56712948,56712948,1782873152959802,False,True
36117207,0.02033000,11292.90000000,56712949,56712950,1782873152959802,False,True
36117208,0.02033000,490.80000000,56712951,56712951,1782873159429126,True,True
36117209,0.02033000,4918.80000000,56712952,56712952,1782873217147501,True,True
36117210,0.02029000,19085.70000000,56712953,56712954,1782873398760051,True,True
36117211,0.02029000,5033.70000000,56712955,56712955,1782873398763123,True,True
36117212,0.02030000,5154.70000000,56712956,56712956,1782873491887004,False,True
36117213,0.02030000,1679.70000000,56712957,56712957,1782873581458808,True,True
36117214,0.02033000,4919.00000000,56712958,56712959,1782873687189657,True,True
36117215,0.02040000,1255.30000000,56712960,56712960,1782873731266407,False,True
36117216,0.02040000,642.70000000,56712961,56712961,1782873745172184,True,True
36117217,0.02043000,4649.20000000,56712962,56712963,1782873766485572,False,True
36117218,0.02043000,12601.50000000,56712964,56712964,1782873785871648,True,True
36117219,0.02043000,7691.00000000,56712965,56712966,1782873785873012,True,True
36117220,0.02043000,7062.50000000,56712967,56712967,1782873785873045,True,True
36117221,0.02041000,429.50000000,56712968,56712968,1782873802463810,False,True
36117222,0.02039000,676.40000000,56712969,56712969,1782873812927689,True,True
36117223,0.02036000,2485.70000000,56712970,56712970,1782873812979725,True,True
36117224,0.02039000,691.00000000,56712971,56712971,1782873827817838,False,True
36117225,0.02034000,706.30000000,56712972,56712972,1782873970675081,False,True
36117226,0.02031000,4525.70000000,56712973,56712973,1782873979356642,True,True
36117227,0.02030000,2681.40000000,56712974,56712975,1782873979356642,True,True
36117228,0.02030000,273.00000000,56712976,56712976,1782874022861078,True,True
36117229,0.02029000,2270.70000000,56712977,56712977,1782874022861078,True,True
36117230,0.02026000,2470.50000000,56712978,56712978,1782874022898799,True,True
36117231,0.02032000,17297.30000000,56712979,56712980,1782874094155811,False,True
36117232,0.02032000,1230.90000000,56712981,56712981,1782874094162618,False,True
36117233,0.02035000,9750.70000000,56712982,56712982,1782874111261738,True,True
36117234,0.02038000,491.40000000,56712983,56712983,1782874114213079,False,True
36117235,0.02038000,1026.90000000,56712984,56712984,1782874124582050,False,True
36117236,0.02035000,471.40000000,56712985,56712985,1782874137017063,True,True
36117237,0.02035000,1985.60000000,56712986,56712986,1782874137018461,True,True
36117238,0.02038000,450.00000000,56712987,56712987,1782874139646109,False,True
36117239,0.02038000,3185.70000000,56712988,56712988,1782874178589863,False,True
36117240,0.02039000,19243.90000000,56712989,56712990,1782874178589863,False,True
36117241,0.02040000,4207.30000000,56712991,56712992,1782874178590888,False,True
36117242,0.02039000,1855.10000000,56712993,56712993,1782874207878296,False,True
36117243,0.02033000,983.70000000,56712994,56712994,1782874274756578,True,True
36117244,0.02039000,1864.70000000,56712995,56712995,1782874321526289,False,True
36117245,0.02040000,278.30000000,56712996,56712996,1782874330080410,False,True
36117246,0.02043000,932.30000000,56712997,56712997,1782874339722117,False,True
36117247,0.02044000,932.40000000,56712998,56712998,1782874339724834,False,True
36117248,0.02046000,3961.10000000,56712999,56713000,1782874339754121,False,True
36117249,0.02048000,3851.00000000,56713001,56713001,1782874339754121,False,True
36117250,0.02046000,4857.10000000,56713002,56713002,1782874339761095,False,True
36117251,0.02046000,9750.70000000,56713003,56713003,1782874339762698,False,True
36117252,0.02046000,489.10000000,56713004,56713004,1782874339764772,False,True
36117253,0.02049000,1220.10000000,56713005,56713005,1782874342653667,False,True
36117254,0.02050000,1255.30000000,56713006,56713006,1782874342653667,False,True
36117255,0.02048000,1949.00000000,56713007,56713007,1782874342656590,True,True
36117256,0.02048000,389.00000000,56713008,56713008,1782874344160561,True,True
36117257,0.02048000,325.40000000,56713009,56713009,1782874344163209,True,True
36117258,0.02051000,920.60000000,56713010,56713010,1782874374210286,False,True
36117259,0.02051000,487.50000000,56713011,56713011,1782874426691452,False,True
36117260,0.02048000,13158.10000000,56713012,56713012,1782874452067275,True,True
36117261,0.02048000,452.10000000,56713013,56713013,1782874465778717,False,True
36117262,0.02042000,2927.50000000,56713014,56713014,1782874473637875,True,True
36117263,0.02041000,6343.00000000,56713015,56713015,1782874473637875,True,True
36117264,0.02040000,1255.30000000,56713016,56713016,1782874474385073,True,True
36117265,0.02039000,1201.70000000,56713017,56713017,1782874474385073,True,True
36117266,0.02046000,2834.30000000,56713018,56713018,1782874580605998,False,True
36117267,0.02042000,4632.50000000,56713019,56713019,1782874624154873,False,True
36117268,0.02042000,8086.50000000,56713020,56713020,1782874624155990,False,True
36117269,0.02042000,8086.50000000,56713021,56713021,1782874624156591,False,True
36117270,0.02042000,326.10000000,56713022,56713022,1782874624156679,False,True
36117271,0.02042000,489.80000000,56713023,56713023,1782874624156766,False,True
36117272,0.02042000,4047.60000000,56713024,56713024,1782874624158658,False,True
36117273,0.02049000,617.70000000,56713025,56713025,1782874624330577,False,True
36117274,0.02044000,3264.30000000,56713026,56713026,1782874700359245,True,True
36117275,0.02044000,488.90000000,56713027,56713027,1782874700361853,True,True
36117276,0.02042000,3923.60000000,56713028,56713028,1782874768853941,True,True
36117277,0.02041000,3930.20000000,56713029,56713029,1782874768853941,True,True
36117278,0.02040000,28815.30000000,56713030,56713031,1782874768853941,True,True
36117279,0.02044000,10887.50000000,56713032,56713032,1782874832209722,False,True
36117280,0.02045000,1137.80000000,56713033,56713033,1782874832209722,False,True
36117281,0.02045000,2203.50000000,56713034,56713034,1782874832241281,False,True
36117282,0.02045000,10642.90000000,56713035,56713035,1782874832244617,False,True
36117283,0.02043000,7478.90000000,56713036,56713036,1782874832683089,True,True
36117284,0.02042000,4546.40000000,56713037,56713038,1782874832683089,True,True
36117285,0.02047000,317.30000000,56713039,56713039,1782874855470531,False,True
36117286,0.02043000,2884.90000000,56713040,56713040,1782874922294191,False,True
36117287,0.02043000,978.90000000,56713041,56713041,1782874939660467,False,True
36117288,0.02038000,777.10000000,56713042,56713042,1782874949554736,True,True
36117289,0.02037000,1828.60000000,56713043,56713043,1782874949554736,True,True
36117290,0.02037000,915.20000000,56713044,56713044,1782874949555909,True,True
36117291,0.02041000,596.20000000,56713045,56713045,1782874951743838,False,True
36117292,0.02040000,21668.80000000,56713046,56713046,1782874968957828,False,True
36117293,0.02044000,2605.70000000,56713047,56713047,1782875024617106,True,True
36117294,0.02043000,11997.40000000,56713048,56713048,1782875030170910,False,True
36117295,0.02043000,32083.20000000,56713049,56713049,1782875030173096,False,True
36117296,0.02045000,6228.00000000,56713050,56713050,1782875030200384,False,True
36117297,0.02046000,4941.80000000,56713051,56713051,1782875030200384,False,True
36117298,0.02046000,1743.40000000,56713052,56713053,1782875030201130,False,True
36117299,0.02043000,3685.20000000,56713054,56713054,1782875030644533,True,True
36117300,0.02042000,3725.70000000,56713055,56713055,1782875030644533,True,True
36117301,0.02041000,4586.50000000,56713056,56713056,1782875030644533,True,True
36117302,0.02042000,381.90000000,56713057,56713057,1782875032040763,True,True
36117303,0.02045000,489.20000000,56713058,56713058,1782875032773762,False,True
36117304,0.02041000,381.90000000,56713059,56713059,1782875040308811,True,True
36117305,0.02038000,3576.80000000,56713060,56713060,1782875050518282,True,True
36117306,0.02039000,3865.00000000,56713061,56713061,1782875062384322,False,True
36117307,0.02038000,15405.30000000,56713062,56713062,1782875065583361,True,True
36117308,0.02037000,5141.60000000,56713063,56713064,1782875065583361,True,True
36117309,0.02036000,383.10000000,56713065,56713065,1782875070369703,True,True
36117310,0.02035000,2491.10000000,56713066,56713067,1782875070369703,True,True
36117311,0.02033000,4449.30000000,56713068,56713068,1782875084300898,True,True
36117312,0.02032000,7337.80000000,56713069,56713069,1782875084300898,True,True
36117313,0.02031000,2121.40000000,56713070,56713070,1782875084300898,True,True
36117314,0.02030000,6884.70000000,56713071,56713072,1782875085196333,True,True
36117315,0.02030000,2066.90000000,56713073,56713075,1782875089982786,True,True
36117316,0.02030000,689.00000000,56713076,56713076,1782875095722765,True,True
36117317,0.02030000,344.50000000,56713077,56713078,1782875100451835,True,True
36117318,0.02023000,21589.70000000,56713079,56713088,1782875291964582,True,True
36117319,0.02020000,2942.60000000,56713089,56713090,1782875291968269,True,True
36117320,0.02020000,1266.90000000,56713091,56713091,1782875291969572,True,True
36117321,0.02019000,1012.40000000,56713092,56713092,1782875293693820,True,True
36117322,0.02019000,1012.40000000,56713093,56713093,1782875293920149,True,True
36117323,0.02021000,765.00000000,56713094,56713094,1782875323715161,False,True
36117324,0.02019000,739.90000000,56713095,56713095,1782875329077398,True,True
36117325,0.02022000,387.10000000,56713096,56713096,1782875347403549,False,True
36117326,0.02021000,23013.60000000,56713097,56713098,1782875350007818,False,True
36117327,0.02021000,4471.30000000,56713099,56713099,1782875350008356,False,True
36117328,0.02019000,2823.00000000,56713100,56713100,1782875397581687,True,True
36117329,0.02019000,2823.00000000,56713101,56713101,1782875397581826,True,True
36117330,0.02019000,4.30000000,56713102,56713102,1782875397581862,True,True
36117331,0.02015000,11714.10000000,56713103,56713103,1782875404619537,True,True
36117332,0.02015000,57450.00000000,56713104,56713121,1782875404620177,True,True
36117333,0.02016000,3986.20000000,56713122,56713122,1782875404621131,False,True
36117334,0.02015000,11714.10000000,56713123,56713128,1782875404621380,True,True
36117335,0.02015000,16845.80000000,56713129,56713136,1782875404621820,True,True
36117336,0.02015000,949.80000000,56713137,56713137,1782875404638994,True,True
36117337,0.02015000,387.00000000,56713138,56713138,1782875404663822,True,True
36117338,0.02014000,6288.30000000,56713139,56713139,1782875404663822,True,True
36117339,0.02013000,2969.60000000,56713140,56713140,1782875404663822,True,True
36117340,0.02014000,4965.30000000,56713141,56713142,1782875415112072,True,True
36117341,0.02018000,10461.90000000,56713143,56713144,1782875420059314,False,True
36117342,0.02016000,2480.30000000,56713145,56713145,1782875420084402,True,True
36117343,0.02016000,2480.50000000,56713146,56713146,1782875420086198,True,True
36117344,0.02016000,4961.30000000,56713147,56713148,1782875420090371,True,True
36117345,0.02016000,2386.90000000,56713149,56713149,1782875420090695,True,True
36117346,0.02014000,2573.80000000,56713150,56713150,1782875420090695,True,True
36117347,0.02014000,2480.50000000,56713151,56713151,1782875420091031,True,True
36117348,0.02017000,3603.60000000,56713152,56713152,1782875457332104,False,True
36117349,0.02013000,545.90000000,56713153,56713153,1782875461101842,True,True
36117350,0.02017000,743.60000000,56713154,56713155,1782875464878378,False,True
36117351,0.02018000,822.00000000,56713156,56713157,1782875471330414,False,True
36117352,0.02013000,11190.00000000,56713158,56713159,1782875471717553,True,True
36117353,0.02014000,614.30000000,56713160,56713160,1782875480330559,False,True
36117354,0.02011000,742.90000000,56713161,56713161,1782875485484154,True,True
36117355,0.02011000,3219.70000000,56713162,56713162,1782875492735945,True,True
36117356,0.02012000,1354.50000000,56713163,56713163,1782875498069107,True,True
36117357,0.02011000,2977.70000000,56713164,56713164,1782875525273515,True,True
36117358,0.02012000,387.60000000,56713165,56713165,1782875527510212,True,True
36117359,0.02011000,525.80000000,56713166,56713166,1782875527510212,True,True
36117360,0.02014000,7236.00000000,56713167,56713167,1782875529903189,False,True
36117361,0.02016000,387.60000000,56713168,56713168,1782875529904930,False,True
36117362,0.02017000,4290.10000000,56713169,56713169,1782875536696606,True,True
36117363,0.02016000,386.90000000,56713170,56713170,1782875536696606,True,True
36117364,0.02015000,282.40000000,56713171,56713171,1782875536696606,True,True
36117365,0.02015000,4959.40000000,56713172,56713172,1782875536697876,True,True
36117366,0.02016000,2479.20000000,56713173,56713173,1782875536698374,True,True
36117367,0.02014000,2979.90000000,56713174,56713174,1782875536699762,True,True
36117368,0.02013000,1979.70000000,56713175,56713175,1782875536699762,True,True
36117369,0.02011000,4959.00000000,56713176,56713176,1782875536705667,True,True
36117370,0.02011000,387.80000000,56713177,56713177,1782875583780662,True,True
36117371,0.02012000,5557.00000000,56713178,56713178,1782875583781615,False,True
36117372,0.02010000,1255.30000000,56713179,56713179,1782875583782462,True,True
36117373,0.02012000,983.70000000,56713180,56713181,1782875588830319,False,True
36117374,0.02012000,480.20000000,56713182,56713182,1782875614668210,False,True
36117375,0.02010000,11170.70000000,56713183,56713183,1782875681603888,False,True
36117376,0.02006000,7178.00000000,56713184,56713184,1782875683996344,True,True
36117377,0.02006000,7178.00000000,56713185,56713185,1782875683996349,True,True
36117378,0.02006000,65.40000000,56713186,56713186,1782875683996477,True,True
36117379,0.02007000,5129.00000000,56713187,56713187,1782875686391071,True,True
36117380,0.02007000,5129.00000000,56713188,56713188,1782875686391404,True,True
36117381,0.02008000,497.20000000,56713189,56713189,1782875686391992,False,True
36117382,0.02007000,5129.00000000,56713190,56713190,1782875686392042,True,True
36117383,0.02007000,1045.00000000,56713191,56713191,1782875686392228,True,True
36117384,0.02007000,1045.00000000,56713192,56713192,1782875686392351,True,True
36117385,0.02007000,1045.00000000,56713193,56713193,1782875686392632,True,True
36117386,0.02007000,5627.00000000,56713194,56713194,1782875686393018,True,True
36117387,0.02007000,19931.60000000,56713195,56713195,1782875686393360,True,True
36117388,0.02005000,5129.00000000,56713196,56713196,1782875686394448,True,True
36117389,0.02005000,4981.00000000,56713197,56713197,1782875686395348,True,True
36117390,0.02005000,5129.00000000,56713198,56713199,1782875686399380,True,True
36117391,0.02005000,5129.00000000,56713200,56713200,1782875690001168,True,True
36117392,0.02005000,5129.30000000,56713201,56713201,1782875690001254,True,True
36117393,0.02005000,10461.70000000,56713202,56713202,1782875740365375,True,True
36117394,0.02005000,6002.80000000,56713203,56713203,1782875740366724,True,True
36117395,0.02001000,9595.00000000,56713204,56713205,1782875754873935,True,True
36117396,0.02001000,9595.00000000,56713206,56713209,1782875754874095,True,True
36117397,0.02001000,67.60000000,56713210,56713210,1782875754874111,True,True
36117398,0.02000000,5071.40000000,56713211,56713214,1782875754874111,True,True
36117399,0.02000000,5139.00000000,56713215,56713215,1782875754874308,True,True
36117400,0.02000000,5139.00000000,56713216,56713216,1782875754874874,True,True
36117401,0.02000000,250.00000000,56713217,56713217,1782875754875018,True,True
36117402,0.01999000,4150.00000000,56713218,56713218,1782875754875018,True,True
36117403,0.01999000,4690.30000000,56713219,56713220,1782875754875198,True,True
36117404,0.01998000,448.70000000,56713221,56713221,1782875754875198,True,True
36117405,0.01997000,980.70000000,56713222,56713223,1782875755201879,True,True
36117406,0.02001000,390.10000000,56713224,56713224,1782875755331051,False,True
36117407,0.02002000,7319.60000000,56713225,56713226,1782875755331051,False,True
36117408,0.01999000,390.10000000,56713227,56713227,1782875756645784,True,True
36117409,0.01998000,9678.90000000,56713228,56713229,1782875756645784,True,True
36117410,0.01998000,7561.30000000,56713230,56713230,1782875761772632,True,True
36117411,0.01998000,7709.30000000,56713231,56713231,1782875761773773,False,True
36117412,0.02001000,390.10000000,56713232,56713232,1782875772772317,False,True
36117413,0.01999000,5002.70000000,56713233,56713233,1782875772804212,True,True
36117414,0.01999000,5003.00000000,56713234,56713235,1782875772807532,True,True
36117415,0.02003000,4372.70000000,56713236,56713236,1782875807951606,False,True
36117416,0.02004000,15811.70000000,56713237,56713238,1782875807951606,False,True
36117417,0.02005000,4765.50000000,56713239,56713239,1782875807951606,False,True
36117418,0.02005000,28341.90000000,56713240,56713240,1782875897027958,False,True
36117419,0.02005000,16881.40000000,56713241,56713241,1782875897027968,False,True
36117420,0.02008000,5770.50000000,56713242,56713243,1782875927288001,False,True
36117421,0.02009000,7750.70000000,56713244,56713244,1782875927289194,True,True
36117422,0.02003000,12763.00000000,56713245,56713249,1782875959906979,True,True
36117423,0.02003000,28754.60000000,56713250,56713260,1782875959906986,True,True
36117424,0.02003000,390.10000000,56713261,56713261,1782875959907183,True,True
36117425,0.02003000,12763.00000000,56713262,56713268,1782875959907362,True,True
36117426,0.02003000,12763.00000000,56713269,56713276,1782875959908721,True,True
36117427,0.02003000,11189.10000000,56713277,56713282,1782875959909319,True,True
36117428,0.02006000,314.50000000,56713283,56713283,1782876015776155,False,True
36117429,0.02006000,1250.70000000,56713284,56713284,1782876040621560,False,True
36117430,0.02003000,4992.60000000,56713285,56713285,1782876048088058,True,True
36117431,0.02003000,486.60000000,56713286,56713286,1782876048090778,True,True
36117432,0.02002000,4506.00000000,56713287,56713287,1782876048090778,True,True
36117433,0.02002000,2496.30000000,56713288,56713289,1782876048093496,True,True
36117434,0.02002000,3268.10000000,56713290,56713290,1782876048094600,True,True
36117435,0.02001000,1724.50000000,56713291,56713291,1782876048094600,True,True
36117436,0.02001000,4992.80000000,56713292,56713292,1782876048096626,True,True
36117437,0.02001000,2496.30000000,56713293,56713293,1782876048100642,True,True
36117438,0.02001000,2496.30000000,56713294,56713294,1782876048105959,True,True
36117439,0.02001000,4992.60000000,56713295,56713296,1782876048111359,True,True
36117440,0.02001000,2496.30000000,56713297,56713299,1782876048114521,True,True
36117441,0.02001000,4992.60000000,56713300,56713300,1782876048120944,True,True
36117442,0.02005000,389.40000000,56713301,56713301,1782876060654496,False,True
36117443,0.01996000,5850.00000000,56713302,56713302,1782876114092997,True,True
36117444,0.01995000,8847.80000000,56713303,56713304,1782876114092997,True,True
36117445,0.01994000,2997.80000000,56713305,56713305,1782876139105621,True,True
36117446,0.01993000,13158.10000000,56713306,56713306,1782876158733332,False,True
36117447,0.01996000,3011.30000000,56713307,56713307,1782876158733756,False,True
36117448,0.01999000,471.70000000,56713308,56713308,1782876158733756,False,True
36117449,0.02001000,5969.00000000,56713309,56713310,1782876158733756,False,True
36117450,0.01996000,1958.30000000,56713311,56713311,1782876177445608,True,True
36117451,0.01995000,390.90000000,56713312,56713312,1782876177445608,True,True
36117452,0.01992000,391.20000000,56713313,56713313,1782876199370019,True,True
36117453,0.01991000,11105.10000000,56713314,56713314,1782876222090960,True,True
36117454,0.01990000,10542.00000000,56713315,56713316,1782876222090960,True,True
36117455,0.01990000,12984.30000000,56713317,56713317,1782876247070457,True,True
36117456,0.01988000,2066.70000000,56713318,56713318,1782876247070457,True,True
36117457,0.01987000,5272.20000000,56713319,56713320,1782876247070457,True,True
36117458,0.01987000,710.20000000,56713321,56713321,1782876247070689,True,True
36117459,0.01984000,5850.00000000,56713322,56713322,1782876247070689,True,True
36117460,0.01983000,2891.80000000,56713323,56713323,1782876247070689,True,True
36117461,0.01983000,5748.40000000,56713324,56713324,1782876247073817,True,True
36117462,0.01987000,390.90000000,56713325,56713325,1782876247075975,False,True
36117463,0.01987000,5934.10000000,56713326,56713327,1782876247077126,True,True
36117464,0.01989000,589.90000000,56713328,56713328,1782876247137703,False,True
36117465,0.01984000,5086.50000000,56713329,56713330,1782876260083526,True,True
36117466,0.01983000,7165.10000000,56713331,56713331,1782876260086748,True,True
36117467,0.01982000,6516.20000000,56713332,56713333,1782876262068603,True,True
36117468,0.01980000,5043.10000000,56713334,56713335,1782876262070908,True,True
36117469,0.01979000,3020.40000000,56713336,56713336,1782876262076804,True,True
36117470,0.01976000,5842.50000000,56713337,56713337,1782876262077905,True,True
36117471,0.01975000,7433.80000000,56713338,56713339,1782876265948031,True,True
36117472,0.01973000,3020.40000000,56713340,56713340,1782876265950113,True,True
36117473,0.01978000,3135.00000000,56713341,56713341,1782876265952141,False,True
36117474,0.01975000,3190.00000000,56713342,56713342,1782876265952662,False,True
36117475,0.01972000,14411.60000000,56713343,56713345,1782876274986300,True,True
36117476,0.01970000,4275.70000000,56713346,56713347,1782876274986300,True,True
36117477,0.01973000,3758.90000000,56713348,56713348,1782876275007272,False,True
36117478,0.01974000,769.40000000,56713349,56713349,1782876275007272,False,True
36117479,0.01972000,10050.40000000,56713350,56713350,1782876276006967,False,True
36117480,0.01977000,3362.40000000,56713351,56713351,1782876322105569,True,True
36117481,0.01976000,15787.60000000,56713352,56713352,1782876322105569,True,True
36117482,0.01976000,19150.00000000,56713353,56713353,1782876322105613,True,True
36117483,0.01970000,508.00000000,56713354,56713354,1782876361568498,True,True
36117484,0.01969000,3032.60000000,56713355,56713355,1782876361568498,True,True
36117485,0.01966000,3973.10000000,56713356,56713356,1782876361573001,False,True
36117486,0.01968000,1144.50000000,56713357,56713357,1782876361577784,False,True
36117487,0.01968000,373.70000000,56713358,56713358,1782876361581305,False,True
36117488,0.01966000,396.70000000,56713359,56713359,1782876362097302,True,True
36117489,0.01965000,4290.00000000,56713360,56713360,1782876362097302,True,True
36117490,0.01964000,3032.60000000,56713361,56713361,1782876362097302,True,True
36117491,0.01963000,6194.70000000,56713362,56713362,1782876362097302,True,True
36117492,0.01965000,415.30000000,56713363,56713363,1782876373256818,False,True
36117493,0.01963000,11001.90000000,56713364,56713364,1782876433088342,False,True
36117494,0.01963000,2272.10000000,56713365,56713365,1782876433089568,False,True
36117495,0.01963000,3161.10000000,56713366,56713366,1782876434238241,True,True
36117496,0.01963000,3721.50000000,56713367,56713367,1782876446971997,True,True
36117497,0.01961000,21177.70000000,56713368,56713368,1782876453231114,True,True
36117498,0.01960000,1801.20000000,56713369,56713370,1782876453231114,True,True
36117499,0.01959000,3054.20000000,56713371,56713371,1782876453231114,True,True
36117500,0.01958000,11824.30000000,56713372,56713372,1782876453231114,True,True
36117501,0.01956000,14489.90000000,56713373,56713373,1782876458174301,False,True
36117502,0.01955000,3011.50000000,56713374,56713374,1782876473499580,True,True
36117503,0.01954000,7977.50000000,56713375,56713375,1782876473499580,True,True
36117504,0.01951000,11866.70000000,56713376,56713376,1782876479404464,True,True
36117505,0.01955000,596.20000000,56713377,56713377,1782876480332392,False,True
36117506,0.01953000,12284.00000000,56713378,56713378,1782876495351653,False,True
36117507,0.01950000,1022.00000000,56713379,56713379,1782876495354253,True,True
36117508,0.01950000,820.40000000,56713380,56713381,1782876495354511,True,True
36117509,0.01949000,201.60000000,56713382,56713382,1782876495355740,False,True
36117510,0.01955000,2761.60000000,56713383,56713383,1782876495835427,False,True
36117511,0.01951000,399.70000000,56713384,56713384,1782876505847349,True,True
36117512,0.01954000,20921.90000000,56713385,56713385,1782876532266168,False,True
36117513,0.01954000,1933.80000000,56713386,56713386,1782876540041316,True,True
36117514,0.01952000,3183.90000000,56713387,56713388,1782876540041316,True,True
36117515,0.01943000,12084.90000000,56713389,56713389,1782876564152586,True,True
36117516,0.01944000,4082.50000000,56713390,56713390,1782876564153281,False,True
36117517,0.01943000,3626.80000000,56713391,56713391,1782876564154229,True,True
36117518,0.01941000,469.40000000,56713392,56713392,1782876564158381,True,True
36117519,0.01945000,1189.20000000,56713393,56713394,1782876564183838,False,True
36117520,0.01945000,4096.50000000,56713395,56713395,1782876564332252,False,True
36117521,0.01948000,5944.70000000,56713396,56713396,1782876564332252,False,True
36117522,0.01943000,494.80000000,56713397,56713397,1782876574163560,True,True
36117523,0.01943000,498.10000000,56713398,56713398,1782876574163707,True,True
36117524,0.01943000,1203.20000000,56713399,56713399,1782876574171143,True,True
36117525,0.01941000,469.40000000,56713400,56713400,1782876574191600,True,True
36117526,0.01940000,1886.70000000,56713401,56713402,1782876574191600,True,True
36117527,0.01939000,219.50000000,56713403,56713403,1782876574191600,True,True
36117528,0.01939000,5060.70000000,56713404,56713404,1782876574191600,True,True
36117529,0.01950000,1255.30000000,56713405,56713405,1782876620468697,False,True
36117530,0.01955000,4182.90000000,56713406,56713406,1782876650406322,False,True
36117531,0.01955000,3344.50000000,56713407,56713407,1782876650407527,False,True
36117532,0.01950000,3019.60000000,56713408,56713408,1782876710453220,True,True
36117533,0.01951000,7411.30000000,56713409,56713410,1782876712390720,True,True
36117534,0.01950000,3137.60000000,56713411,56713411,1782876712390720,True,True
36117535,0.01955000,399.70000000,56713412,56713412,1782876721360579,False,True
36117536,0.01956000,20.80000000,56713413,56713413,1782876721360579,False,True
36117537,0.01958000,9240.30000000,56713414,56713414,1782876762266591,False,True
36117538,0.01960000,7901.50000000,56713415,56713416,1782876780374378,False,True
36117539,0.01955000,3332.00000000,56713417,56713417,1782876875565651,True,True
36117540,0.01956000,531.70000000,56713418,56713418,1782876893516673,False,True
36117541,0.01957000,14281.90000000,56713419,56713421,1782876978030406,False,True
36117542,0.01957000,8210.20000000,56713422,56713437,1782876978047890,False,True
36117543,0.01958000,529.70000000,56713438,56713438,1782876978085388,False,True
36117544,0.01963000,13736.90000000,56713439,56713439,1782877003847283,False,True
36117545,0.01963000,13737.00000000,56713440,56713440,1782877014994252,False,True
36117546,0.01963000,509.50000000,56713441,56713441,1782877014996575,False,True
36117547,0.01963000,509.50000000,56713442,56713442,1782877014997040,False,True
36117548,0.01962000,1657.50000000,56713443,56713443,1782877023037825,True,True
36117549,0.01959000,631.40000000,56713444,56713444,1782877025170453,True,True
36117550,0.01961000,1041.60000000,56713445,56713445,1782877040023304,True,True
36117551,0.01958000,3718.80000000,56713446,56713450,1782877043692422,True,True
36117552,0.01957000,4649.30000000,56713451,56713457,1782877043692422,True,True
36117553,0.01958000,914.80000000,56713458,56713458,1782877047550510,False,True
36117554,0.01957000,398.50000000,56713459,56713459,1782877052048685,False,True
36117555,0.01958000,1599.90000000,56713460,56713460,1782877052049975,False,True
36117556,0.01955000,12903.90000000,56713461,56713461,1782877080683747,True,True
36117557,0.01956000,453.70000000,56713462,56713462,1782877080688732,True,True
36117558,0.01952000,5347.60000000,56713463,56713463,1782877090026981,True,True
36117559,0.01955000,5585.60000000,56713464,56713467,1782877152038976,False,True
36117560,0.01957000,1056.00000000,56713468,56713469,1782877160009312,False,True
36117561,0.01959000,15396.40000000,56713470,56713473,1782877258772005,True,True
36117562,0.01956000,528.70000000,56713474,56713474,1782877259124149,True,True
36117563,0.01957000,1584.00000000,56713475,56713477,1782877277731229,False,True
36117564,0.01961000,5254.70000000,56713478,56713478,1782877293182878,True,True
36117565,0.01968000,6623.90000000,56713479,56713479,1782877402363992,False,True
36117566,0.01969000,5611.20000000,56713480,56713480,1782877442814583,False,True
36117567,0.01969000,3418.10000000,56713481,56713481,1782877442857531,False,True
36117568,0.01969000,1709.10000000,56713482,56713482,1782877442870062,False,True
36117569,0.01969000,854.50000000,56713483,56713483,1782877442882948,False,True
36117570,0.01969000,854.50000000,56713484,56713484,1782877442906135,False,True
36117571,0.01967000,478.40000000,56713485,56713485,1782877494416560,True,True
36117572,0.01970000,1528.60000000,56713486,56713487,1782877523663924,False,True
36117573,0.01970000,640.60000000,56713488,56713488,1782877523665157,False,True
36117574,0.01971000,526.20000000,56713489,56713489,1782877560841056,True,True
36117575,0.01970000,4044.70000000,56713490,56713490,1782877560841056,True,True
36117576,0.01969000,528.20000000,56713491,56713491,1782877573610738,True,True
36117577,0.01968000,1641.00000000,56713492,56713492,1782877577036204,False,True
36117578,0.01969000,5099.10000000,56713493,56713493,1782877599777410,True,True
36117579,0.01968000,11200.60000000,56713494,56713494,1782877599777410,True,True
36117580,0.01967000,50681.20000000,56713495,56713496,1782877599777410,True,True
36117581,0.01966000,9647.10000000,56713497,56713498,1782877599777410,True,True
36117582,0.01963000,5850.00000000,56713499,56713499,1782877599777410,True,True
36117583,0.01961000,2355.00000000,56713500,56713500,1782877599777410,True,True
36117584,0.01971000,7312.50000000,56713501,56713504,1782877710310583,False,True
36117585,0.01972000,3733.10000000,56713505,56713505,1782877729398243,False,True
36117586,0.01973000,4017.70000000,56713506,56713506,1782877729398243,False,True
36117587,0.01974000,10976.50000000,56713507,56713507,1782877729398243,False,True
36117588,0.01975000,42397.10000000,56713508,56713509,1782877729398243,False,True
36117589,0.01976000,6391.90000000,56713510,56713511,1782877832626549,False,True
36117590,0.01979000,49127.10000000,56713512,56713514,1782877868175978,False,True
36117591,0.01980000,1255.30000000,56713515,56713515,1782877868177529,False,True
36117592,0.01979000,18911.20000000,56713516,56713516,1782877868177642,True,True
36117593,0.01980000,933.30000000,56713517,56713517,1782877870005681,False,True
36117594,0.01979000,596.10000000,56713518,56713518,1782877870234889,True,True
36117595,0.01979000,1033.70000000,56713519,56713520,1782877910893574,True,True
36117596,0.01978000,4113.90000000,56713521,56713521,1782877910893574,True,True
36117597,0.01977000,4113.90000000,56713522,56713522,1782877916948899,True,True
36117598,0.01976000,4205.90000000,56713523,56713523,1782877916948899,True,True
36117599,0.01975000,30531.00000000,56713524,56713529,1782877916948899,True,True
36117600,0.01975000,29715.00000000,56713530,56713530,1782877916950082,False,True
36117601,0.01979000,4043.80000000,56713531,56713531,1782877934413249,False,True
36117602,0.01978000,2296.00000000,56713532,56713532,1782877937934324,False,True
36117603,0.01975000,394.90000000,56713533,56713533,1782877992520661,True,True
36117604,0.01974000,3477.00000000,56713534,56713534,1782878040480522,False,True
36117605,0.01973000,3765.90000000,56713535,56713535,1782878042275780,True,True
36117606,0.01971000,3392.60000000,56713536,56713536,1782878105158446,True,True
36117607,0.01971000,3714.80000000,56713537,56713538,1782878122925695,True,True
36117608,0.01972000,2220.50000000,56713539,56713539,1782878126151204,True,True
36117609,0.01972000,1111.10000000,56713540,56713540,1782878126158199,True,True
36117610,0.01971000,1111.10000000,56713541,56713541,1782878126172296,True,True
36117611,0.01970000,1502.20000000,56713542,56713542,1782878153426516,True,True
36117612,0.01970000,1671.20000000,56713543,56713544,1782878153428139,True,True
36117613,0.01966000,4384.70000000,56713545,56713545,1782878164566351,True,True
36117614,0.01965000,4137.40000000,56713546,56713546,1782878164566351,True,True
36117615,0.01964000,20799.20000000,56713547,56713549,1782878164566351,True,True
36117616,0.01963000,5850.00000000,56713550,56713550,1782878164566351,True,True
36117617,0.01962000,22393.00000000,56713551,56713553,1782878164566351,True,True
36117618,0.01961000,3498.90000000,56713554,56713554,1782878164566351,True,True
36117619,0.01963000,10117.80000000,56713555,56713555,1782878219800274,True,True
36117620,0.01965000,2048.50000000,56713556,56713559,1782878414636575,False,True
36117621,0.01965000,13893.20000000,56713560,56713561,1782878445722604,True,True
36117622,0.01965000,14114.20000000,56713562,56713562,1782878445722627,True,True
36117623,0.01965000,10755.70000000,56713563,56713566,1782878445723771,True,True
36117624,0.01963000,394.90000000,56713567,56713567,1782878495909748,False,True
36117625,0.01966000,9575.00000000,56713568,56713570,1782878551026992,False,True
36117626,0.01966000,2443.40000000,56713571,56713572,1782878600408265,True,True
36117627,0.01966000,605.00000000,56713573,56713573,1782878600409507,True,True
36117628,0.01963000,4127.90000000,56713574,56713574,1782878631592948,True,True
36117629,0.01962000,3256.20000000,56713575,56713575,1782878717569113,True,True
36117630,0.01960000,4308.70000000,56713576,56713577,1782878717570226,True,True
36117631,0.01965000,4569.50000000,56713578,56713580,1782878798105728,False,True
36117632,0.01966000,7384.10000000,56713581,56713581,1782878828710870,True,True
36117633,0.01964000,14268.90000000,56713582,56713583,1782878828710870,True,True
36117634,0.01963000,534.60000000,56713584,56713584,1782878828710870,True,True
36117635,0.01963000,5213.00000000,56713585,56713586,1782878828757386,True,True
36117636,0.01961000,9471.90000000,56713587,56713589,1782878828757386,True,True
36117637,0.01966000,4330.00000000,56713590,56713591,1782878860352376,False,True
36117638,0.01967000,6195.90000000,56713592,56713592,1782878860352376,False,True
36117639,0.01970000,6738.60000000,56713593,56713594,1782878905551827,False,True
36117640,0.01971000,3054.20000000,56713595,56713595,1782878905552493,False,True
36117641,0.01972000,5850.00000000,56713596,56713596,1782878905552493,False,True
36117642,0.01974000,3015.60000000,56713597,56713597,1782878905830551,False,True
36117643,0.01975000,523.40000000,56713598,56713598,1782878905830551,False,True
36117644,0.01974000,1220.00000000,56713599,56713599,1782878920944268,False,True
36117645,0.01974000,287.80000000,56713600,56713600,1782878920945070,False,True
36117646,0.01975000,5364.80000000,56713601,56713601,1782878920945070,False,True
36117647,0.01974000,753.90000000,56713602,56713602,1782878920948082,False,True
36117648,0.01976000,754.00000000,56713603,56713603,1782878920971780,False,True
36117649,0.01977000,3043.40000000,56713604,56713604,1782878920971780,False,True
36117650,0.01978000,1265.20000000,56713605,56713605,1782878920971780,False,True
36117651,0.01978000,2551.50000000,56713606,56713606,1782878920972194,False,True
36117652,0.01978000,5487.20000000,56713607,56713608,1782878920993085,False,True
36117653,0.01979000,5736.00000000,56713609,56713609,1782878921047749,False,True
36117654,0.01980000,1255.30000000,56713610,56713610,1782878921049287,False,True
36117655,0.01982000,35964.40000000,56713611,56713611,1782878931321164,True,True
36117656,0.01984000,977.80000000,56713612,56713612,1782878998282025,True,True
36117657,0.01984000,700.00000000,56713613,56713613,1782879009871688,True,True
36117658,0.01986000,1464.90000000,56713614,56713614,1782879109457810,True,True
36117659,0.01982000,9682.00000000,56713615,56713615,1782879148938437,False,True
36117660,0.01980000,509.30000000,56713616,56713616,1782879148938533,False,True
36117661,0.01982000,3912.70000000,56713617,56713617,1782879148938533,False,True
36117662,0.01982000,7750.50000000,56713618,56713618,1782879176902842,False,True
36117663,0.01984000,3081.50000000,56713619,56713619,1782879177330186,False,True
36117664,0.01978000,655.90000000,56713620,56713620,1782879284330964,False,True
36117665,0.01978000,4013.00000000,56713621,56713621,1782879289536670,False,True
36117666,0.01980000,8617.30000000,56713622,56713624,1782879289536670,False,True
36117667,0.01978000,1010.00000000,56713625,56713625,1782879347446265,True,True
36117668,0.01978000,1010.00000000,56713626,56713626,1782879347446485,True,True
36117669,0.01978000,1010.00000000,56713627,56713627,1782879347448545,True,True
36117670,0.01978000,1010.00000000,56713628,56713628,1782879347448899,True,True
36117671,0.01975000,815.00000000,56713629,56713629,1782879350605667,False,True
36117672,0.01972000,6977.70000000,56713630,56713631,1782879365092629,True,True
36117673,0.01970000,1255.30000000,56713632,56713632,1782879365093059,True,True
36117674,0.01972000,5599.90000000,56713633,56713633,1782879365095582,True,True
36117675,0.01971000,507.00000000,56713634,56713634,1782879365101252,True,True
36117676,0.01971000,507.00000000,56713635,56713635,1782879365103277,True,True
36117677,0.01971000,2414.70000000,56713636,56713636,1782879365207725,True,True
36117678,0.01967000,1731.50000000,56713637,56713637,1782879422069518,True,True
36117679,0.01967000,867.50000000,56713638,56713638,1782879422072255,True,True
36117680,0.01967000,867.60000000,56713639,56713639,1782879422075320,True,True
36117681,0.01964000,966.00000000,56713640,56713640,1782879442751640,True,True
36117682,0.01964000,966.00000000,56713641,56713641,1782879442751944,True,True
36117683,0.01967000,395.50000000,56713642,56713642,1782879450656371,False,True
36117684,0.01972000,5045.60000000,56713643,56713643,1782879460880725,True,True
36117685,0.01970000,6378.60000000,56713644,56713644,1782879467439372,True,True
36117686,0.01969000,15508.30000000,56713645,56713645,1782879467439372,True,True
36117687,0.01968000,47123.20000000,56713646,56713647,1782879467439372,True,True
36117688,0.01968000,36139.00000000,56713648,56713648,1782879467440916,False,True
36117689,0.01963000,5020.00000000,56713649,56713650,1782879467442373,True,True
36117690,0.01964000,396.30000000,56713651,56713651,1782879490180747,True,True
36117691,0.01960000,1255.30000000,56713652,56713652,1782879527155051,True,True
36117692,0.01959000,13158.10000000,56713653,56713653,1782879527156853,True,True
36117693,0.01964000,507.10000000,56713654,56713655,1782879600684047,False,True
36117694,0.01968000,4046.60000000,56713656,56713656,1782879641468021,False,True
36117695,0.01969000,505.60000000,56713657,56713657,1782879700171431,False,True
36117696,0.01970000,7879.20000000,56713658,56713659,1782879710952716,False,True
36117697,0.01967000,396.50000000,56713660,56713660,1782879723314685,True,True
36117698,0.01965000,3206.00000000,56713661,56713661,1782879785984905,True,True
36117699,0.01965000,3206.00000000,56713662,56713662,1782879785985022,True,True
36117700,0.01965000,6.00000000,56713663,56713663,1782879785985159,True,True
36117701,0.01965000,1628.00000000,56713664,56713664,1782879785986409,True,True
36117702,0.01965000,1628.00000000,56713665,56713665,1782879785986890,True,True
36117703,0.01965000,58.50000000,56713666,56713666,1782879785987364,True,True
36117704,0.01965000,22035.00000000,56713667,56713667,1782879791622902,True,True
36117705,0.01965000,19978.00000000,56713668,56713668,1782879791623082,True,True
36117706,0.01965000,2067.60000000,56713669,56713669,1782879791623190,True,True
36117707,0.01966000,3678.10000000,56713670,56713670,1782879791709884,False,True
36117708,0.01967000,3778.30000000,56713671,56713671,1782879791709884,False,True
36117709,0.01965000,1984.00000000,56713672,56713672,1782879809274322,True,True
36117710,0.01965000,1984.00000000,56713673,56713673,1782879809274343,True,True
36117711,0.01965000,66.30000000,56713674,56713674,1782879809274396,True,True
36117712,0.01964000,509.50000000,56713675,56713675,1782879812482330,True,True
36117713,0.01960000,508.10000000,56713676,56713676,1782880020008118,True,True
36117714,0.01960000,509.40000000,56713677,56713677,1782880020008398,True,True
36117715,0.01960000,1901.80000000,56713678,56713679,1782880020009454,True,True
36117716,0.01956000,4088.90000000,56713680,56713680,1782880151878497,True,True
36117717,0.01955000,4936.60000000,56713681,56713682,1782880151878497,True,True
36117718,0.01954000,44628.10000000,56713683,56713684,1782880151878497,True,True
36117719,0.01951000,5850.00000000,56713685,56713685,1782880151878497,True,True
36117720,0.01950000,9504.60000000,56713686,56713691,1782880151878497,True,True
36117721,0.01950000,512.90000000,56713692,56713692,1782880151880964,False,True
36117722,0.01950000,4204.00000000,56713693,56713693,1782880151881311,False,True
36117723,0.01950000,4204.00000000,56713694,56713694,1782880151881471,False,True
36117724,0.01950000,4204.00000000,56713695,56713695,1782880151881586,False,True
36117725,0.01950000,1232.00000000,56713696,56713696,1782880151882512,False,True
36117726,0.01950000,1232.00000000,56713697,56713697,1782880151883075,False,True
36117727,0.01950000,1232.00000000,56713698,56713698,1782880151883322,False,True
36117728,0.01950000,35750.00000000,56713699,56713699,1782880151885551,False,True
36117729,0.01950000,1779.60000000,56713700,56713700,1782880151886573,False,True
36117730,0.01950000,1290.00000000,56713701,56713701,1782880151887384,False,True
36117731,0.01950000,2464.00000000,56713702,56713702,1782880151887438,False,True
36117732,0.01950000,2561.40000000,56713703,56713703,1782880151890899,False,True
36117733,0.01950000,2462.20000000,56713704,56713704,1782880151892587,False,True
36117734,0.01950000,8624.00000000,56713705,56713705,1782880151893395,False,True
36117735,0.01950000,2415.50000000,56713706,56713706,1782880151895981,False,True
36117736,0.01950000,24640.00000000,56713707,56713707,1782880151897690,False,True
36117737,0.01950000,9575.00000000,56713708,56713708,1782880151898047,False,True
36117738,0.01950000,49280.00000000,56713709,56713709,1782880151905232,False,True
36117739,0.01949000,1236.50000000,56713710,56713711,1782880151906188,True,True
36117740,0.01950000,33664.10000000,56713712,56713712,1782880151906948,False,True
36117741,0.01950000,13588.90000000,56713713,56713713,1782880151915270,False,True
36117742,0.01949000,4647.70000000,56713714,56713714,1782880151915445,True,True
36117743,0.01950000,49280.00000000,56713715,56713715,1782880151919203,False,True
36117744,0.01950000,49440.00000000,56713716,56713716,1782880151924757,False,True
36117745,0.01950000,49440.00000000,56713717,56713717,1782880151929346,False,True
36117746,0.01950000,513.00000000,56713718,56713718,1782880151931386,False,True
36117747,0.01950000,26170.20000000,56713719,56713719,1782880151936505,False,True
36117748,0.01953000,4136.20000000,56713720,56713720,1782880153745679,False,True
36117749,0.01956000,4177.10000000,56713721,56713721,1782880170831263,False,True
36117750,0.01958000,17829.10000000,56713722,56713724,1782880170831263,False,True
36117751,0.01955000,907.90000000,56713725,56713725,1782880183094125,True,True
36117752,0.01957000,2554.90000000,56713726,56713726,1782880212354684,True,True
36117753,0.01954000,399.10000000,56713727,56713727,1782880269920475,True,True
36117754,0.01952000,399.10000000,56713728,56713728,1782880269928597,True,True
36117755,0.01954000,398.20000000,56713729,56713729,1782880280271655,False,True
36117756,0.01952000,6485.30000000,56713730,56713730,1782880282743665,True,True
36117757,0.01952000,3328.00000000,56713731,56713731,1782880491802582,True,True
36117758,0.01952000,3328.00000000,56713732,56713732,1782880491802705,True,True
36117759,0.01952000,1023.00000000,56713733,56713733,1782880491805771,True,True
36117760,0.01952000,1023.00000000,56713734,56713734,1782880491806035,True,True
36117761,0.01952000,523.20000000,56713735,56713735,1782880495716779,True,True
36117762,0.01956000,6796.60000000,56713736,56713739,1782880585471148,True,True
36117763,0.01956000,3732.00000000,56713740,56713740,1782880610689369,False,True
36117764,0.01956000,30.60000000,56713741,56713741,1782880610689380,False,True
36117765,0.01957000,3701.40000000,56713742,56713742,1782880610689380,False,True
36117766,0.01957000,3732.00000000,56713743,56713744,1782880610689763,False,True
36117767,0.01957000,43285.50000000,56713745,56713745,1782880610691997,False,True
36117768,0.01960000,6906.20000000,56713746,56713747,1782880693559442,False,True
36117769,0.01960000,2039.00000000,56713748,56713748,1782880820939562,False,True
36117770,0.01960000,2039.00000000,56713749,56713749,1782880820939862,False,True
36117771,0.01960000,40.60000000,56713750,56713750,1782880820939975,False,True
