6276136,0.00206000,95615.00000000,11729404,11729406,1782864000514420,False,True
6276137,0.00206000,14360.00000000,11729407,11729407,1782864000632296,False,True
6276138,0.00206000,56266.00000000,11729408,11729408,1782864000632970,False,True
6276139,0.00206000,3650.00000000,11729409,11729409,1782864000642810,False,True
6276140,0.00206000,3650.00000000,11729410,11729410,1782864000642826,False,True
6276141,0.00206000,3650.00000000,11729411,11729411,1782864000642853,False,True
6276142,0.00206000,3650.00000000,11729412,11729412,1782864000643108,False,True
6276143,0.00206000,3650.00000000,11729413,11729413,1782864000643719,False,True
6276144,0.00206000,3650.00000000,11729414,11729414,1782864000643772,False,True
6276145,0.00206000,100000.00000000,11729415,11729415,1782864000650228,False,True
6276146,0.00206000,23503.00000000,11729416,11729417,1782864000651629,False,True
6276147,0.00206000,9392.00000000,11729418,11729418,1782864009794901,False,True
6276148,0.00206000,66758.00000000,11729419,11729419,1782864010465572,False,True
6276149,0.00206000,3632.00000000,11729420,11729420,1782864012241094,True,True
6276150,0.00206000,3632.00000000,11729421,11729421,1782864012241232,True,True
6276151,0.00206000,87165.00000000,11729422,11729423,1782864012241236,True,True
6276152,0.00206000,3632.00000000,11729424,11729424,1782864012241246,True,True
6276153,0.00206000,3632.00000000,11729425,11729425,1782864012241281,True,True
6276154,0.00206000,3632.00000000,11729426,11729426,1782864012241354,True,True
6276155,0.00206000,3632.00000000,11729427,11729427,1782864012241359,True,True
6276156,0.00206000,3632.00000000,11729428,11729428,1782864012241394,True,True
6276157,0.00206000,132727.00000000,11729429,11729430,1782864012241477,True,True
6276158,0.00206000,340778.00000000,11729431,11729431,1782864012241562,True,True
6276159,0.00205000,9312.00000000,11729432,11729432,1782864013569184,True,True
6276160,0.00205000,7297.00000000,11729433,11729433,1782864021984064,True,True
6276161,0.00205000,3650.00000000,11729434,11729434,1782864022250359,True,True
6276162,0.00205000,3650.00000000,11729435,11729435,1782864022250363,True,True
6276163,0.00205000,9153.00000000,11729436,11729436,1782864022250440,True,True
6276164,0.00205000,16609.00000000,11729437,11729438,1782864022250569,True,True
6276165,0.00205000,12192.00000000,11729439,11729439,1782864022254863,True,True
6276166,0.00205000,39114.00000000,11729440,11729440,1782864022268749,True,True
6276167,0.00205000,216069.00000000,11729441,11729442,1782864022270474,True,True
6276168,0.00204000,30624.00000000,11729443,11729443,1782864022271753,True,True
6276169,0.00205000,73322.00000000,11729444,11729444,1782864023235363,False,True
6276170,0.00204000,60684.00000000,11729445,11729447,1782864030811157,True,True
6276171,0.00204000,795612.00000000,11729448,11729453,1782864030811200,True,True
6276172,0.00204000,440308.00000000,11729454,11729455,1782864030812627,False,True
6276173,0.00204000,440308.00000000,11729456,11729457,1782864030812890,False,True
6276174,0.00204000,143224.00000000,11729458,11729458,1782864030813410,False,True
6276175,0.00204000,188171.00000000,11729459,11729459,1782864030814100,False,True
6276176,0.00204000,9803.00000000,11729460,11729460,1782864030815468,True,True
6276177,0.00203000,178367.00000000,11729461,11729462,1782864030815468,True,True
6276178,0.00203000,104175.00000000,11729463,11729465,1782864030819378,True,True
6276179,0.00203000,12246.00000000,11729466,11729467,1782864030825888,True,True
6276180,0.00203000,31657.00000000,11729468,11729468,1782864030883955,True,True
6276181,0.00204000,6329.00000000,11729469,11729469,1782864030956402,False,True
6276182,0.00204000,92229.00000000,11729470,11729470,1782864031231258,False,True
6276183,0.00203000,105226.00000000,11729471,11729471,1782864032257491,True,True
6276184,0.00203000,27267.00000000,11729472,11729472,1782864032257871,True,True
6276185,0.00203000,62145.00000000,11729473,11729474,1782864032257964,True,True
6276186,0.00203000,12296.00000000,11729475,11729475,1782864032262523,True,True
6276187,0.00203000,37999.00000000,11729476,11729476,1782864040647938,True,True
6276188,0.00203000,56336.00000000,11729477,11729477,1782864041077784,False,True
6276189,0.00203000,83892.00000000,11729478,11729478,1782864041230926,False,True
6276190,0.00202000,61481.00000000,11729479,11729479,1782864042266005,True,True
6276191,0.00202000,356329.00000000,11729480,11729495,1782864042266005,True,True
6276192,0.00201000,119384.00000000,11729496,11729497,1782864042266005,True,True
6276193,0.00201000,12019.00000000,11729498,11729498,1782864042266005,True,True
6276194,0.00202000,95924.00000000,11729499,11729499,1782864042269715,False,True
6276195,0.00202000,137453.00000000,11729500,11729500,1782864042270282,False,True
6276196,0.00202000,186138.00000000,11729501,11729501,1782864042305556,False,True
6276197,0.00202000,462.00000000,11729502,11729502,1782864042305683,False,True
6276198,0.00202000,18252.00000000,11729503,11729503,1782864042307903,False,True
6276199,0.00203000,124972.00000000,11729504,11729505,1782864042307903,False,True
6276200,0.00202000,4950.00000000,11729506,11729506,1782864042585472,True,True
6276201,0.00202000,323597.00000000,11729507,11729512,1782864044060223,True,True
6276202,0.00202000,9900.00000000,11729513,11729513,1782864046746962,True,True
6276203,0.00202000,151485.00000000,11729514,11729514,1782864046748349,False,True
6276204,0.00202000,136.00000000,11729515,11729515,1782864046748401,False,True
6276205,0.00202000,151485.00000000,11729516,11729516,1782864046748834,False,True
6276206,0.00202000,144002.00000000,11729517,11729517,1782864046748858,False,True
6276207,0.00202000,143224.00000000,11729518,11729518,1782864046749748,False,True
6276208,0.00202000,52476.00000000,11729519,11729519,1782864046750040,False,True
6276209,0.00202000,190099.00000000,11729520,11729520,1782864046873945,False,True
6276210,0.00202000,257.00000000,11729521,11729521,1782864046874017,False,True
6276211,0.00203000,143224.00000000,11729522,11729522,1782864046875074,False,True
6276212,0.00202000,198514.00000000,11729523,11729523,1782864047055408,False,True
6276213,0.00202000,465.00000000,11729524,11729524,1782864047055607,False,True
6276214,0.00203000,143224.00000000,11729525,11729526,1782864047057911,False,True
6276215,0.00202000,3704.00000000,11729527,11729527,1782864052273767,True,True
6276216,0.00202000,3704.00000000,11729528,11729528,1782864052273791,True,True
6276217,0.00202000,155946.00000000,11729529,11729530,1782864052273860,True,True
6276218,0.00202000,3704.00000000,11729531,11729531,1782864052273874,True,True
6276219,0.00202000,3704.00000000,11729532,11729532,1782864052273983,True,True
6276220,0.00202000,3704.00000000,11729533,11729533,1782864052274010,True,True
6276221,0.00202000,3704.00000000,11729534,11729534,1782864052274232,True,True
6276222,0.00202000,31679.00000000,11729535,11729537,1782864052276335,True,True
6276223,0.00202000,288118.00000000,11729538,11729538,1782864052278443,False,True
6276224,0.00202000,49504.00000000,11729539,11729540,1782864052279603,False,True
6276225,0.00202000,224484.00000000,11729541,11729542,1782864052279735,False,True
6276226,0.00202000,99167.00000000,11729543,11729543,1782864052279755,False,True
6276227,0.00202000,44057.00000000,11729544,11729544,1782864052280814,True,True
6276228,0.00201000,5446.00000000,11729545,11729545,1782864052280814,True,True
6276229,0.00202000,116135.00000000,11729546,11729547,1782864052281038,False,True
6276230,0.00202000,9900.00000000,11729548,11729548,1782864052281584,True,True
6276231,0.00201000,665696.00000000,11729549,11729559,1782864052281584,True,True
6276232,0.00201000,6510.00000000,11729560,11729560,1782864052281938,True,True
6276233,0.00201000,116134.00000000,11729561,11729562,1782864052282497,True,True
6276234,0.00202000,166480.00000000,11729563,11729563,1782864053240182,False,True
6276235,0.00201000,3723.00000000,11729564,11729564,1782864060767718,True,True
6276236,0.00201000,3723.00000000,11729565,11729565,1782864060767781,True,True
6276237,0.00201000,3723.00000000,11729566,11729567,1782864060767797,True,True
6276238,0.00201000,3723.00000000,11729568,11729568,1782864060767936,True,True
6276239,0.00201000,3723.00000000,11729569,11729570,1782864060767944,True,True
6276240,0.00201000,3723.00000000,11729571,11729572,1782864060767990,True,True
6276241,0.00201000,196225.00000000,11729573,11729574,1782864060768010,True,True
6276242,0.00201000,6842.00000000,11729575,11729575,1782864060920476,False,True
6276243,0.00201000,211240.00000000,11729576,11729576,1782864061236162,False,True
6276244,0.00200000,4873.00000000,11729577,11729577,1782864062508678,True,True
6276245,0.00200000,478280.00000000,11729578,11729581,1782864062508678,True,True
6276246,0.00200000,18665.00000000,11729582,11729583,1782864062508678,True,True
6276247,0.00200000,33809.00000000,11729584,11729584,1782864062508678,True,True
6276248,0.00200000,786231.00000000,11729585,11729593,1782864062508678,True,True
6276249,0.00200000,369499.00000000,11729594,11729594,1782864062509993,False,True
6276250,0.00200000,380.00000000,11729595,11729595,1782864062510099,False,True
6276251,0.00201000,143224.00000000,11729596,11729596,1782864062512282,False,True
6276252,0.00200000,143460.00000000,11729597,11729597,1782864062512843,True,True
6276253,0.00200000,15944.00000000,11729598,11729598,1782864062519510,True,True
6276254,0.00199000,34321.00000000,11729599,11729599,1782864062520356,True,True
6276255,0.00200000,56499.00000000,11729600,11729600,1782864062520552,False,True
6276256,0.00199000,56498.00000000,11729601,11729601,1782864062522119,True,True
6276257,0.00199000,94238.00000000,11729602,11729603,1782864062532334,True,True
6276258,0.00199000,53572.00000000,11729604,11729604,1782864062534993,False,True
6276259,0.00199000,53572.00000000,11729605,11729605,1782864062534999,False,True
6276260,0.00199000,53572.00000000,11729606,11729606,1782864062535002,False,True
6276261,0.00199000,53572.00000000,11729607,11729607,1782864062535077,False,True
6276262,0.00199000,53572.00000000,11729608,11729608,1782864062535327,False,True
6276263,0.00199000,53572.00000000,11729609,11729610,1782864062535529,False,True
6276264,0.00198000,400000.00000000,11729611,11729613,1782864062538820,True,True
6276265,0.00199000,17751.00000000,11729614,11729614,1782864062541377,False,True
6276266,0.00198000,45679.00000000,11729615,11729616,1782864062542178,True,True
6276267,0.00198000,15656.00000000,11729617,11729617,1782864062544219,True,True
6276268,0.00197000,1077.00000000,11729618,11729618,1782864062544219,True,True
6276269,0.00198000,10389.00000000,11729619,11729619,1782864062552799,False,True
6276270,0.00198000,46247.00000000,11729620,11729620,1782864062562959,False,True
6276271,0.00198000,224093.00000000,11729621,11729623,1782864062564440,False,True
6276272,0.00198000,224093.00000000,11729624,11729624,1782864062564542,False,True
6276273,0.00198000,224093.00000000,11729625,11729629,1782864062564648,False,True
6276274,0.00198000,55524.00000000,11729630,11729631,1782864062565900,False,True
6276275,0.00198000,123750.00000000,11729632,11729632,1782864062566919,False,True
6276276,0.00198000,14328.00000000,11729633,11729633,1782864062568100,False,True
6276277,0.00199000,5905.00000000,11729634,11729635,1782864062569669,False,True
6276278,0.00199000,6477.00000000,11729636,11729636,1782864062575428,False,True
6276279,0.00199000,45103.00000000,11729637,11729637,1782864062600683,False,True
6276280,0.00199000,27526.00000000,11729638,11729638,1782864062611473,False,True
6276281,0.00198000,12296.00000000,11729639,11729639,1782864062638598,True,True
6276282,0.00198000,87169.00000000,11729640,11729645,1782864062906752,True,True
6276283,0.00198000,5144.00000000,11729646,11729646,1782864063066165,True,True
6276284,0.00199000,476713.00000000,11729647,11729653,1782864063241470,False,True
6276285,0.00199000,80906.00000000,11729654,11729654,1782864063243035,False,True
6276286,0.00199000,273413.00000000,11729655,11729660,1782864063245599,False,True
6276287,0.00199000,7035.00000000,11729661,11729661,1782864063254118,True,True
6276288,0.00198000,5161.00000000,11729662,11729662,1782864063254118,True,True
6276289,0.00199000,7035.00000000,11729663,11729663,1782864063264913,True,True
6276290,0.00198000,9698.00000000,11729664,11729665,1782864063264913,True,True
6276291,0.00199000,16733.00000000,11729666,11729666,1782864063321043,True,True
6276292,0.00199000,16733.00000000,11729667,11729667,1782864063349657,True,True
6276293,0.00200000,35534.00000000,11729668,11729668,1782864063355560,False,True
6276294,0.00199000,14550.00000000,11729669,11729669,1782864063367047,True,True
6276295,0.00200000,12891.00000000,11729670,11729670,1782864064265771,False,True
6276296,0.00200000,40478.00000000,11729671,11729671,1782864064267103,False,True
6276297,0.00200000,78426.00000000,11729672,11729675,1782864064268831,False,True
6276298,0.00200000,29069.00000000,11729676,11729676,1782864064526840,False,True
6276299,0.00199000,48016.00000000,11729677,11729678,1782864064992424,True,True
6276300,0.00199000,12148.00000000,11729679,11729679,1782864065136677,True,True
6276301,0.00199000,56090.00000000,11729680,11729680,1782864065688042,False,True
6276302,0.00199000,170883.00000000,11729681,11729686,1782864066186783,False,True
6276303,0.00200000,40129.00000000,11729687,11729690,1782864067390799,False,True
6276304,0.00200000,77880.00000000,11729691,11729693,1782864067392192,False,True
6276305,0.00200000,13786.00000000,11729694,11729694,1782864067393124,False,True
6276306,0.00200000,25500.00000000,11729695,11729696,1782864067407367,False,True
6276307,0.00200000,31.00000000,11729697,11729697,1782864067407474,False,True
6276308,0.00201000,25531.00000000,11729698,11729698,1782864067409123,False,True
6276309,0.00200000,538392.00000000,11729699,11729702,1782864071778818,True,True
6276310,0.00199000,189705.00000000,11729703,11729705,1782864071778818,True,True
6276311,0.00200000,10000.00000000,11729706,11729706,1782864071780665,False,True
6276312,0.00201000,99256.00000000,11729707,11729707,1782864071781294,False,True
6276313,0.00200000,176499.00000000,11729708,11729708,1782864071782941,False,True
6276314,0.00200000,62.00000000,11729709,11729709,1782864071783077,False,True
6276315,0.00201000,9163.00000000,11729710,11729710,1782864076057691,False,True
6276316,0.00201000,9152.00000000,11729711,11729711,1782864076058442,False,True
6276317,0.00201000,9820.00000000,11729712,11729712,1782864083067733,False,True
6276318,0.00201000,9808.00000000,11729713,11729713,1782864083068942,False,True
6276319,0.00201000,861638.00000000,11729714,11729716,1782864083069305,False,True
6276320,0.00201000,3348.00000000,11729717,11729717,1782864083076942,True,True
6276321,0.00202000,2747.00000000,11729718,11729718,1782864092723444,False,True
6276322,0.00201000,3723.00000000,11729719,11729719,1782864107689979,True,True
6276323,0.00201000,3723.00000000,11729720,11729720,1782864107690035,True,True
6276324,0.00201000,3723.00000000,11729721,11729721,1782864107690040,True,True
6276325,0.00201000,184894.00000000,11729722,11729722,1782864107690080,True,True
6276326,0.00201000,219381.00000000,11729723,11729725,1782864108917861,False,True
6276327,0.00202000,1146298.00000000,11729726,11729736,1782864108917861,False,True
6276328,0.00201000,3723.00000000,11729737,11729737,1782864114454632,True,True
6276329,0.00201000,3723.00000000,11729738,11729738,1782864114454695,True,True
6276330,0.00201000,3723.00000000,11729739,11729740,1782864114454706,True,True
6276331,0.00201000,3723.00000000,11729741,11729741,1782864114454833,True,True
6276332,0.00201000,3723.00000000,11729742,11729742,1782864114454875,True,True
6276333,0.00201000,3723.00000000,11729743,11729743,1782864114454889,True,True
6276334,0.00201000,174499.00000000,11729744,11729744,1782864114456806,True,True
6276335,0.00200000,18817.00000000,11729745,11729745,1782864114470727,True,True
6276336,0.00200000,14308.00000000,11729746,11729746,1782864114475271,True,True
6276337,0.00201000,3723.00000000,11729747,11729747,1782864120744319,True,True
6276338,0.00201000,3723.00000000,11729748,11729748,1782864120744484,True,True
6276339,0.00201000,3723.00000000,11729749,11729749,1782864120744555,True,True
6276340,0.00201000,3723.00000000,11729750,11729750,1782864120744589,True,True
6276341,0.00201000,3723.00000000,11729751,11729751,1782864120744597,True,True
6276342,0.00201000,3723.00000000,11729752,11729752,1782864120744856,True,True
6276343,0.00201000,160093.00000000,11729753,11729753,1782864120747091,True,True
6276344,0.00201000,12499.00000000,11729754,11729754,1782864122149480,True,True
6276345,0.00201000,12440.00000000,11729755,11729755,1782864131409226,True,True
6276346,0.00201000,12438.00000000,11729756,11729756,1782864131555120,True,True
6276347,0.00201000,3723.00000000,11729757,11729757,1782864140038988,True,True
6276348,0.00201000,3723.00000000,11729758,11729758,1782864140039051,True,True
6276349,0.00201000,3723.00000000,11729759,11729759,1782864140039064,True,True
6276350,0.00201000,3723.00000000,11729760,11729760,1782864140039121,True,True
6276351,0.00201000,3723.00000000,11729761,11729761,1782864140039123,True,True
6276352,0.00201000,3723.00000000,11729762,11729762,1782864140039126,True,True
6276353,0.00201000,2603.00000000,11729763,11729763,1782864140039430,True,True
6276354,0.00201000,114721.00000000,11729764,11729764,1782864140041623,True,True
6276355,0.00201000,6326.00000000,11729765,11729765,1782864140042035,True,True
6276356,0.00201000,61144.00000000,11729766,11729766,1782864141986185,False,True
6276357,0.00201000,229904.00000000,11729767,11729768,1782864141988037,False,True
6276358,0.00201000,242785.00000000,11729769,11729769,1782864151411473,True,True
6276359,0.00201000,4841.00000000,11729770,11729770,1782864151413302,True,True
6276360,0.00201000,4750.00000000,11729771,11729771,1782864151413636,True,True
6276361,0.00201000,287383.00000000,11729772,11729773,1782864151414127,True,True
6276362,0.00200000,5852.00000000,11729774,11729774,1782864162667871,True,True
6276363,0.00200000,11295.00000000,11729775,11729775,1782864186033800,True,True
6276364,0.00201000,27384.00000000,11729776,11729777,1782864186631902,False,True
6276365,0.00201000,90995.00000000,11729778,11729778,1782864186633920,False,True
6276366,0.00201000,3351.00000000,11729779,11729779,1782864190118366,True,True
6276367,0.00201000,41368.00000000,11729780,11729781,1782864208000821,True,True
6276368,0.00202000,9878.00000000,11729782,11729782,1782864209803321,False,True
6276369,0.00202000,238177.00000000,11729783,11729785,1782864209804598,False,True
6276370,0.00203000,49751.00000000,11729786,11729786,1782864226835445,False,True
6276371,0.00203000,4938.00000000,11729787,11729787,1782864229488999,False,True
6276372,0.00204000,182724.00000000,11729788,11729790,1782864236996857,False,True
6276373,0.00204000,58823.00000000,11729791,11729794,1782864240061357,False,True
6276374,0.00203000,156862.00000000,11729795,11729795,1782864249603523,True,True
6276375,0.00203000,65728.00000000,11729796,11729797,1782864249604158,True,True
6276376,0.00203000,24315.00000000,11729798,11729798,1782864249605228,True,True
6276377,0.00203000,36997.00000000,11729799,11729799,1782864250714501,True,True
6276378,0.00203000,197851.00000000,11729800,11729800,1782864271180917,False,True
6276379,0.00204000,731372.00000000,11729801,11729803,1782864381212812,False,True
6276380,0.00204000,173501.00000000,11729804,11729806,1782864381214518,False,True
6276381,0.00204000,142947.00000000,11729807,11729807,1782864382700036,True,True
6276382,0.00204000,46812.00000000,11729808,11729808,1782864382701458,True,True
6276383,0.00204000,9803.00000000,11729809,11729809,1782864382704104,True,True
6276384,0.00204000,4889.00000000,11729810,11729810,1782864382707698,True,True
6276385,0.00204000,210940.00000000,11729811,11729813,1782864509892463,True,True
6276386,0.00203000,119832.00000000,11729814,11729814,1782864582319632,False,True
6276387,0.00203000,280934.00000000,11729815,11729822,1782864608502582,True,True
6276388,0.00203000,381000.00000000,11729823,11729832,1782864624493822,True,True
6276389,0.00203000,27308.00000000,11729833,11729834,1782864640902627,True,True
6276390,0.00203000,6708.00000000,11729835,11729835,1782864641762413,True,True
6276391,0.00203000,12667.00000000,11729836,11729836,1782864682786749,True,True
6276392,0.00203000,141145.00000000,11729837,11729837,1782864732135317,True,True
6276393,0.00203000,13441.00000000,11729838,11729838,1782864763299499,True,True
6276394,0.00203000,65707.00000000,11729839,11729844,1782864763299694,True,True
6276395,0.00203000,6896.00000000,11729845,11729845,1782864784965292,False,True
6276396,0.00203000,168967.00000000,11729846,11729846,1782864787257094,False,True
6276397,0.00203000,4938.00000000,11729847,11729847,1782864787259206,False,True
6276398,0.00203000,4890.00000000,11729848,11729848,1782864787259237,False,True
6276399,0.00203000,31.00000000,11729849,11729849,1782864787260645,False,True
6276400,0.00203000,300450.00000000,11729850,11729851,1782864791010218,False,True
6276401,0.00204000,415255.00000000,11729852,11729856,1782864840635862,False,True
6276402,0.00204000,415255.00000000,11729857,11729859,1782864840635897,False,True
6276403,0.00204000,285426.00000000,11729860,11729862,1782864840636034,False,True
6276404,0.00204000,346689.00000000,11729863,11729865,1782864855495518,True,True
6276405,0.00203000,13947.00000000,11729866,11729866,1782864863464720,True,True
6276406,0.00203000,62515.00000000,11729867,11729867,1782864863466584,True,True
6276407,0.00203000,117346.00000000,11729868,11729868,1782864863466768,True,True
6276408,0.00203000,40176.00000000,11729869,11729869,1782864871532109,False,True
6276409,0.00203000,74589.00000000,11729870,11729870,1782864876782995,False,True
6276410,0.00203000,48908.00000000,11729871,11729871,1782864876784449,False,True
6276411,0.00203000,48908.00000000,11729872,11729873,1782864876784516,False,True
6276412,0.00203000,48908.00000000,11729874,11729874,1782864876784599,False,True
6276413,0.00203000,2.00000000,11729875,11729875,1782864876784688,False,True
6276414,0.00203000,13701.00000000,11729876,11729876,1782864888588750,True,True
6276415,0.00204000,735294.00000000,11729877,11729879,1782864926314455,False,True
6276416,0.00204000,24509.00000000,11729880,11729880,1782864956727605,False,True
6276417,0.00203000,39959.00000000,11729881,11729881,1782865061916166,True,True
6276418,0.00203000,154441.00000000,11729882,11729882,1782865061918259,True,True
6276419,0.00202000,34981.00000000,11729883,11729883,1782865107429396,True,True
6276420,0.00202000,4937.00000000,11729884,11729884,1782865107827578,True,True
6276421,0.00202000,168128.00000000,11729885,11729886,1782865107827787,True,True
6276422,0.00201000,824953.00000000,11729887,11729897,1782865138328331,True,True
6276423,0.00201000,19796.00000000,11729898,11729898,1782865142103758,True,True
6276424,0.00201000,67197.00000000,11729899,11729899,1782865142103828,True,True
6276425,0.00200000,198450.00000000,11729900,11729900,1782865153201142,True,True
6276426,0.00201000,55721.00000000,11729901,11729901,1782865154394434,False,True
6276427,0.00200000,13970.00000000,11729902,11729902,1782865181425279,True,True
6276428,0.00200000,96252.00000000,11729903,11729903,1782865206458688,True,True
6276429,0.00200000,41467.00000000,11729904,11729904,1782865232150367,False,True
6276430,0.00200000,166040.00000000,11729905,11729906,1782865232152474,False,True
6276431,0.00200000,244347.00000000,11729907,11729908,1782865381393535,False,True
6276432,0.00200000,125967.00000000,11729909,11729909,1782865383116637,False,True
6276433,0.00200000,109900.00000000,11729910,11729912,1782865383116673,False,True
6276434,0.00200000,216237.00000000,11729913,11729913,1782865383116688,False,True
6276435,0.00200000,246101.00000000,11729914,11729914,1782865383116724,False,True
6276436,0.00200000,267775.00000000,11729915,11729917,1782865383117142,False,True
6276437,0.00201000,31289.00000000,11729918,11729918,1782865390338334,False,True
6276438,0.00201000,401.00000000,11729919,11729919,1782865390340651,False,True
6276439,0.00201000,215941.00000000,11729920,11729922,1782865395966520,True,True
6276440,0.00201000,32765.00000000,11729923,11729925,1782865435810253,True,True
6276441,0.00202000,215414.00000000,11729926,11729927,1782865457392029,False,True
6276442,0.00203000,72568.00000000,11729928,11729928,1782865460265166,False,True
6276443,0.00202000,350556.00000000,11729929,11729943,1782865540135361,True,True
6276444,0.00202000,12376.00000000,11729944,11729944,1782865562721545,False,True
6276445,0.00202000,100932.00000000,11729945,11729945,1782865576474243,False,True
6276446,0.00203000,16739.00000000,11729946,11729946,1782865590073420,False,True
6276447,0.00202000,80815.00000000,11729947,11729948,1782865590353276,True,True
6276448,0.00202000,4938.00000000,11729949,11729949,1782865590356479,True,True
6276449,0.00202000,61847.00000000,11729950,11729950,1782865590428948,True,True
6276450,0.00202000,9900.00000000,11729951,11729951,1782865590431304,True,True
6276451,0.00201000,4381.00000000,11729952,11729952,1782865591551240,True,True
6276452,0.00202000,53764.00000000,11729953,11729953,1782865593028989,False,True
6276453,0.00202000,5730.00000000,11729954,11729954,1782865593041610,False,True
6276454,0.00202000,37707.00000000,11729955,11729955,1782865621850884,False,True
6276455,0.00202000,4962.00000000,11729956,11729956,1782865621854338,False,True
6276456,0.00202000,109900.00000000,11729957,11729958,1782865623120834,False,True
6276457,0.00202000,4962.00000000,11729959,11729959,1782865623123119,False,True
6276458,0.00202000,109900.00000000,11729960,11729961,1782865626771106,False,True
6276459,0.00203000,17595.00000000,11729962,11729962,1782865626835758,False,True
6276460,0.00202000,179023.00000000,11729963,11729963,1782865649887663,True,True
6276461,0.00201000,201978.00000000,11729964,11729966,1782865680563716,True,True
6276462,0.00202000,109900.00000000,11729967,11729967,1782865687888104,False,True
6276463,0.00201000,37707.00000000,11729968,11729969,1782865717361216,True,True
6276464,0.00201000,14816.00000000,11729970,11729970,1782865717405715,True,True
6276465,0.00201000,244233.00000000,11729971,11729972,1782865719207263,True,True
6276466,0.00201000,27057.00000000,11729973,11729973,1782865753240659,False,True
6276467,0.00201000,241658.00000000,11729974,11729975,1782865753242356,False,True
6276468,0.00201000,27057.00000000,11729976,11729976,1782865753243769,False,True
6276469,0.00201000,15415.00000000,11729977,11729977,1782865802504005,True,True
6276470,0.00201000,329700.00000000,11729978,11729980,1782865824562191,True,True
6276471,0.00201000,120656.00000000,11729981,11729982,1782865824563443,True,True
6276472,0.00201000,207998.00000000,11729983,11729984,1782865838294621,False,True
6276473,0.00202000,249137.00000000,11729985,11729988,1782865866918965,True,True
6276474,0.00201000,329289.00000000,11729989,11729991,1782865882961521,True,True
6276475,0.00201000,92970.00000000,11729992,11729992,1782865891163037,False,True
6276476,0.00201000,6603.00000000,11729993,11729993,1782865891243499,False,True
6276477,0.00201000,198046.00000000,11729994,11729996,1782865892059463,False,True
6276478,0.00201000,105560.00000000,11729997,11729997,1782865892061924,True,True
6276479,0.00201000,94306.00000000,11729998,11729999,1782865892061949,True,True
6276480,0.00201000,175526.00000000,11730000,11730000,1782865892061999,True,True
6276481,0.00200000,176119.00000000,11730001,11730002,1782865892062262,True,True
6276482,0.00200000,176119.00000000,11730003,11730004,1782865892062364,True,True
6276483,0.00201000,168680.00000000,11730005,11730005,1782865892064208,False,True
6276484,0.00200000,123750.00000000,11730006,11730007,1782865892064328,True,True
6276485,0.00200000,178217.00000000,11730008,11730010,1782865892065426,True,True
6276486,0.00200000,178217.00000000,11730011,11730012,1782865893167828,True,True
6276487,0.00200000,9537.00000000,11730013,11730013,1782865893169401,True,True
6276488,0.00200000,917777.00000000,11730014,11730030,1782865893575409,True,True
6276489,0.00200000,161175.00000000,11730031,11730031,1782865893576796,False,True
6276490,0.00200000,329700.00000000,11730032,11730032,1782865917518073,False,True
6276491,0.00200000,338069.00000000,11730033,11730033,1782865917520004,False,True
6276492,0.00200000,101742.00000000,11730034,11730034,1782865917735904,False,True
6276493,0.00200000,109900.00000000,11730035,11730035,1782865920366305,False,True
6276494,0.00200000,329700.00000000,11730036,11730036,1782865920645731,False,True
6276495,0.00200000,18494.00000000,11730037,11730037,1782865920646085,False,True
6276496,0.00200000,755592.00000000,11730038,11730041,1782865920648243,False,True
6276497,0.00200000,200000.00000000,11730042,11730043,1782865926212063,True,True
6276498,0.00200000,16553.00000000,11730044,11730045,1782865926212223,True,True
6276499,0.00200000,165685.00000000,11730046,11730046,1782865987918140,False,True
6276500,0.00200000,28435.00000000,11730047,11730047,1782865987927635,False,True
6276501,0.00200000,37711.00000000,11730048,11730051,1782865995705107,True,True
6276502,0.00200000,30947.00000000,11730052,11730053,1782865995707766,True,True
6276503,0.00200000,52154.00000000,11730054,11730054,1782865995708883,True,True
6276504,0.00200000,4961.00000000,11730055,11730055,1782865995711424,True,True
6276505,0.00200000,188735.00000000,11730056,11730059,1782866000983151,True,True
6276506,0.00200000,44032.00000000,11730060,11730060,1782866065258255,False,True
6276507,0.00200000,22003.00000000,11730061,11730062,1782866108397268,False,True
6276508,0.00200000,74170.00000000,11730063,11730063,1782866110363502,False,True
6276509,0.00200000,5012.00000000,11730064,11730064,1782866110365402,False,True
6276510,0.00200000,81431.00000000,11730065,11730065,1782866113369216,False,True
6276511,0.00200000,741231.00000000,11730066,11730079,1782866118802110,True,True
6276512,0.00199000,259127.00000000,11730080,11730081,1782866118802110,True,True
6276513,0.00199000,316934.00000000,11730082,11730084,1782866118802135,True,True
6276514,0.00199000,339012.00000000,11730085,11730088,1782866118802174,True,True
6276515,0.00199000,988577.00000000,11730089,11730102,1782866118802306,True,True
6276516,0.00198000,123750.00000000,11730103,11730103,1782866118812582,True,True
6276517,0.00199000,61811.00000000,11730104,11730104,1782866119036972,False,True
6276518,0.00199000,12124.00000000,11730105,11730105,1782866119300048,False,True
6276519,0.00199000,24248.00000000,11730106,11730106,1782866119305445,False,True
6276520,0.00199000,84868.00000000,11730107,11730107,1782866119309840,False,True
6276521,0.00199000,25996.00000000,11730108,11730109,1782866119326996,False,True
6276522,0.00199000,60760.00000000,11730110,11730110,1782866148071583,True,True
6276523,0.00200000,6959.00000000,11730111,11730111,1782866158573629,False,True
6276524,0.00199000,117570.00000000,11730112,11730115,1782866175232452,True,True
6276525,0.00199000,9728.00000000,11730116,11730116,1782866245816907,True,True
6276526,0.00199000,4184.00000000,11730117,11730117,1782866249195968,True,True
6276527,0.00200000,50000.00000000,11730118,11730119,1782866290363055,False,True
6276528,0.00200000,62629.00000000,11730120,11730120,1782866306865515,False,True
6276529,0.00200000,62629.00000000,11730121,11730121,1782866306865548,False,True
6276530,0.00200000,62629.00000000,11730122,11730122,1782866306865764,False,True
6276531,0.00200000,1.00000000,11730123,11730123,1782866306865819,False,True
6276532,0.00200000,66035.00000000,11730124,11730124,1782866319759869,True,True
6276533,0.00200000,4987.00000000,11730125,11730125,1782866319762343,True,True
6276534,0.00200000,4962.00000000,11730126,11730127,1782866319763212,True,True
6276535,0.00200000,66172.00000000,11730128,11730128,1782866336772028,False,True
6276536,0.00200000,249519.00000000,11730129,11730130,1782866340620077,False,True
6276537,0.00200000,188189.00000000,11730131,11730132,1782866348639760,True,True
6276538,0.00199000,131062.00000000,11730133,11730134,1782866348641086,True,True
6276539,0.00199000,18817.00000000,11730135,11730135,1782866348641298,True,True
6276540,0.00199000,4301.00000000,11730136,11730136,1782866534334253,True,True
6276541,0.00199000,10990.00000000,11730137,11730137,1782866545343540,True,True
6276542,0.00199000,53425.00000000,11730138,11730138,1782866558266230,True,True
6276543,0.00199000,180382.00000000,11730139,11730140,1782866581678163,True,True
6276544,0.00199000,662550.00000000,11730141,11730149,1782866599473107,True,True
6276545,0.00199000,13441.00000000,11730150,11730151,1782866702455678,True,True
6276546,0.00199000,38477.00000000,11730152,11730155,1782866702455866,True,True
6276547,0.00200000,10362.00000000,11730156,11730156,1782866801367610,False,True
6276548,0.00199000,424103.00000000,11730157,11730166,1782866801849120,True,True
6276549,0.00199000,63122.00000000,11730167,11730167,1782866814523483,True,True
6276550,0.00200000,189867.00000000,11730168,11730169,1782866820620679,False,True
6276551,0.00200000,32815.00000000,11730170,11730170,1782866823789045,True,True
6276552,0.00200000,27566.00000000,11730171,11730171,1782866863775024,True,True
6276553,0.00200000,38046.00000000,11730172,11730172,1782866883794036,True,True
6276554,0.00200000,33305.00000000,11730173,11730173,1782866918794770,True,True
6276555,0.00201000,2606.00000000,11730174,11730174,1782866920573178,False,True
6276556,0.00200000,17098.00000000,11730175,11730175,1782866943788206,True,True
6276557,0.00200000,38109.00000000,11730176,11730177,1782866958783033,True,True
6276558,0.00201000,74590.00000000,11730178,11730181,1782866988863086,False,True
6276559,0.00200000,41051.00000000,11730182,11730182,1782867003788404,True,True
6276560,0.00201000,155208.00000000,11730183,11730183,1782867020919871,False,True
6276561,0.00202000,27627.00000000,11730184,11730184,1782867020919871,False,True
6276562,0.00201000,35651.00000000,11730185,11730185,1782867043777851,True,True
6276563,0.00201000,28244.00000000,11730186,11730186,1782867063599313,True,True
6276564,0.00201000,40977.00000000,11730187,11730187,1782867063801522,True,True
6276565,0.00201000,44579.00000000,11730188,11730191,1782867103777401,True,True
6276566,0.00201000,23895.00000000,11730192,11730194,1782867123797212,True,True
6276567,0.00201000,66172.00000000,11730195,11730195,1782867126002729,True,True
6276568,0.00201000,68392.00000000,11730196,11730196,1782867126008109,False,True
6276569,0.00201000,68392.00000000,11730197,11730197,1782867126008226,False,True
6276570,0.00201000,68392.00000000,11730198,11730198,1782867126008388,False,True
6276571,0.00201000,4963.00000000,11730199,11730199,1782867126012482,False,True
6276572,0.00201000,4987.00000000,11730200,11730200,1782867126012486,False,True
6276573,0.00200000,18989.00000000,11730201,11730202,1782867148792288,True,True
6276574,0.00200000,443283.00000000,11730203,11730214,1782867169393241,True,True
6276575,0.00200000,99602.00000000,11730215,11730215,1782867169396993,False,True
6276576,0.00200000,36570.00000000,11730216,11730217,1782867169397117,False,True
6276577,0.00199000,18135.00000000,11730218,11730218,1782867173783892,True,True
6276578,0.00199000,35643.00000000,11730219,11730220,1782867183796586,True,True
6276579,0.00199000,105308.00000000,11730221,11730222,1782867193474359,True,True
6276580,0.00199000,200000.00000000,11730223,11730224,1782867193474396,True,True
6276581,0.00199000,200000.00000000,11730225,11730234,1782867193474401,True,True
6276582,0.00199000,50180.00000000,11730235,11730237,1782867193474455,True,True
6276583,0.00199000,4862.00000000,11730238,11730238,1782867200401922,False,True
6276584,0.00198000,11448.00000000,11730239,11730239,1782867211783475,True,True
6276585,0.00198000,39114.00000000,11730240,11730241,1782867216116247,True,True
6276586,0.00198000,131062.00000000,11730242,11730243,1782867216116454,True,True
6276587,0.00198000,144958.00000000,11730244,11730249,1782867216118165,True,True
6276588,0.00198000,4986.00000000,11730250,11730250,1782867216120262,True,True
6276589,0.00198000,130000.00000000,11730251,11730255,1782867216121519,True,True
6276590,0.00198000,35006.00000000,11730256,11730256,1782867218782457,True,True
6276591,0.00198000,4987.00000000,11730257,11730257,1782867218785341,True,True
6276592,0.00198000,40518.00000000,11730258,11730258,1782867243805368,True,True
6276593,0.00198000,98709.00000000,11730259,11730260,1782867270669140,True,True
6276594,0.00197000,38298.00000000,11730261,11730261,1782867273783741,True,True
6276595,0.00198000,85804.00000000,11730262,11730262,1782867303409318,False,True
6276596,0.00197000,45589.00000000,11730263,11730264,1782867303798061,True,True
6276597,0.00197000,10990.00000000,11730265,11730265,1782867312768453,True,True
6276598,0.00197000,29279.00000000,11730266,11730266,1782867343783450,True,True
6276599,0.00197000,21974.00000000,11730267,11730267,1782867363794803,True,True
6276600,0.00197000,25091.00000000,11730268,11730269,1782867388783966,True,True
6276601,0.00197000,16792.00000000,11730270,11730270,1782867423789018,True,True
6276602,0.00197000,80948.00000000,11730271,11730272,1782867425124644,True,True
6276603,0.00197000,29276.00000000,11730273,11730273,1782867443775207,True,True
6276604,0.00197000,37164.00000000,11730274,11730274,1782867468783080,True,True
6276605,0.00197000,43139.00000000,11730275,11730275,1782867483789207,True,True
6276606,0.00197000,319676.00000000,11730276,11730276,1782867486985252,True,True
6276607,0.00197000,184984.00000000,11730277,11730279,1782867486985489,True,True
6276608,0.00197000,315160.00000000,11730280,11730289,1782867486985641,True,True
6276609,0.00196000,27589.00000000,11730290,11730290,1782867486985641,True,True
6276610,0.00196000,14884.00000000,11730291,11730291,1782867486985641,True,True
6276611,0.00196000,14885.00000000,11730292,11730292,1782867486985641,True,True
6276612,0.00196000,24484.00000000,11730293,11730293,1782867486985641,True,True
6276613,0.00197000,56290.00000000,11730294,11730294,1782867486987984,False,True
6276614,0.00196000,141772.00000000,11730295,11730297,1782867488297742,True,True
6276615,0.00197000,104753.00000000,11730298,11730298,1782867502344720,False,True
6276616,0.00196000,25324.00000000,11730299,11730299,1782867523776125,True,True
6276617,0.00196000,46263.00000000,11730300,11730304,1782867543789241,True,True
6276618,0.00196000,4197.00000000,11730305,11730305,1782867546817935,True,True
6276619,0.00196000,31699.00000000,11730306,11730307,1782867583777708,True,True
6276620,0.00196000,7375.00000000,11730308,11730309,1782867584884816,True,True
6276621,0.00196000,23575.00000000,11730310,11730312,1782867604143763,True,True
6276622,0.00196000,5115.00000000,11730313,11730313,1782867614338440,False,True
6276623,0.00196000,5115.00000000,11730314,11730314,1782867614340587,False,True
6276624,0.00196000,6522.00000000,11730315,11730315,1782867614414115,False,True
6276625,0.00196000,15229.00000000,11730316,11730317,1782867636542011,False,True
6276626,0.00195000,323239.00000000,11730318,11730318,1782867647460647,True,True
6276627,0.00195000,5260.00000000,11730319,11730319,1782867647460647,True,True
6276628,0.00195000,250376.00000000,11730320,11730322,1782867647460779,True,True
6276629,0.00195000,228540.00000000,11730323,11730326,1782867647460780,True,True
6276630,0.00195000,12078.00000000,11730327,11730327,1782867657623766,True,True
6276631,0.00195000,124052.00000000,11730328,11730328,1782867684613081,True,True
6276632,0.00196000,4249.00000000,11730329,11730329,1782867691459516,False,True
6276633,0.00196000,385004.00000000,11730330,11730333,1782867692114374,False,True
6276634,0.00195000,210435.00000000,11730334,11730334,1782867748107260,True,True
6276635,0.00195000,196048.00000000,11730335,11730347,1782867748107352,True,True
6276636,0.00195000,188173.00000000,11730348,11730349,1782867748108684,True,True
6276637,0.00195000,15276.00000000,11730350,11730351,1782867773933538,True,True
6276638,0.00195000,6440.00000000,11730352,11730352,1782867773963287,True,True
6276639,0.00195000,87708.00000000,11730353,11730358,1782867818182874,True,True
6276640,0.00194000,6507.00000000,11730359,11730359,1782867882999609,True,True
6276641,0.00194000,97683.00000000,11730360,11730360,1782867957264307,True,True
6276642,0.00194000,28272.00000000,11730361,11730362,1782867971730389,True,True
6276643,0.00194000,2578.00000000,11730363,11730363,1782867985746754,True,True
6276644,0.00194000,721307.00000000,11730364,11730370,1782868003351809,True,True
6276645,0.00194000,15617.00000000,11730371,11730371,1782868003353384,True,True
6276646,0.00194000,77301.00000000,11730372,11730372,1782868004235194,False,True
6276647,0.00194000,44214.00000000,11730373,11730374,1782868035923792,False,True
6276648,0.00194000,6592.00000000,11730375,11730375,1782868035923895,False,True
6276649,0.00194000,52820.00000000,11730376,11730376,1782868035927302,True,True
6276650,0.00194000,24225.00000000,11730377,11730377,1782868035927395,True,True
6276651,0.00194000,9837.00000000,11730378,11730378,1782868035927500,True,True
6276652,0.00194000,635810.00000000,11730379,11730380,1782868035927887,True,True
6276653,0.00194000,150000.00000000,11730381,11730382,1782868051344495,False,True
6276654,0.00193000,384618.00000000,11730383,11730385,1782868065699437,True,True
6276655,0.00194000,3092.00000000,11730386,11730386,1782868069901569,False,True
6276656,0.00193000,84657.00000000,11730387,11730388,1782868080837055,True,True
6276657,0.00193000,49985.00000000,11730389,11730389,1782868142711829,True,True
6276658,0.00193000,690487.00000000,11730390,11730392,1782868142711848,True,True
6276659,0.00193000,398335.00000000,11730393,11730394,1782868142712057,True,True
6276660,0.00194000,151679.00000000,11730395,11730395,1782868180184976,False,True
6276661,0.00194000,406137.00000000,11730396,11730396,1782868180186911,False,True
6276662,0.00194000,151679.00000000,11730397,11730405,1782868180867911,False,True
6276663,0.00195000,295533.00000000,11730406,11730407,1782868180867911,False,True
6276664,0.00195000,20000.00000000,11730408,11730408,1782868194277284,False,True
6276665,0.00195000,20000.00000000,11730409,11730409,1782868195252310,False,True
6276666,0.00195000,92691.00000000,11730410,11730415,1782868199684118,True,True
6276667,0.00195000,10256.00000000,11730416,11730416,1782868199687361,True,True
6276668,0.00194000,7891.00000000,11730417,11730417,1782868200312554,True,True
6276669,0.00194000,19914.00000000,11730418,11730418,1782868200917413,True,True
6276670,0.00194000,39832.00000000,11730419,11730419,1782868200932233,True,True
6276671,0.00194000,54180.00000000,11730420,11730420,1782868200987549,True,True
6276672,0.00194000,58399.00000000,11730421,11730422,1782868201049530,True,True
6276673,0.00194000,125394.00000000,11730423,11730424,1782868226058110,True,True
6276674,0.00194000,200000.00000000,11730425,11730425,1782868226058325,True,True
6276675,0.00193000,535052.00000000,11730426,11730438,1782868294355454,True,True
6276676,0.00193000,6224.00000000,11730439,11730439,1782868294698741,False,True
6276677,0.00193000,7014.00000000,11730440,11730440,1782868295235386,False,True
6276678,0.00193000,10854.00000000,11730441,11730441,1782868320639632,False,True
6276679,0.00193000,321628.00000000,11730442,11730445,1782868323422255,False,True
6276680,0.00193000,148442.00000000,11730446,11730448,1782868364910907,True,True
6276681,0.00193000,5115.00000000,11730449,11730449,1782868364930811,True,True
6276682,0.00193000,5113.00000000,11730450,11730450,1782868364935115,True,True
6276683,0.00193000,8619.00000000,11730451,11730451,1782868364935803,True,True
6276684,0.00192000,4100.00000000,11730452,11730452,1782868384348186,True,True
6276685,0.00192000,1133085.00000000,11730453,11730469,1782868384348186,True,True
6276686,0.00191000,437104.00000000,11730470,11730472,1782868384348186,True,True
6276687,0.00191000,72654.00000000,11730473,11730473,1782868384348186,True,True
6276688,0.00191000,2747.00000000,11730474,11730474,1782868384348186,True,True
6276689,0.00192000,102302.00000000,11730475,11730475,1782868384350681,False,True
6276690,0.00192000,6562.00000000,11730476,11730476,1782868384418843,False,True
6276691,0.00191000,12279.00000000,11730477,11730477,1782868385908372,True,True
6276692,0.00191000,145508.00000000,11730478,11730479,1782868387070154,True,True
6276693,0.00192000,122142.00000000,11730480,11730480,1782868387167074,False,True
6276694,0.00191000,419203.00000000,11730481,11730489,1782868395954779,True,True
6276695,0.00190000,74591.00000000,11730490,11730490,1782868396012750,True,True
6276696,0.00191000,5249.00000000,11730491,11730491,1782868396158810,False,True
6276697,0.00191000,5241.00000000,11730492,11730492,1782868396464729,False,True
6276698,0.00191000,58216.00000000,11730493,11730495,1782868397089403,False,True
6276699,0.00191000,13317.00000000,11730496,11730497,1782868397253364,True,True
6276700,0.00191000,3638.00000000,11730498,11730498,1782868397253434,True,True
6276701,0.00191000,5249.00000000,11730499,11730499,1782868398034842,False,True
6276702,0.00190000,235849.00000000,11730500,11730502,1782868398389082,True,True
6276703,0.00191000,77794.00000000,11730503,11730505,1782868399237503,False,True
6276704,0.00191000,21226.00000000,11730506,11730506,1782868407442671,False,True
6276705,0.00190000,266169.00000000,11730507,11730508,1782868420072229,True,True
6276706,0.00190000,137202.00000000,11730509,11730511,1782868425437571,True,True
6276707,0.00190000,37932.00000000,11730512,11730514,1782868426377697,False,True
6276708,0.00191000,77930.00000000,11730515,11730515,1782868429974077,False,True
6276709,0.00191000,30526.00000000,11730516,11730517,1782868435027081,False,True
6276710,0.00192000,4657.00000000,11730518,11730519,1782868437267968,False,True
6276711,0.00192000,47301.00000000,11730520,11730521,1782868445452347,False,True
6276712,0.00192000,12568.00000000,11730522,11730522,1782868445498664,False,True
6276713,0.00192000,8981.00000000,11730523,11730523,1782868445584142,False,True
6276714,0.00192000,24731.00000000,11730524,11730524,1782868446190298,False,True
6276715,0.00192000,7690.00000000,11730525,11730525,1782868446914059,False,True
6276716,0.00192000,7800.00000000,11730526,11730526,1782868446968066,False,True
6276717,0.00192000,33911.00000000,11730527,11730529,1782868479870078,False,True
6276718,0.00191000,12350.00000000,11730530,11730530,1782868484730682,True,True
6276719,0.00192000,30622.00000000,11730531,11730532,1782868509842362,False,True
6276720,0.00192000,173498.00000000,11730533,11730534,1782868511363413,False,True
6276721,0.00192000,9392.00000000,11730535,11730535,1782868511377230,False,True
6276722,0.00192000,78689.00000000,11730536,11730538,1782868515191585,True,True
6276723,0.00192000,10416.00000000,11730539,11730539,1782868515193141,True,True
6276724,0.00192000,5214.00000000,11730540,11730540,1782868515788524,False,True
6276725,0.00192000,25202.00000000,11730541,11730542,1782868517152510,False,True
6276726,0.00192000,23590.00000000,11730543,11730544,1782868524646580,True,True
6276727,0.00192000,83341.00000000,11730545,11730550,1782868581888044,True,True
6276728,0.00192000,5348.00000000,11730551,11730551,1782868581889288,True,True
6276729,0.00192000,5214.00000000,11730552,11730552,1782868582384247,False,True
6276730,0.00192000,15096.00000000,11730553,11730554,1782868598921760,False,True
6276731,0.00191000,308780.00000000,11730555,11730557,1782868602712205,True,True
6276732,0.00191000,194922.00000000,11730558,11730565,1782868602713628,True,True
6276733,0.00191000,6751.00000000,11730566,11730566,1782868602716759,True,True
6276734,0.00191000,37167.00000000,11730567,11730568,1782868616460490,False,True
6276735,0.00192000,344418.00000000,11730569,11730573,1782868616460490,False,True
6276736,0.00192000,20000.00000000,11730574,11730574,1782868640592524,False,True
6276737,0.00192000,4005.00000000,11730575,11730575,1782868640596863,False,True
6276738,0.00192000,15995.00000000,11730576,11730576,1782868640597046,False,True
6276739,0.00192000,10416.00000000,11730577,11730577,1782868651245663,True,True
6276740,0.00191000,101006.00000000,11730578,11730578,1782868688489884,True,True
6276741,0.00192000,12100.00000000,11730579,11730579,1782868719591395,False,True
6276742,0.00192000,23253.00000000,11730580,11730581,1782868726763515,True,True
6276743,0.00192000,30000.00000000,11730582,11730582,1782868726765681,True,True
6276744,0.00192000,5194.00000000,11730583,11730583,1782868800537358,True,True
6276745,0.00192000,5194.00000000,11730584,11730584,1782868800537465,True,True
6276746,0.00192000,337169.00000000,11730585,11730586,1782868821410306,True,True
6276747,0.00192000,137188.00000000,11730587,11730588,1782868821411089,True,True
6276748,0.00192000,209270.00000000,11730589,11730589,1782868821413400,True,True
6276749,0.00192000,10416.00000000,11730590,11730590,1782868821415783,True,True
6276750,0.00191000,166319.00000000,11730591,11730592,1782869043945992,True,True
6276751,0.00191000,376038.00000000,11730593,11730594,1782869056077210,True,True
6276752,0.00191000,170176.00000000,11730595,11730595,1782869056077482,True,True
6276753,0.00191000,271082.00000000,11730596,11730608,1782869056077519,True,True
6276754,0.00191000,78503.00000000,11730609,11730609,1782869056234983,False,True
6276755,0.00190000,188128.00000000,11730610,11730613,1782869067709954,True,True
6276756,0.00190000,670351.00000000,11730614,11730621,1782869067709996,True,True
6276757,0.00191000,609509.00000000,11730622,11730636,1782869075770313,False,True
6276758,0.00191000,209270.00000000,11730637,11730639,1782869227405045,False,True
6276759,0.00191000,51937.00000000,11730640,11730640,1782869227406509,False,True
6276760,0.00191000,21743.00000000,11730641,11730641,1782869227406579,False,True
6276761,0.00191000,51937.00000000,11730642,11730642,1782869227406587,False,True
6276762,0.00191000,13215.00000000,11730643,11730643,1782869227406596,False,True
6276763,0.00191000,5000.00000000,11730644,11730644,1782869227509715,True,True
6276764,0.00191000,5235.00000000,11730645,11730645,1782869343220967,False,True
6276765,0.00191000,11893.00000000,11730646,11730646,1782869413789561,False,True
6276766,0.00191000,26916.00000000,11730647,11730648,1782869415694447,False,True
6276767,0.00192000,20833.00000000,11730649,11730649,1782869450670255,False,True
6276768,0.00191000,329700.00000000,11730650,11730652,1782869452779595,True,True
6276769,0.00191000,65152.00000000,11730653,11730653,1782869452781005,True,True
6276770,0.00191000,356460.00000000,11730654,11730657,1782869452781074,True,True
6276771,0.00191000,10471.00000000,11730658,11730658,1782869453138632,True,True
6276772,0.00191000,31842.00000000,11730659,11730659,1782869470050199,True,True
6276773,0.00191000,329700.00000000,11730660,11730661,1782869520513928,True,True
6276774,0.00191000,361748.00000000,11730662,11730663,1782869520513999,True,True
6276775,0.00192000,142855.00000000,11730664,11730666,1782869581369201,False,True
6276776,0.00193000,37243.00000000,11730667,11730667,1782869581369201,False,True
6276777,0.00193000,399560.00000000,11730668,11730670,1782869605382539,False,True
6276778,0.00192000,61458.00000000,11730671,11730671,1782869605384907,True,True
6276779,0.00192000,61458.00000000,11730672,11730672,1782869605384983,True,True
6276780,0.00192000,11250.00000000,11730673,11730674,1782869605385158,True,True
6276781,0.00191000,87562.00000000,11730675,11730675,1782869605386570,True,True
6276782,0.00192000,51863.00000000,11730676,11730676,1782869605387093,False,True
6276783,0.00192000,51863.00000000,11730677,11730677,1782869605387251,False,True
6276784,0.00192000,51863.00000000,11730678,11730678,1782869605387339,False,True
6276785,0.00192000,109900.00000000,11730679,11730679,1782869605387661,False,True
6276786,0.00192000,77826.00000000,11730680,11730681,1782869605387820,False,True
6276787,0.00193000,61457.00000000,11730682,11730682,1782869606398153,False,True
6276788,0.00193000,61457.00000000,11730683,11730683,1782869606398680,False,True
6276789,0.00193000,80098.00000000,11730684,11730685,1782869608005507,False,True
6276790,0.00192000,80963.00000000,11730686,11730687,1782869636544805,True,True
6276791,0.00192000,66131.00000000,11730688,11730688,1782869640603092,True,True
6276792,0.00192000,221407.00000000,11730689,11730689,1782869640606254,True,True
6276793,0.00193000,259067.00000000,11730690,11730691,1782869733434871,False,True
6276794,0.00193000,354683.00000000,11730692,11730704,1782869752322557,False,True
6276795,0.00193000,13015.00000000,11730705,11730705,1782869752325022,True,True
6276796,0.00193000,329700.00000000,11730706,11730706,1782869754226399,True,True
6276797,0.00193000,3876.00000000,11730707,11730707,1782869754226519,True,True
6276798,0.00193000,95218.00000000,11730708,11730708,1782869754226537,True,True
6276799,0.00192000,9529.00000000,11730709,11730709,1782869754236218,True,True
6276800,0.00192000,6882.00000000,11730710,11730710,1782869754239411,True,True
6276801,0.00192000,3897.00000000,11730711,11730711,1782869773486138,True,True
6276802,0.00192000,10482.00000000,11730712,11730712,1782869774350558,True,True
6276803,0.00192000,3897.00000000,11730713,11730713,1782869802090054,True,True
6276804,0.00192000,3897.00000000,11730714,11730714,1782869802803391,True,True
6276805,0.00192000,3897.00000000,11730715,11730715,1782869807884967,True,True
6276806,0.00192000,94700.00000000,11730716,11730717,1782869807888722,True,True
6276807,0.00192000,31352.00000000,11730718,11730718,1782869807891477,True,True
6276808,0.00192000,60805.00000000,11730719,11730719,1782869808062873,True,True
6276809,0.00192000,7176.00000000,11730720,11730720,1782869827329503,True,True
6276810,0.00192000,13449.00000000,11730721,11730721,1782869831479401,True,True
6276811,0.00192000,20208.00000000,11730722,11730722,1782869836439411,True,True
6276812,0.00192000,109900.00000000,11730723,11730724,1782869836440548,True,True
6276813,0.00192000,3897.00000000,11730725,11730725,1782869836440666,True,True
6276814,0.00192000,281999.00000000,11730726,11730726,1782869836440982,True,True
6276815,0.00191000,208986.00000000,11730727,11730728,1782869836447689,True,True
6276816,0.00191000,4214.00000000,11730729,11730729,1782869836452879,True,True
6276817,0.00192000,29424.00000000,11730730,11730731,1782869948188508,False,True
6276818,0.00192000,260416.00000000,11730732,11730732,1782869954129715,False,True
6276819,0.00192000,68556.00000000,11730733,11730733,1782869954131156,False,True
6276820,0.00192000,68556.00000000,11730734,11730734,1782869954131175,False,True
6276821,0.00192000,68556.00000000,11730735,11730736,1782869954131287,False,True
6276822,0.00192000,1.00000000,11730737,11730737,1782869954131348,False,True
6276823,0.00192000,87208.00000000,11730738,11730739,1782869989170064,True,True
6276824,0.00192000,29424.00000000,11730740,11730740,1782870002384999,True,True
6276825,0.00192000,137113.00000000,11730741,11730741,1782870002386330,True,True
6276826,0.00192000,430457.00000000,11730742,11730743,1782870002387029,True,True
6276827,0.00192000,80370.00000000,11730744,11730745,1782870051088614,False,True
6276828,0.00192000,659400.00000000,11730746,11730749,1782870109660052,True,True
6276829,0.00192000,21599.00000000,11730750,11730750,1782870109661410,True,True
6276830,0.00192000,37181.00000000,11730751,11730751,1782870109661504,True,True
6276831,0.00192000,401206.00000000,11730752,11730754,1782870167351963,True,True
6276832,0.00192000,166839.00000000,11730755,11730755,1782870167351986,True,True
6276833,0.00192000,172945.00000000,11730756,11730757,1782870167351992,True,True
6276834,0.00191000,180729.00000000,11730758,11730760,1782870167352291,True,True
6276835,0.00191000,180729.00000000,11730761,11730762,1782870167353193,True,True
6276836,0.00191000,166839.00000000,11730763,11730764,1782870168254003,True,True
6276837,0.00192000,172944.00000000,11730765,11730765,1782870168361500,False,True
6276838,0.00191000,166839.00000000,11730766,11730767,1782870168459443,True,True
6276839,0.00192000,156250.00000000,11730768,11730769,1782870218342353,False,True
6276840,0.00191000,730640.00000000,11730770,11730784,1782870323035814,True,True
6276841,0.00192000,26041.00000000,11730785,11730786,1782870377985777,False,True
6276842,0.00192000,5217.00000000,11730787,11730787,1782870389817326,False,True
6276843,0.00191000,128826.00000000,11730788,11730788,1782870425392272,True,True
6276844,0.00191000,18817.00000000,11730789,11730789,1782870440893047,True,True
6276845,0.00191000,16230.00000000,11730790,11730790,1782870514081781,True,True
6276846,0.00191000,246225.00000000,11730791,11730793,1782870743191076,True,True
6276847,0.00191000,758822.00000000,11730794,11730805,1782870806135285,True,True
6276848,0.00190000,21542.00000000,11730806,11730806,1782870806135285,True,True
6276849,0.00191000,73070.00000000,11730807,11730807,1782870806138692,False,True
6276850,0.00191000,73070.00000000,11730808,11730808,1782870806138794,False,True
6276851,0.00191000,73070.00000000,11730809,11730809,1782870806138829,False,True
6276852,0.00191000,2.00000000,11730810,11730810,1782870806138881,False,True
6276853,0.00191000,73070.00000000,11730811,11730811,1782870806138951,False,True
6276854,0.00191000,50680.00000000,11730812,11730812,1782870806139041,False,True
6276855,0.00191000,8417.00000000,11730813,11730813,1782870806144404,True,True
6276856,0.00192000,3125.00000000,11730814,11730814,1782870854015083,False,True
6276857,0.00191000,1418567.00000000,11730815,11730833,1782870896001268,True,True
6276858,0.00190000,427811.00000000,11730834,11730835,1782870896001268,True,True
6276859,0.00190000,1033927.00000000,11730836,11730845,1782870896001752,True,True
6276860,0.00190000,62946.00000000,11730846,11730846,1782871043249058,True,True
6276861,0.00190000,69598.00000000,11730847,11730849,1782871047234546,True,True
6276862,0.00191000,7323.00000000,11730850,11730850,1782871070176909,False,True
6276863,0.00191000,261780.00000000,11730851,11730851,1782871084375605,False,True
6276864,0.00191000,23236.00000000,11730852,11730852,1782871141587698,False,True
6276865,0.00191000,176489.00000000,11730853,11730858,1782871211045263,False,True
6276866,0.00191000,686914.00000000,11730859,11730863,1782871211046902,False,True
6276867,0.00191000,7225.00000000,11730864,11730864,1782871211059184,True,True
6276868,0.00192000,71588.00000000,11730865,11730865,1782871257565457,False,True
6276869,0.00192000,3801.00000000,11730866,11730866,1782871316185609,False,True
6276870,0.00191000,42878.00000000,11730867,11730867,1782871418890406,True,True
6276871,0.00192000,3125.00000000,11730868,11730868,1782871432159450,False,True
6276872,0.00191000,599980.00000000,11730869,11730872,1782871516650946,True,True
6276873,0.00190000,6087.00000000,11730873,11730873,1782871630811052,True,True
6276874,0.00190000,80017.00000000,11730874,11730874,1782871702688942,True,True
6276875,0.00190000,200000.00000000,11730875,11730875,1782871742359563,True,True
6276876,0.00190000,200000.00000000,11730876,11730877,1782871742359626,True,True
6276877,0.00190000,132251.00000000,11730878,11730879,1782871742359804,True,True
6276878,0.00189000,4534.00000000,11730880,11730880,1782871759318539,True,True
6276879,0.00190000,24182.00000000,11730881,11730882,1782871802562511,False,True
6276880,0.00190000,5223.00000000,11730883,11730883,1782871802565064,False,True
6276881,0.00190000,5222.00000000,11730884,11730884,1782871802565132,False,True
6276882,0.00190000,46044.00000000,11730885,11730885,1782871802677516,False,True
6276883,0.00190000,92209.00000000,11730886,11730886,1782871857113889,True,True
6276884,0.00190000,217221.00000000,11730887,11730887,1782871937742906,True,True
6276885,0.00190000,155855.00000000,11730888,11730889,1782871937744438,True,True
6276886,0.00190000,82953.00000000,11730890,11730890,1782871937744526,True,True
6276887,0.00190000,117047.00000000,11730891,11730891,1782871937744548,True,True
6276888,0.00190000,10526.00000000,11730892,11730892,1782871937746985,True,True
6276889,0.00189000,329700.00000000,11730893,11730895,1782871978882424,True,True
6276890,0.00189000,174415.00000000,11730896,11730896,1782871980552000,True,True
6276891,0.00189000,151099.00000000,11730897,11730898,1782871980553312,True,True
6276892,0.00189000,200000.00000000,11730899,11730899,1782871980553546,True,True
6276893,0.00189000,11538.00000000,11730900,11730900,1782871981564682,True,True
6276894,0.00189000,119645.00000000,11730901,11730903,1782871982234830,False,True
6276895,0.00188000,3180.00000000,11730904,11730904,1782871994418055,True,True
6276896,0.00188000,15229.00000000,11730905,11730905,1782871996164965,True,True
6276897,0.00188000,139799.00000000,11730906,11730907,1782872033508150,True,True
6276898,0.00189000,12222.00000000,11730908,11730908,1782872108546402,False,True
6276899,0.00189000,439600.00000000,11730909,11730911,1782872110361207,False,True
6276900,0.00189000,168260.00000000,11730912,11730914,1782872110361635,False,True
6276901,0.00189000,49411.00000000,11730915,11730916,1782872122766879,True,True
6276902,0.00189000,447967.00000000,11730917,11730928,1782872231081147,True,True
6276903,0.00189000,5984.00000000,11730929,11730929,1782872232317982,False,True
6276904,0.00189000,7173.00000000,11730930,11730930,1782872261004732,False,True
6276905,0.00188000,28581.00000000,11730931,11730931,1782872387886541,True,True
6276906,0.00189000,6441.00000000,11730932,11730933,1782872512980061,False,True
6276907,0.00189000,766230.00000000,11730934,11730934,1782872538224522,False,True
6276908,0.00189000,66010.00000000,11730935,11730936,1782872538226127,False,True
6276909,0.00189000,126659.00000000,11730937,11730938,1782872538226196,False,True
6276910,0.00189000,4548.00000000,11730939,11730939,1782872538231658,True,True
6276911,0.00190000,2744.00000000,11730940,11730940,1782872555807923,False,True
6276912,0.00189000,5350.00000000,11730941,11730941,1782872562477973,True,True
6276913,0.00189000,334376.00000000,11730942,11730948,1782872643507969,True,True
6276914,0.00189000,86826.00000000,11730949,11730953,1782872643508097,True,True
6276915,0.00188000,2304.00000000,11730954,11730954,1782872643508097,True,True
6276916,0.00188000,47345.00000000,11730955,11730955,1782872656359565,True,True
6276917,0.00188000,133399.00000000,11730956,11730957,1782872754114382,True,True
6276918,0.00188000,49322.00000000,11730958,11730959,1782872792920775,True,True
6276919,0.00189000,5501.00000000,11730960,11730960,1782872832398053,False,True
6276920,0.00188000,266007.00000000,11730961,11730964,1782872844498406,True,True
6276921,0.00187000,142826.00000000,11730965,11730967,1782872844498406,True,True
6276922,0.00187000,75281.00000000,11730968,11730969,1782872852581082,True,True
6276923,0.00188000,49000.00000000,11730970,11730971,1782872880898037,False,True
6276924,0.00188000,28000.00000000,11730972,11730972,1782872880900658,True,True
6276925,0.00189000,11709.00000000,11730973,11730973,1782872881107142,False,True
6276926,0.00189000,113142.00000000,11730974,11730982,1782873061300648,False,True
6276927,0.00189000,220085.00000000,11730983,11730989,1782873061300711,False,True
6276928,0.00189000,28500.00000000,11730990,11730990,1782873166588916,True,True
6276929,0.00189000,300841.00000000,11730991,11730992,1782873168619784,False,True
6276930,0.00189000,121568.00000000,11730993,11730993,1782873168619989,False,True
6276931,0.00190000,21163.00000000,11730994,11730995,1782873168621646,False,True
6276932,0.00190000,21163.00000000,11730996,11730996,1782873168621840,False,True
6276933,0.00190000,143224.00000000,11730997,11730999,1782873168623473,False,True
6276934,0.00189000,27054.00000000,11731000,11731001,1782873196539774,True,True
6276935,0.00189000,13528.00000000,11731002,11731002,1782873196541526,True,True
6276936,0.00190000,14238.00000000,11731003,11731003,1782873308866603,False,True
6276937,0.00190000,96782.00000000,11731004,11731005,1782873407783358,False,True
6276938,0.00190000,384109.00000000,11731006,11731009,1782873407783550,False,True
6276939,0.00190000,384109.00000000,11731010,11731012,1782873407783584,False,True
6276940,0.00190000,384109.00000000,11731013,11731013,1782873407783603,False,True
6276941,0.00190000,108526.00000000,11731014,11731014,1782873407783649,False,True
6276942,0.00190000,426328.00000000,11731015,11731022,1782873407783705,False,True
6276943,0.00190000,82120.00000000,11731023,11731028,1782873407783723,False,True
6276944,0.00190000,42606.00000000,11731029,11731029,1782873407785007,False,True
6276945,0.00190000,431492.00000000,11731030,11731031,1782873407787680,True,True
6276946,0.00190000,482444.00000000,11731032,11731036,1782873407787759,True,True
6276947,0.00190000,13292.00000000,11731037,11731037,1782873407790143,False,True
6276948,0.00190000,25262.00000000,11731038,11731038,1782873407790150,False,True
6276949,0.00190000,53764.00000000,11731039,11731039,1782873407793001,False,True
6276950,0.00190000,12700.00000000,11731040,11731040,1782873407794333,False,True
6276951,0.00190000,30200.00000000,11731041,11731041,1782873407794852,False,True
6276952,0.00190000,26300.00000000,11731042,11731042,1782873407796538,False,True
6276953,0.00190000,25400.00000000,11731043,11731043,1782873407806481,False,True
6276954,0.00190000,88900.00000000,11731044,11731044,1782873407811306,False,True
6276955,0.00190000,254000.00000000,11731045,11731045,1782873407816039,False,True
6276956,0.00190000,25400.00000000,11731046,11731046,1782873407853425,False,True
6276957,0.00190000,63126.00000000,11731047,11731048,1782873407861669,False,True
6276958,0.00191000,94792.00000000,11731049,11731049,1782873407869823,False,True
6276959,0.00190000,37510.00000000,11731050,11731052,1782873439286638,True,True
6276960,0.00190000,276301.00000000,11731053,11731064,1782873439288834,True,True
6276961,0.00191000,5241.00000000,11731065,11731065,1782873439606781,False,True
6276962,0.00190000,2969.00000000,11731066,11731066,1782873525461171,True,True
6276963,0.00190000,19891.00000000,11731067,11731067,1782873556223493,True,True
6276964,0.00190000,60199.00000000,11731068,11731068,1782873556225009,True,True
6276965,0.00190000,132280.00000000,11731069,11731070,1782873695347721,False,True
6276966,0.00190000,27804.00000000,11731071,11731072,1782873719228894,False,True
6276967,0.00189000,10040.00000000,11731073,11731073,1782874062068362,True,True
6276968,0.00189000,9893.00000000,11731074,11731074,1782874134847785,True,True
6276969,0.00190000,9977.00000000,11731075,11731075,1782874158307347,False,True
6276970,0.00190000,87762.00000000,11731076,11731076,1782874342476402,False,True
6276971,0.00189000,332009.00000000,11731077,11731078,1782874362646633,False,True
6276972,0.00191000,46952.00000000,11731079,11731080,1782874387040195,False,True
6276973,0.00189000,5828.00000000,11731081,11731081,1782874617191994,True,True
6276974,0.00190000,23213.00000000,11731082,11731082,1782875109865568,True,True
6276975,0.00190000,140548.00000000,11731083,11731086,1782875111437816,True,True
6276976,0.00191000,606505.00000000,11731087,11731097,1782875165296525,False,True
6276977,0.00191000,109900.00000000,11731098,11731098,1782875175095558,True,True
6276978,0.00190000,3085.00000000,11731099,11731099,1782875181838201,True,True
6276979,0.00190000,3251.00000000,11731100,11731100,1782875353318400,True,True
6276980,0.00191000,4077.00000000,11731101,11731101,1782875589418325,False,True
6276981,0.00191000,78534.00000000,11731102,11731102,1782875769717824,False,True
6276982,0.00190000,42852.00000000,11731103,11731103,1782875775618353,True,True
6276983,0.00191000,9072.00000000,11731104,11731104,1782875784751785,False,True
6276984,0.00191000,152250.00000000,11731105,11731107,1782875820092259,True,True
6276985,0.00191000,144173.00000000,11731108,11731110,1782875854804703,False,True
6276986,0.00191000,25480.00000000,11731111,11731113,1782875964564440,False,True
6276987,0.00191000,818221.00000000,11731114,11731128,1782876003913372,False,True
6276988,0.00190000,261518.00000000,11731129,11731130,1782876102537173,True,True
6276989,0.00191000,3141.00000000,11731131,11731131,1782876134483726,False,True
6276990,0.00190000,3724.00000000,11731132,11731132,1782876312018400,False,True
6276991,0.00189000,24507.00000000,11731133,11731133,1782876395905844,True,True
6276992,0.00190000,8094.00000000,11731134,11731134,1782876404178285,False,True
6276993,0.00190000,5048.00000000,11731135,11731135,1782876411926447,False,True
6276994,0.00189000,40000.00000000,11731136,11731136,1782876428186691,True,True
6276995,0.00189000,52152.00000000,11731137,11731137,1782876468498526,True,True
6276996,0.00189000,83138.00000000,11731138,11731138,1782876478835522,True,True
6276997,0.00189000,5337.00000000,11731139,11731139,1782876511319422,True,True
6276998,0.00189000,334045.00000000,11731140,11731149,1782876630392810,True,True
6276999,0.00189000,627149.00000000,11731150,11731156,1782876630392832,True,True
6277000,0.00190000,114269.00000000,11731157,11731161,1782876685024778,False,True
6277001,0.00190000,26477.00000000,11731162,11731162,1782876685025008,False,True
6277002,0.00190000,53781.00000000,11731163,11731163,1782876685028533,True,True
6277003,0.00190000,864807.00000000,11731164,11731175,1782876691601018,True,True
6277004,0.00190000,47500.00000000,11731176,11731176,1782876691602449,True,True
6277005,0.00190000,66005.00000000,11731177,11731177,1782876691602519,True,True
6277006,0.00190000,123750.00000000,11731178,11731178,1782876692118834,False,True
6277007,0.00190000,10245.00000000,11731179,11731179,1782876692353496,True,True
6277008,0.00190000,281.00000000,11731180,11731180,1782876692354909,True,True
6277009,0.00190000,10526.00000000,11731181,11731181,1782876694930652,True,True
6277010,0.00190000,27018.00000000,11731182,11731183,1782876879143247,True,True
6277011,0.00190000,77781.00000000,11731184,11731189,1782876879144576,True,True
6277012,0.00191000,89723.00000000,11731190,11731191,1782877029032965,False,True
6277013,0.00191000,338790.00000000,11731192,11731199,1782877060825357,True,True
6277014,0.00191000,15879.00000000,11731200,11731200,1782877161032670,False,True
6277015,0.00191000,38998.00000000,11731201,11731201,1782877392018998,False,True
6277016,0.00191000,511659.00000000,11731202,11731212,1782877491709212,False,True
6277017,0.00191000,17229.00000000,11731213,11731213,1782877523164717,False,True
6277018,0.00190000,38026.00000000,11731214,11731214,1782877533933176,True,True
6277019,0.00190000,42412.00000000,11731215,11731215,1782877550924392,True,True
6277020,0.00190000,168586.00000000,11731216,11731220,1782877550925393,True,True
6277021,0.00190000,320525.00000000,11731221,11731227,1782877550925549,True,True
6277022,0.00190000,152310.00000000,11731228,11731228,1782877550926231,True,True
6277023,0.00191000,42050.00000000,11731229,11731230,1782877682002896,False,True
6277024,0.00190000,28266.00000000,11731231,11731231,1782877699953809,True,True
6277025,0.00190000,44028.00000000,11731232,11731232,1782877749560801,True,True
6277026,0.00190000,159661.00000000,11731233,11731240,1782877786076358,True,True
6277027,0.00191000,4335.00000000,11731241,11731241,1782877842815580,False,True
6277028,0.00191000,16330.00000000,11731242,11731242,1782877897506791,False,True
6277029,0.00191000,123750.00000000,11731243,11731243,1782878054639510,True,True
6277030,0.00191000,156029.00000000,11731244,11731244,1782878119167574,False,True
6277031,0.00191000,55806.00000000,11731245,11731245,1782878119179335,False,True
6277032,0.00191000,77122.00000000,11731246,11731246,1782878119182805,False,True
6277033,0.00191000,77122.00000000,11731247,11731247,1782878119185901,False,True
6277034,0.00191000,21318.00000000,11731248,11731248,1782878119193041,False,True
6277035,0.00191000,73035.00000000,11731249,11731254,1782878136173427,True,True
6277036,0.00191000,53764.00000000,11731255,11731255,1782878508761552,False,True
6277037,0.00190000,520764.00000000,11731256,11731266,1782878509555530,True,True
6277038,0.00190000,12732.00000000,11731267,11731267,1782878520187595,True,True
6277039,0.00190000,6170.00000000,11731268,11731268,1782878527524037,False,True
6277040,0.00190000,19000.00000000,11731269,11731269,1782878544523694,False,True
6277041,0.00190000,20418.00000000,11731270,11731270,1782878544526108,True,True
6277042,0.00190000,20418.00000000,11731271,11731271,1782878544526371,True,True
6277043,0.00190000,20418.00000000,11731272,11731272,1782878544526856,True,True
6277044,0.00190000,62496.00000000,11731273,11731273,1782878544527757,True,True
6277045,0.00189000,12104.00000000,11731274,11731274,1782878544529647,True,True
6277046,0.00189000,12104.00000000,11731275,11731275,1782878544529807,True,True
6277047,0.00189000,16230.00000000,11731276,11731276,1782878545633447,True,True
6277048,0.00189000,13134.00000000,11731277,11731277,1782878548469477,True,True
6277049,0.00190000,21276.00000000,11731278,11731279,1782878583359618,False,True
6277050,0.00190000,53926.00000000,11731280,11731280,1782878583365127,True,True
6277051,0.00190000,60525.00000000,11731281,11731281,1782878583365136,True,True
6277052,0.00190000,6688.00000000,11731282,11731282,1782878583365325,True,True
6277053,0.00190000,10526.00000000,11731283,11731283,1782878638393956,True,True
6277054,0.00190000,9500.00000000,11731284,11731284,1782878653485797,False,True
6277055,0.00190000,12131.00000000,11731285,11731285,1782878654488057,True,True
6277056,0.00190000,105560.00000000,11731286,11731288,1782878692420241,True,True
6277057,0.00190000,124210.00000000,11731289,11731295,1782878692420260,True,True
6277058,0.00190000,19676.00000000,11731296,11731296,1782878692420286,True,True
6277059,0.00189000,209973.00000000,11731297,11731298,1782878692421572,True,True
6277060,0.00190000,28000.00000000,11731299,11731299,1782878692423094,False,True
6277061,0.00189000,53926.00000000,11731300,11731300,1782878693322183,True,True
6277062,0.00189000,53926.00000000,11731301,11731301,1782878693529307,True,True
6277063,0.00189000,25926.00000000,11731302,11731302,1782878693530031,True,True
6277064,0.00189000,3658.00000000,11731303,11731303,1782878711718720,True,True
6277065,0.00189000,817402.00000000,11731304,11731321,1782878717536432,True,True
6277066,0.00189000,68775.00000000,11731322,11731323,1782878723997993,True,True
6277067,0.00188000,52314.00000000,11731324,11731324,1782878749946701,True,True
6277068,0.00188000,5597.00000000,11731325,11731325,1782878818378869,True,True
6277069,0.00188000,222542.00000000,11731326,11731327,1782878830574629,True,True
6277070,0.00188000,9480.00000000,11731328,11731328,1782878855108976,True,True
6277071,0.00189000,52828.00000000,11731329,11731330,1782878962296911,False,True
6277072,0.00189000,309297.00000000,11731331,11731341,1782878990787678,True,True
6277073,0.00188000,674791.00000000,11731342,11731352,1782878990787678,True,True
6277074,0.00188000,334392.00000000,11731353,11731359,1782878990787752,True,True
6277075,0.00188000,56333.00000000,11731360,11731360,1782879123926122,True,True
6277076,0.00188000,49140.00000000,11731361,11731361,1782879124288771,True,True
6277077,0.00188000,201323.00000000,11731362,11731362,1782879124289256,True,True
6277078,0.00188000,249711.00000000,11731363,11731363,1782879124289526,True,True
6277079,0.00188000,249711.00000000,11731364,11731364,1782879124290590,True,True
6277080,0.00188000,351248.00000000,11731365,11731369,1782879132265266,True,True
6277081,0.00188000,3551.00000000,11731370,11731370,1782879144106435,True,True
6277082,0.00188000,391088.00000000,11731371,11731381,1782879149630558,True,True
6277083,0.00188000,27804.00000000,11731382,11731383,1782879171078918,True,True
6277084,0.00188000,17192.00000000,11731384,11731384,1782879198295578,True,True
6277085,0.00188000,135607.00000000,11731385,11731387,1782879204756680,True,True
6277086,0.00188000,170574.00000000,11731388,11731390,1782879218473324,True,True
6277087,0.00188000,170899.00000000,11731391,11731395,1782879218474317,True,True
6277088,0.00188000,138592.00000000,11731396,11731396,1782879218474679,True,True
6277089,0.00188000,75964.00000000,11731397,11731397,1782879218474816,True,True
6277090,0.00188000,27000.00000000,11731398,11731399,1782879218475844,True,True
6277091,0.00188000,27000.00000000,11731400,11731402,1782879218478000,True,True
6277092,0.00188000,32645.00000000,11731403,11731404,1782879218480248,True,True
6277093,0.00188000,14355.00000000,11731405,11731405,1782879218481653,False,True
6277094,0.00187000,209973.00000000,11731406,11731407,1782879218482409,True,True
6277095,0.00188000,80927.00000000,11731408,11731409,1782879219233426,False,True
6277096,0.00188000,79365.00000000,11731410,11731410,1782879219248850,True,True
6277097,0.00188000,30911.00000000,11731411,11731411,1782879219249313,True,True
6277098,0.00188000,79313.00000000,11731412,11731412,1782879219252793,True,True
6277099,0.00188000,45106.00000000,11731413,11731415,1782879224001243,True,True
6277100,0.00187000,34207.00000000,11731416,11731416,1782879224001243,True,True
6277101,0.00188000,289413.00000000,11731417,11731418,1782879228369135,False,True
6277102,0.00188000,127658.00000000,11731419,11731420,1782879240371538,False,True
6277103,0.00188000,79365.00000000,11731421,11731425,1782879269529054,True,True
6277104,0.00188000,79365.00000000,11731426,11731426,1782879269529097,True,True
6277105,0.00188000,94304.00000000,11731427,11731431,1782879269529190,True,True
6277106,0.00188000,26028.00000000,11731432,11731434,1782879269529234,True,True
6277107,0.00187000,401204.00000000,11731435,11731436,1782879269531103,True,True
6277108,0.00187000,212201.00000000,11731437,11731437,1782879269532159,True,True
6277109,0.00187000,79365.00000000,11731438,11731438,1782879270430905,True,True
6277110,0.00188000,7652.00000000,11731439,11731439,1782879270539769,False,True
6277111,0.00188000,21674.00000000,11731440,11731440,1782879275651834,False,True
6277112,0.00188000,16356.00000000,11731441,11731441,1782879345368006,False,True
6277113,0.00188000,32712.00000000,11731442,11731442,1782879345863402,False,True
6277114,0.00188000,16356.00000000,11731443,11731443,1782879346373410,False,True
6277115,0.00188000,293220.00000000,11731444,11731445,1782879347095062,False,True
6277116,0.00189000,16356.00000000,11731446,11731446,1782879347362805,False,True
6277117,0.00188000,677659.00000000,11731447,11731459,1782879389163356,True,True
6277118,0.00188000,143461.00000000,11731460,11731460,1782879389164767,False,True
6277119,0.00188000,12836.00000000,11731461,11731461,1782879389166085,False,True
6277120,0.00188000,28000.00000000,11731462,11731462,1782879389166808,False,True
6277121,0.00188000,88844.00000000,11731463,11731463,1782879469190561,True,True
6277122,0.00188000,79413.00000000,11731464,11731469,1782879469191861,True,True
6277123,0.00188000,47484.00000000,11731470,11731472,1782879469192138,True,True
6277124,0.00188000,55973.00000000,11731473,11731473,1782879469193722,False,True
6277125,0.00188000,63828.00000000,11731474,11731474,1782879469320866,True,True
6277126,0.00188000,63889.00000000,11731475,11731475,1782879469321978,True,True
6277127,0.00188000,28137.00000000,11731476,11731476,1782879470001595,True,True
6277128,0.00189000,197701.00000000,11731477,11731478,1782879588020713,False,True
6277129,0.00188000,95829.00000000,11731479,11731484,1782879607841039,True,True
6277130,0.00188000,62280.00000000,11731485,11731487,1782879662460060,True,True
6277131,0.00188000,6506.00000000,11731488,11731488,1782879743603729,True,True
6277132,0.00188000,28668.00000000,11731489,11731489,1782879757787666,True,True
6277133,0.00188000,8278.00000000,11731490,11731490,1782879792543463,True,True
6277134,0.00188000,188663.00000000,11731491,11731499,1782879921834026,True,True
6277135,0.00188000,45566.00000000,11731500,11731500,1782879930569872,True,True
6277136,0.00189000,3156.00000000,11731501,11731501,1782879960204541,False,True
6277137,0.00188000,170899.00000000,11731502,11731505,1782879978918047,True,True
6277138,0.00188000,128516.00000000,11731506,11731512,1782879978918073,True,True
6277139,0.00188000,957.00000000,11731513,11731513,1782879978918246,True,True
6277140,0.00187000,20000.00000000,11731514,11731514,1782879978921029,True,True
6277141,0.00187000,170899.00000000,11731515,11731516,1782879979819803,True,True
6277142,0.00187000,169942.00000000,11731517,11731517,1782879980026279,True,True
6277143,0.00187000,10115.00000000,11731518,11731518,1782879986035380,True,True
6277144,0.00188000,5503.00000000,11731519,11731519,1782880006210081,False,True
6277145,0.00187000,207101.00000000,11731520,11731520,1782880020649630,True,True
6277146,0.00188000,142750.00000000,11731521,11731522,1782880042366096,False,True
6277147,0.00187000,68861.00000000,11731523,11731523,1782880107404100,True,True
6277148,0.00187000,2129514.00000000,11731524,11731536,1782880192643397,True,True
6277149,0.00186000,121133.00000000,11731537,11731537,1782880192643397,True,True
6277150,0.00186000,28350.00000000,11731538,11731538,1782880192643397,True,True
6277151,0.00187000,106101.00000000,11731539,11731539,1782880192644484,False,True
6277152,0.00187000,237433.00000000,11731540,11731540,1782880192644895,False,True
6277153,0.00187000,152211.00000000,11731541,11731542,1782880192645007,False,True
6277154,0.00187000,106101.00000000,11731543,11731543,1782880192645839,False,True
6277155,0.00187000,12904.00000000,11731544,11731544,1782880192645895,False,True
6277156,0.00187000,105634.00000000,11731545,11731545,1782880192646094,False,True
6277157,0.00187000,41255.00000000,11731546,11731546,1782880192646278,False,True
6277158,0.00187000,70971.00000000,11731547,11731548,1782880224521452,True,True
6277159,0.00187000,42515.00000000,11731549,11731552,1782880287817607,True,True
6277160,0.00187000,268790.00000000,11731553,11731561,1782880317323825,True,True
6277161,0.00186000,26993.00000000,11731562,11731562,1782880317323825,True,True
6277162,0.00186000,265921.00000000,11731563,11731565,1782880317323890,True,True
6277163,0.00187000,57183.00000000,11731566,11731566,1782880317326635,False,True
6277164,0.00187000,56164.00000000,11731567,11731567,1782880319034642,False,True
6277165,0.00187000,141986.00000000,11731568,11731568,1782880373796082,True,True
6277166,0.00187000,200145.00000000,11731569,11731576,1782880690347490,True,True
6277167,0.00187000,5276.00000000,11731577,11731577,1782880690350177,True,True
6277168,0.00187000,5277.00000000,11731578,11731578,1782880690350585,True,True
6277169,0.00187000,22064.00000000,11731579,11731579,1782880800637523,True,True
6277170,0.00187000,162709.00000000,11731580,11731583,1782880800637662,True,True
6277171,0.00188000,4321.00000000,11731584,11731584,1782880825670857,False,True
6277172,0.00187000,35148.00000000,11731585,11731585,1782880830770383,True,True
6277173,0.00187000,39667.00000000,11731586,11731588,1782880865428213,True,True
6277174,0.00187000,342953.00000000,11731589,11731596,1782880875533990,True,True
6277175,0.00187000,270598.00000000,11731597,11731606,1782880899607102,True,True
6277176,0.00186000,67736.00000000,11731607,11731607,1782880899607102,True,True
6277177,0.00186000,608875.00000000,11731608,11731613,1782880899607184,True,True
6277178,0.00187000,35555.00000000,11731614,11731614,1782880899608759,False,True
6277179,0.00187000,35555.00000000,11731615,11731615,1782880899608865,False,True
6277180,0.00187000,35555.00000000,11731616,11731616,1782880899608882,False,True
6277181,0.00187000,106667.00000000,11731617,11731617,1782880899609005,False,True
6277182,0.00187000,12904.00000000,11731618,11731618,1782880899610532,False,True
6277183,0.00187000,5361.00000000,11731619,11731619,1782880899611749,False,True
6277184,0.00187000,5361.00000000,11731620,11731620,1782880899611957,False,True
6277185,0.00187000,300201.00000000,11731621,11731622,1782880899612619,False,True
6277186,0.00187000,187089.00000000,11731623,11731626,1782880903922778,True,True
6277187,0.00187000,39827.00000000,11731627,11731627,1782880903924200,False,True
6277188,0.00187000,39827.00000000,11731628,11731628,1782880903924228,False,True
6277189,0.00187000,39827.00000000,11731629,11731629,1782880903924550,False,True
6277190,0.00187000,18121.00000000,11731630,11731631,1782880903927111,False,True
6277191,0.00187000,6315.00000000,11731632,11731632,1782880918308641,True,True
6277192,0.00187000,9968.00000000,11731633,11731633,1782881040455571,True,True
6277193,0.00187000,257159.00000000,11731634,11731643,1782881074862357,True,True
6277194,0.00187000,44719.00000000,11731644,11731644,1782881074863841,False,True
6277195,0.00187000,107729.00000000,11731645,11731645,1782881074863891,False,True
6277196,0.00187000,44719.00000000,11731646,11731646,1782881074863964,False,True
6277197,0.00187000,44719.00000000,11731647,11731647,1782881074864033,False,True
6277198,0.00187000,169730.00000000,11731648,11731648,1782881074864036,False,True
6277199,0.00188000,4001.00000000,11731649,11731649,1782881149631880,False,True
6277200,0.00188000,4001.00000000,11731650,11731650,1782881149652475,False,True
6277201,0.00188000,2314.00000000,11731651,11731651,1782881149652483,False,True
6277202,0.00188000,123750.00000000,11731652,11731652,1782881149774088,True,True
6277203,0.00187000,170370.00000000,11731653,11731656,1782881149847717,True,True
6277204,0.00187000,170370.00000000,11731657,11731658,1782881149847731,True,True
6277205,0.00187000,134464.00000000,11731659,11731659,1782881149875056,True,True
6277206,0.00187000,123750.00000000,11731660,11731661,1782881149899985,True,True
6277207,0.00187000,27000.00000000,11731662,11731662,1782881150002498,True,True
6277208,0.00188000,125744.00000000,11731663,11731665,1782881150363669,False,True
6277209,0.00187000,370319.00000000,11731666,11731667,1782881150544075,True,True
6277210,0.00187000,144029.00000000,11731668,11731669,1782881180419900,True,True
6277211,0.00188000,254934.00000000,11731670,11731671,1782881270863042,False,True
6277212,0.00187000,53475.00000000,11731672,11731674,1782881360641447,True,True
6277213,0.00188000,70868.00000000,11731675,11731675,1782881379780100,False,True
6277214,0.00188000,46879.00000000,11731676,11731677,1782881379780366,False,True
6277215,0.00188000,46879.00000000,11731678,11731679,1782881379780429,False,True
6277216,0.00188000,26635.00000000,11731680,11731680,1782881379780446,False,True
6277217,0.00188000,44608.00000000,11731681,11731682,1782881379780617,False,True
6277218,0.00188000,46334.00000000,11731683,11731685,1782881379780662,False,True
6277219,0.00188000,46922.00000000,11731686,11731687,1782881455367826,True,True
6277220,0.00188000,123750.00000000,11731688,11731688,1782881467866793,False,True
6277221,0.00189000,19000.00000000,11731689,11731689,1782881467866793,False,True
6277222,0.00188000,123750.00000000,11731690,11731690,1782881467869097,False,True
6277223,0.00188000,191750.00000000,11731691,11731694,1782881576863470,False,True
6277224,0.00189000,317565.00000000,11731695,11731696,1782881576863470,False,True
6277225,0.00188000,21046.00000000,11731697,11731697,1782881661647352,False,True
6277226,0.00188000,23070.00000000,11731698,11731699,1782881661649885,False,True
6277227,0.00188000,254682.00000000,11731700,11731705,1782881690898734,True,True
6277228,0.00188000,88138.00000000,11731706,11731709,1782881705684585,False,True
6277229,0.00188000,55452.00000000,11731710,11731712,1782881763689691,True,True
6277230,0.00188000,58718.00000000,11731713,11731715,1782881763691192,True,True
6277231,0.00188000,39138.00000000,11731716,11731718,1782881823019047,True,True
6277232,0.00188000,65871.00000000,11731719,11731719,1782881851946515,False,True
6277233,0.00188000,62906.00000000,11731720,11731721,1782881854138571,False,True
6277234,0.00188000,61332.00000000,11731722,11731725,1782881856331260,False,True
6277235,0.00188000,17935.00000000,11731726,11731726,1782881858521238,False,True
6277236,0.00187000,29442.00000000,11731727,11731727,1782881864356648,True,True
6277237,0.00187000,46816.00000000,11731728,11731729,1782881893746959,True,True
6277238,0.00188000,4255.00000000,11731730,11731730,1782881956360598,False,True
6277239,0.00188000,68000.00000000,11731731,11731733,1782882006454700,False,True
6277240,0.00188000,76790.00000000,11731734,11731736,1782882044905287,True,True
6277241,0.00188000,32765.00000000,11731737,11731737,1782882117018417,True,True
6277242,0.00188000,123750.00000000,11731738,11731738,1782882198862662,False,True
6277243,0.00189000,130544.00000000,11731739,11731739,1782882198862662,False,True
6277244,0.00188000,123750.00000000,11731740,11731740,1782882198864981,False,True
6277245,0.00187000,37084.00000000,11731741,11731741,1782882220628769,True,True
6277246,0.00188000,123750.00000000,11731742,11731742,1782882223363918,False,True
6277247,0.00189000,37084.00000000,11731743,11731744,1782882223363918,False,True
6277248,0.00188000,191196.00000000,11731745,11731748,1782882302208172,True,True
6277249,0.00187000,43477.00000000,11731749,11731749,1782882306785904,True,True
6277250,0.00187000,103134.00000000,11731750,11731750,1782882317965849,True,True
6277251,0.00188000,138750.00000000,11731751,11731752,1782882339363281,False,True
6277252,0.00188000,123750.00000000,11731753,11731753,1782882406366271,False,True
6277253,0.00188000,187750.00000000,11731754,11731757,1782882412362810,False,True
6277254,0.00188000,123750.00000000,11731758,11731758,1782882525363918,False,True
6277255,0.00189000,9500.00000000,11731759,11731759,1782882525363918,False,True
6277256,0.00188000,123750.00000000,11731760,11731760,1782882525366037,False,True
6277257,0.00188000,123750.00000000,11731761,11731762,1782882527363023,False,True
6277258,0.00188000,82781.00000000,11731763,11731769,1782882612013522,False,True
6277259,0.00188000,12765.00000000,11731770,11731771,1782882612015687,False,True
6277260,0.00188000,58941.00000000,11731772,11731773,1782882612023746,False,True
6277261,0.00188000,12765.00000000,11731774,11731774,1782882612041189,False,True
6277262,0.00187000,221697.00000000,11731775,11731777,1782882623113352,True,True
6277263,0.00187000,19943.00000000,11731778,11731779,1782882643699875,True,True
6277264,0.00188000,82044.00000000,11731780,11731780,1782882911863675,False,True
6277265,0.00188000,153750.00000000,11731781,11731782,1782882923577021,True,True
6277266,0.00187000,27904.00000000,11731783,11731783,1782882923577021,True,True
6277267,0.00188000,206750.00000000,11731784,11731788,1782882973363634,False,True
6277268,0.00189000,25559.00000000,11731789,11731789,1782882973366978,False,True
6277269,0.00189000,46879.00000000,11731790,11731790,1782882973367000,False,True
6277270,0.00189000,44304.00000000,11731791,11731791,1782882973367060,False,True
6277271,0.00189000,46879.00000000,11731792,11731793,1782882973367190,False,True
6277272,0.00188000,104816.00000000,11731794,11731795,1782882988966829,True,True
6277273,0.00188000,87353.00000000,11731796,11731798,1782883016988448,True,True
6277274,0.00188000,105329.00000000,11731799,11731800,1782883016989966,True,True
6277275,0.00189000,6640.00000000,11731801,11731801,1782883068635026,False,True
6277276,0.00188000,37170.00000000,11731802,11731803,1782883288824975,True,True
6277277,0.00188000,191750.00000000,11731804,11731808,1782883297881843,False,True
6277278,0.00189000,260115.00000000,11731809,11731809,1782883297881843,False,True
6277279,0.00188000,10638.00000000,11731810,11731810,1782883299220007,True,True
6277280,0.00188000,70449.00000000,11731811,11731811,1782883359412188,False,True
6277281,0.00187000,1214824.00000000,11731812,11731824,1782883698302368,True,True
6277282,0.00186000,2423070.00000000,11731825,11731836,1782883698302368,True,True
6277283,0.00187000,105882.00000000,11731837,11731837,1782883698303388,False,True
6277284,0.00187000,38000.00000000,11731838,11731838,1782883773548492,False,True
6277285,0.00187000,27168.00000000,11731839,11731839,1782883773562540,False,True
6277286,0.00187000,29097.00000000,11731840,11731840,1782883895963735,False,True
6277287,0.00187000,29097.00000000,11731841,11731841,1782883895963848,False,True
6277288,0.00187000,21276.00000000,11731842,11731842,1782883895965242,False,True
6277289,0.00187000,135300.00000000,11731843,11731847,1782883914197969,True,True
6277290,0.00187000,6850.00000000,11731848,11731848,1782883914301190,False,True
6277291,0.00187000,10695.00000000,11731849,11731849,1782883984132788,False,True
6277292,0.00187000,71224.00000000,11731850,11731851,1782884088124332,True,True
6277293,0.00187000,354624.00000000,11731852,11731856,1782884092466074,True,True
6277294,0.00187000,32489.00000000,11731857,11731857,1782884092564110,False,True
6277295,0.00187000,109900.00000000,11731858,11731858,1782884101484105,False,True
6277296,0.00187000,21126.00000000,11731859,11731859,1782884101485411,False,True
6277297,0.00187000,180123.00000000,11731860,11731862,1782884104096853,True,True
6277298,0.00186000,44038.00000000,11731863,11731864,1782884104096853,True,True
6277299,0.00187000,802251.00000000,11731865,11731870,1782884151109782,True,True
6277300,0.00186000,72662.00000000,11731871,11731872,1782884151109782,True,True
6277301,0.00186000,87390.00000000,11731873,11731874,1782884151110028,True,True
6277302,0.00187000,8850.00000000,11731875,11731875,1782884151112888,False,True
6277303,0.00187000,298143.00000000,11731876,11731876,1782884151115153,False,True
6277304,0.00186000,7180.00000000,11731877,11731877,1782884478780933,True,True
6277305,0.00186000,4813.00000000,11731878,11731878,1782884508772821,True,True
6277306,0.00186000,6223.00000000,11731879,11731879,1782884518772898,True,True
6277307,0.00186000,166963.00000000,11731880,11731881,1782884534825821,True,True
6277308,0.00186000,4893.00000000,11731882,11731882,1782884538781197,True,True
6277309,0.00186000,12689.00000000,11731883,11731884,1782884553773547,True,True
6277310,0.00186000,7656.00000000,11731885,11731885,1782884598781519,True,True
6277311,0.00186000,26351.00000000,11731886,11731888,1782884604689796,True,True
6277312,0.00186000,10337.00000000,11731889,11731889,1782884623779861,True,True
6277313,0.00186000,11328.00000000,11731890,11731890,1782884648773054,True,True
6277314,0.00186000,1049525.00000000,11731891,11731895,1782884654254652,True,True
6277315,0.00186000,261756.00000000,11731896,11731898,1782884654254858,True,True
6277316,0.00185000,101160.00000000,11731899,11731899,1782884654254858,True,True
6277317,0.00185000,567131.00000000,11731900,11731903,1782884654254908,True,True
6277318,0.00185000,170819.00000000,11731904,11731905,1782884654255196,True,True
6277319,0.00186000,106101.00000000,11731906,11731906,1782884654256957,False,True
6277320,0.00186000,28000.00000000,11731907,11731907,1782884654258046,False,True
6277321,0.00186000,147409.00000000,11731908,11731910,1782884654260318,False,True
6277322,0.00186000,96072.00000000,11731911,11731911,1782884654260472,False,True
6277323,0.00186000,184952.00000000,11731912,11731913,1782884655622425,True,True
6277324,0.00186000,12311.00000000,11731914,11731914,1782884658783419,True,True
6277325,0.00186000,14702.00000000,11731915,11731915,1782884684729220,True,True
6277326,0.00186000,12266.00000000,11731916,11731916,1782884703773442,True,True
6277327,0.00186000,14051.00000000,11731917,11731917,1782884718781507,True,True
6277328,0.00186000,10426.00000000,11731918,11731918,1782884721323800,True,True
6277329,0.00186000,16591.00000000,11731919,11731919,1782884738780189,True,True
6277330,0.00186000,518140.00000000,11731920,11731920,1782884762345686,True,True
6277331,0.00186000,16681.00000000,11731921,11731922,1782884778781330,True,True
6277332,0.00186000,25443.00000000,11731923,11731924,1782884798772856,True,True
6277333,0.00186000,23498.00000000,11731925,11731925,1782884838780989,True,True
6277334,0.00186000,14162.00000000,11731926,11731926,1782884878774174,True,True
6277335,0.00186000,23035.00000000,11731927,11731928,1782884898788617,True,True
6277336,0.00186000,22593.00000000,11731929,11731930,1782884943773298,True,True
6277337,0.00186000,13689.00000000,11731931,11731931,1782884958780854,True,True
6277338,0.00186000,1278535.00000000,11731932,11731933,1782884991475691,True,True
6277339,0.00186000,69632.00000000,11731934,11731934,1782884991476917,True,True
6277340,0.00186000,81862.00000000,11731935,11731936,1782884992234036,False,True
6277341,0.00185000,17850.00000000,11731937,11731937,1782884993781618,True,True
6277342,0.00186000,2037020.00000000,11731938,11731949,1782885016911589,False,True
6277343,0.00187000,622554.00000000,11731950,11731954,1782885016911589,False,True
6277344,0.00186000,28000.00000000,11731955,11731955,1782885016914858,True,True
6277345,0.00186000,18376.00000000,11731956,11731956,1782885097513265,True,True
6277346,0.00186000,4402.00000000,11731957,11731957,1782885108986804,True,True
6277347,0.00187000,13748.00000000,11731958,11731959,1782885171603551,False,True
6277348,0.00186000,154409.00000000,11731960,11731962,1782885312297831,True,True
6277349,0.00186000,250802.00000000,11731963,11731965,1782885343432652,True,True
6277350,0.00186000,297740.00000000,11731966,11731966,1782885343433834,True,True
6277351,0.00186000,239572.00000000,11731967,11731969,1782885416536910,True,True
6277352,0.00186000,62363.00000000,11731970,11731970,1782885416537333,True,True
6277353,0.00186000,6979.00000000,11731971,11731971,1782885423129314,True,True
6277354,0.00186000,38403.00000000,11731972,11731972,1782885580258400,True,True
6277355,0.00186000,115347.00000000,11731973,11731974,1782885661959545,True,True
6277356,0.00185000,8416.00000000,11731975,11731975,1782885723402535,True,True
6277357,0.00185000,7539.00000000,11731976,11731976,1782885746597194,True,True
6277358,0.00186000,554347.00000000,11731977,11731983,1782885827677177,False,True
6277359,0.00187000,67143.00000000,11731984,11731984,1782885845422918,False,True
6277360,0.00186000,4397.00000000,11731985,11731985,1782885916946869,True,True
6277361,0.00186000,2939.00000000,11731986,11731986,1782885933653815,True,True
6277362,0.00186000,162117.00000000,11731987,11731988,1782885969189245,True,True
6277363,0.00185000,3177.00000000,11731989,11731990,1782886006617941,True,True
6277364,0.00185000,38000.00000000,11731991,11731991,1782886037945768,True,True
6277365,0.00185000,124795.00000000,11731992,11731993,1782886070289788,True,True
6277366,0.00185000,132147.00000000,11731994,11731995,1782886099563902,True,True
6277367,0.00185000,7320.00000000,11731996,11731996,1782886188880685,True,True
6277368,0.00185000,55665.00000000,11731997,11731998,1782886400165409,True,True
6277369,0.00185000,341760.00000000,11731999,11732005,1782886501660359,True,True
6277370,0.00185000,354454.00000000,11732006,11732008,1782886501660504,True,True
6277371,0.00185000,15469.00000000,11732009,11732009,1782886507780972,True,True
6277372,0.00185000,10587.00000000,11732010,11732011,1782886547788838,True,True
6277373,0.00185000,54054.00000000,11732012,11732014,1782886564549229,True,True
6277374,0.00185000,15076.00000000,11732015,11732016,1782886567780824,True,True
6277375,0.00185000,6267.00000000,11732017,11732017,1782886607793383,True,True
6277376,0.00185000,15541.00000000,11732018,11732018,1782886627782310,True,True
6277377,0.00185000,15138.00000000,11732019,11732019,1782886677799600,True,True
6277378,0.00185000,6104.00000000,11732020,11732020,1782886687782573,True,True
6277379,0.00185000,6664.00000000,11732021,11732022,1782886707775117,True,True
6277380,0.00185000,14947.00000000,11732023,11732023,1782886732774938,True,True
6277381,0.00185000,11327.00000000,11732024,11732024,1782886747790201,True,True
6277382,0.00185000,14231.00000000,11732025,11732025,1782886787800499,True,True
6277383,0.00185000,4709.00000000,11732026,11732026,1782886807784229,True,True
6277384,0.00185000,216252.00000000,11732027,11732029,1782886816345856,True,True
6277385,0.00185000,7843.00000000,11732030,11732030,1782886822776149,True,True
6277386,0.00185000,4885.00000000,11732031,11732032,1782886857774808,True,True
6277387,0.00185000,7465.00000000,11732033,11732033,1782886867780755,True,True
6277388,0.00185000,54054.00000000,11732034,11732036,1782886869463256,True,True
6277389,0.00185000,129504.00000000,11732037,11732038,1782886892677148,True,True
6277390,0.00185000,5508.00000000,11732039,11732039,1782886892788320,True,True
6277391,0.00185000,157819.00000000,11732040,11732040,1782886920392331,True,True
6277392,0.00185000,4279.00000000,11732041,11732041,1782886920395713,False,True
