45325045,0.56300000,9.10000000,69177413,69177413,1782864005138381,False,True
45325046,0.56310000,9.10000000,69177414,69177414,1782864005138381,False,True
45325047,0.56320000,8.30000000,69177415,69177415,1782864005138381,False,True
45325048,0.56320000,91.00000000,69177416,69177417,1782864019089206,False,True
45325049,0.56310000,885.00000000,69177418,69177424,1782864022706756,True,True
45325050,0.56310000,27.80000000,69177425,69177425,1782864022713486,True,True
45325051,0.56300000,9.10000000,69177426,69177426,1782864022713486,True,True
45325052,0.56290000,145.60000000,69177427,69177427,1782864022713486,True,True
45325053,0.56290000,54.70000000,69177428,69177429,1782864022781441,True,True
45325054,0.56280000,9.10000000,69177430,69177430,1782864022781441,True,True
45325055,0.56270000,118.70000000,69177431,69177431,1782864022781441,True,True
45325056,0.56300000,255.20000000,69177432,69177433,1782864030135064,False,True
45325057,0.56310000,200.30000000,69177434,69177435,1782864030136541,False,True
45325058,0.56310000,158.90000000,69177436,69177436,1782864030136573,False,True
45325059,0.56310000,463.40000000,69177437,69177443,1782864030137327,False,True
45325060,0.56320000,9.10000000,69177444,69177444,1782864030137957,False,True
45325061,0.56330000,9.10000000,69177445,69177445,1782864031780721,False,True
45325062,0.56340000,9.10000000,69177446,69177446,1782864031783778,False,True
45325063,0.56350000,9.10000000,69177447,69177447,1782864032765272,False,True
45325064,0.56320000,65.90000000,69177448,69177448,1782864032907476,True,True
45325065,0.56320000,87.40000000,69177449,69177449,1782864032932188,True,True
45325066,0.56320000,87.40000000,69177450,69177450,1782864032992612,True,True
45325067,0.56330000,75.00000000,69177451,69177451,1782864034249719,True,True
45325068,0.56330000,75.00000000,69177452,69177452,1782864034252434,True,True
45325069,0.56330000,75.00000000,69177453,69177453,1782864034326073,True,True
45325070,0.56330000,74.80000000,69177454,69177454,1782864034326865,True,True
45325071,0.56360000,9.10000000,69177455,69177455,1782864060280368,False,True
45325072,0.56370000,9.10000000,69177456,69177456,1782864060280368,False,True
45325073,0.56380000,9.10000000,69177457,69177457,1782864060280368,False,True
45325074,0.56390000,89.20000000,69177458,69177459,1782864060280368,False,True
45325075,0.56390000,111.10000000,69177460,69177460,1782864060280394,False,True
45325076,0.56400000,3.90000000,69177461,69177461,1782864060280394,False,True
45325077,0.56400000,118.30000000,69177462,69177463,1782864060280565,False,True
45325078,0.56360000,99.90000000,69177464,69177466,1782864086571596,True,True
45325079,0.56360000,606.70000000,69177467,69177469,1782864086634953,True,True
45325080,0.56350000,553.80000000,69177470,69177471,1782864086636189,True,True
45325081,0.56350000,85.30000000,69177472,69177472,1782864098884775,False,True
45325082,0.56350000,239.70000000,69177473,69177473,1782864098886041,False,True
45325083,0.56350000,181.20000000,69177474,69177474,1782864098955119,False,True
45325084,0.56350000,364.40000000,69177475,69177475,1782864098955328,False,True
45325085,0.56350000,254.30000000,69177476,69177476,1782864098956467,False,True
45325086,0.56350000,992.70000000,69177477,69177481,1782864103090161,True,True
45325087,0.56340000,9.10000000,69177482,69177482,1782864103091638,True,True
45325088,0.56330000,9.10000000,69177483,69177483,1782864113750028,True,True
45325089,0.56320000,9.10000000,69177484,69177484,1782864113750028,True,True
45325090,0.56310000,9.10000000,69177485,69177485,1782864114828053,True,True
45325091,0.56300000,224.40000000,69177486,69177487,1782864114828053,True,True
45325092,0.56300000,356.50000000,69177488,69177488,1782864114828435,True,True
45325093,0.56310000,9.10000000,69177489,69177489,1782864148841234,False,True
45325094,0.56320000,9.10000000,69177490,69177490,1782864148841234,False,True
45325095,0.56310000,9.10000000,69177491,69177491,1782864154270996,True,True
45325096,0.56300000,487.80000000,69177492,69177493,1782864154270996,True,True
45325097,0.56290000,9.10000000,69177494,69177494,1782864154271890,True,True
45325098,0.56290000,246.10000000,69177495,69177495,1782864155403221,False,True
45325099,0.56300000,9.10000000,69177496,69177496,1782864156531335,False,True
45325100,0.56310000,110.60000000,69177497,69177502,1782864156533295,False,True
45325101,0.56320000,9.10000000,69177503,69177503,1782864156533295,False,True
45325102,0.56330000,21.50000000,69177504,69177505,1782864156535372,False,True
45325103,0.56330000,12.40000000,69177506,69177506,1782864156535705,False,True
45325104,0.56340000,494.50000000,69177507,69177509,1782864156541017,False,True
45325105,0.56350000,9.10000000,69177510,69177510,1782864156542563,False,True
45325106,0.56300000,87.40000000,69177511,69177511,1782864156704152,True,True
45325107,0.56360000,9.10000000,69177512,69177512,1782864165789568,False,True
45325108,0.56370000,9.10000000,69177513,69177513,1782864165789568,False,True
45325109,0.56380000,9.10000000,69177514,69177514,1782864165789568,False,True
45325110,0.56390000,9.10000000,69177515,69177515,1782864165791092,False,True
45325111,0.56400000,497.60000000,69177516,69177517,1782864165791092,False,True
45325112,0.56410000,119.00000000,69177518,69177519,1782864165792473,False,True
45325113,0.56420000,458.80000000,69177520,69177521,1782864165794203,False,True
45325114,0.56410000,109.50000000,69177522,69177522,1782864178407554,False,True
45325115,0.56420000,9.10000000,69177523,69177523,1782864178515331,False,True
45325116,0.56430000,9.10000000,69177524,69177524,1782864178988720,False,True
45325117,0.56440000,9.10000000,69177525,69177525,1782864178988720,False,True
45325118,0.56450000,9.10000000,69177526,69177526,1782864178988720,False,True
45325119,0.56460000,76.50000000,69177527,69177528,1782864178988720,False,True
45325120,0.56460000,104.10000000,69177529,69177529,1782864178988841,False,True
45325121,0.56460000,19.70000000,69177530,69177530,1782864178989169,False,True
45325122,0.56470000,84.60000000,69177531,69177531,1782864178989169,False,True
45325123,0.56470000,9.10000000,69177532,69177532,1782864179184593,False,True
45325124,0.56480000,9.10000000,69177533,69177533,1782864183758048,False,True
45325125,0.56490000,9.00000000,69177534,69177534,1782864183758048,False,True
45325126,0.56500000,9.00000000,69177535,69177535,1782864183776363,False,True
45325127,0.56510000,186.50000000,69177536,69177537,1782864183776363,False,True
45325128,0.56520000,47.60000000,69177538,69177539,1782864183776363,False,True
45325129,0.56530000,134.10000000,69177540,69177542,1782864183779197,False,True
45325130,0.56540000,183.80000000,69177543,69177544,1782864183786693,False,True
45325131,0.56540000,2.40000000,69177545,69177545,1782864183786702,False,True
45325132,0.56550000,9.00000000,69177546,69177546,1782864183834622,False,True
45325133,0.56560000,9.00000000,69177547,69177547,1782864183834622,False,True
45325134,0.56550000,9.00000000,69177548,69177548,1782864183908544,True,True
45325135,0.56540000,9.00000000,69177549,69177549,1782864183908544,True,True
45325136,0.56520000,191.20000000,69177550,69177550,1782864183908544,True,True
45325137,0.56510000,68.40000000,69177551,69177551,1782864183908544,True,True
45325138,0.56530000,26.50000000,69177552,69177552,1782864184223578,True,True
45325139,0.56560000,9.00000000,69177553,69177553,1782864184687540,False,True
45325140,0.56570000,9.00000000,69177554,69177554,1782864185508633,False,True
45325141,0.56580000,160.90000000,69177555,69177556,1782864185508633,False,True
45325142,0.56590000,121.60000000,69177557,69177558,1782864185509541,False,True
45325143,0.56600000,9.00000000,69177559,69177559,1782864188825024,False,True
45325144,0.56610000,9.00000000,69177560,69177560,1782864188825024,False,True
45325145,0.56620000,89.20000000,69177561,69177562,1782864191182774,False,True
45325146,0.56620000,32.10000000,69177563,69177563,1782864191185657,False,True
45325147,0.56630000,75.00000000,69177564,69177565,1782864191185657,False,True
45325148,0.56630000,108.30000000,69177566,69177566,1782864191185751,False,True
45325149,0.56630000,16.90000000,69177567,69177567,1782864191185895,False,True
45325150,0.56640000,1.60000000,69177568,69177568,1782864191185895,False,True
45325151,0.56630000,95.70000000,69177569,69177569,1782864194078820,True,True
45325152,0.56620000,504.60000000,69177570,69177571,1782864205719705,True,True
45325153,0.56610000,544.60000000,69177572,69177573,1782864205721839,True,True
45325154,0.56600000,9.00000000,69177574,69177574,1782864205977439,True,True
45325155,0.56590000,55.00000000,69177575,69177576,1782864205977439,True,True
45325156,0.56620000,134.00000000,69177577,69177577,1782864235292335,True,True
45325157,0.56630000,9.00000000,69177578,69177578,1782864236360000,False,True
45325158,0.56640000,7.40000000,69177579,69177579,1782864236360000,False,True
45325159,0.56650000,9.00000000,69177580,69177580,1782864236360000,False,True
45325160,0.56660000,75.40000000,69177581,69177582,1782864236360000,False,True
45325161,0.56660000,100.30000000,69177583,69177584,1782864236360154,False,True
45325162,0.56660000,100.70000000,69177585,69177585,1782864236361248,False,True
45325163,0.56660000,1935.90000000,69177586,69177586,1782864236361370,False,True
45325164,0.56670000,9.00000000,69177587,69177587,1782864236362962,False,True
45325165,0.56650000,634.60000000,69177588,69177589,1782864246390565,True,True
45325166,0.56640000,9.00000000,69177590,69177590,1782864246390668,True,True
45325167,0.56630000,9.00000000,69177591,69177591,1782864246392400,True,True
45325168,0.56620000,102.60000000,69177592,69177593,1782864246396855,True,True
45325169,0.56620000,161.30000000,69177594,69177595,1782864246402339,True,True
45325170,0.56610000,90.50000000,69177596,69177597,1782864246404093,True,True
45325171,0.56610000,243.60000000,69177598,69177600,1782864246684789,True,True
45325172,0.56600000,9.00000000,69177601,69177601,1782864246687798,True,True
45325173,0.56590000,91.70000000,69177602,69177603,1782864247190224,True,True
45325174,0.56580000,513.50000000,69177604,69177605,1782864247191465,True,True
45325175,0.56580000,244.50000000,69177606,69177608,1782864247194114,True,True
45325176,0.56570000,9.00000000,69177609,69177609,1782864247199268,True,True
45325177,0.56560000,174.50000000,69177610,69177612,1782864272011635,True,True
45325178,0.56560000,649.00000000,69177613,69177615,1782864272013022,True,True
45325179,0.56560000,1905.50000000,69177616,69177617,1782864274866363,False,True
45325180,0.56560000,260.10000000,69177618,69177618,1782864274866369,False,True
45325181,0.56570000,9.00000000,69177619,69177619,1782864274868304,False,True
45325182,0.56580000,9.00000000,69177620,69177620,1782864274868304,False,True
45325183,0.56590000,102.60000000,69177621,69177622,1782864274868821,False,True
45325184,0.56590000,1194.70000000,69177623,69177623,1782864280802828,False,True
45325185,0.56600000,9.00000000,69177624,69177624,1782864321581868,False,True
45325186,0.56610000,9.00000000,69177625,69177625,1782864321581868,False,True
45325187,0.56620000,9.00000000,69177626,69177626,1782864321582005,False,True
45325188,0.56630000,9.00000000,69177627,69177627,1782864321583441,False,True
45325189,0.56640000,9.00000000,69177628,69177628,1782864323029138,False,True
45325190,0.56650000,9.00000000,69177629,69177629,1782864323029138,False,True
45325191,0.56640000,400.80000000,69177630,69177630,1782864362771683,True,True
45325192,0.56640000,183.20000000,69177631,69177631,1782864362771751,True,True
45325193,0.56630000,494.10000000,69177632,69177633,1782864362772947,True,True
45325194,0.56620000,9.00000000,69177634,69177634,1782864362814149,True,True
45325195,0.56610000,9.00000000,69177635,69177635,1782864362814149,True,True
45325196,0.56640000,128.10000000,69177636,69177636,1782864397030552,False,True
45325197,0.56640000,104.30000000,69177637,69177637,1782864397030639,False,True
45325198,0.56650000,20.30000000,69177638,69177638,1782864397030639,False,True
45325199,0.56650000,123.60000000,69177639,69177639,1782864397030658,False,True
45325200,0.56610000,277.90000000,69177640,69177640,1782864398404305,True,True
45325201,0.56610000,370.30000000,69177641,69177642,1782864398405614,True,True
45325202,0.56610000,29.50000000,69177643,69177644,1782864398405751,True,True
45325203,0.56610000,149.80000000,69177645,69177647,1782864398406115,True,True
45325204,0.56600000,9.00000000,69177648,69177648,1782864398410215,True,True
45325205,0.56590000,9.00000000,69177649,69177649,1782864398410215,True,True
45325206,0.56580000,931.80000000,69177650,69177654,1782864404435280,True,True
45325207,0.56570000,9.00000000,69177655,69177655,1782864404436777,True,True
45325208,0.56560000,283.80000000,69177656,69177657,1782864404436777,True,True
45325209,0.56560000,476.10000000,69177658,69177659,1782864404436854,True,True
45325210,0.56570000,113.40000000,69177660,69177660,1782864404439551,True,True
45325211,0.56550000,93.60000000,69177661,69177662,1782864415331864,True,True
45325212,0.56600000,9.00000000,69177663,69177663,1782864518720475,False,True
45325213,0.56610000,9.00000000,69177664,69177664,1782864518720475,False,True
45325214,0.56620000,9.00000000,69177665,69177665,1782864518720475,False,True
45325215,0.56630000,1.50000000,69177666,69177666,1782864518720475,False,True
45325216,0.56630000,49.00000000,69177667,69177668,1782864518721673,False,True
45325217,0.56600000,510.00000000,69177669,69177669,1782864530790641,True,True
45325218,0.56590000,191.60000000,69177670,69177671,1782864530790641,True,True
45325219,0.56590000,510.00000000,69177672,69177673,1782864530791878,True,True
45325220,0.56580000,44.30000000,69177674,69177675,1782864530791940,True,True
45325221,0.56620000,9.00000000,69177676,69177676,1782864533882516,False,True
45325222,0.56630000,2.10000000,69177677,69177677,1782864533882516,False,True
45325223,0.56630000,6.90000000,69177678,69177678,1782864539316054,False,True
45325224,0.56640000,9.00000000,69177679,69177679,1782864539316054,False,True
45325225,0.56650000,9.00000000,69177680,69177680,1782864539316249,False,True
45325226,0.56660000,35.40000000,69177681,69177682,1782864539319169,False,True
45325227,0.56660000,118.40000000,69177683,69177683,1782864539319247,False,True
45325228,0.56670000,9.00000000,69177684,69177684,1782864562765323,False,True
45325229,0.56680000,9.00000000,69177685,69177685,1782864562765323,False,True
45325230,0.56690000,9.00000000,69177686,69177686,1782864562765323,False,True
45325231,0.56700000,8.40000000,69177687,69177687,1782864562765323,False,True
45325232,0.56690000,64.40000000,69177688,69177688,1782864562848172,True,True
45325233,0.56690000,64.40000000,69177689,69177690,1782864562956912,True,True
45325234,0.56700000,0.60000000,69177691,69177691,1782864562965571,False,True
45325235,0.56710000,35.30000000,69177692,69177694,1782864562965624,False,True
45325236,0.56710000,105.20000000,69177695,69177695,1782864562965692,False,True
45325237,0.56720000,9.00000000,69177696,69177696,1782864562965773,False,True
45325238,0.56730000,9.00000000,69177697,69177697,1782864562965872,False,True
45325239,0.56740000,70.30000000,69177698,69177699,1782864562965872,False,True
45325240,0.56730000,63.10000000,69177700,69177700,1782864562980937,True,True
45325241,0.56720000,0.10000000,69177701,69177701,1782864562980937,True,True
45325242,0.56720000,26.50000000,69177702,69177702,1782864566311664,True,True
45325243,0.56720000,501.60000000,69177703,69177703,1782864569116239,True,True
45325244,0.56750000,9.00000000,69177704,69177704,1782864658149925,False,True
45325245,0.56760000,157.10000000,69177705,69177706,1782864658149925,False,True
45325246,0.56760000,43.10000000,69177707,69177707,1782864658149929,False,True
45325247,0.56770000,123.00000000,69177708,69177709,1782864658149929,False,True
45325248,0.56780000,35.30000000,69177710,69177711,1782864658154839,False,True
45325249,0.56750000,604.30000000,69177712,69177713,1782864666311621,True,True
45325250,0.56740000,9.00000000,69177714,69177714,1782864666312832,True,True
45325251,0.56730000,616.10000000,69177715,69177717,1782864666312939,True,True
45325252,0.56720000,9.00000000,69177718,69177718,1782864666313291,True,True
45325253,0.56720000,600.40000000,69177719,69177719,1782864666316710,True,True
45325254,0.56710000,9.00000000,69177720,69177720,1782864666318009,True,True
45325255,0.56700000,9.00000000,69177721,69177721,1782864666318009,True,True
45325256,0.56690000,86.10000000,69177722,69177723,1782864666321187,True,True
45325257,0.56680000,9.00000000,69177724,69177724,1782864666322525,True,True
45325258,0.56670000,162.80000000,69177725,69177727,1782864666336834,True,True
45325259,0.56670000,35.30000000,69177728,69177728,1782864666338226,True,True
45325260,0.56660000,9.00000000,69177729,69177729,1782864666376338,True,True
45325261,0.56650000,9.00000000,69177730,69177730,1782864666376338,True,True
45325262,0.56640000,9.00000000,69177731,69177731,1782864666683676,True,True
45325263,0.56630000,9.00000000,69177732,69177732,1782864666683676,True,True
45325264,0.56620000,534.10000000,69177733,69177735,1782864666683676,True,True
45325265,0.56610000,18.00000000,69177736,69177737,1782864666733045,True,True
45325266,0.56610000,198.60000000,69177738,69177741,1782864666938924,True,True
45325267,0.56610000,94.90000000,69177742,69177743,1782864666992861,True,True
45325268,0.56620000,498.20000000,69177744,69177744,1782864715084348,True,True
45325269,0.56660000,9.00000000,69177745,69177745,1782864715730025,False,True
45325270,0.56670000,9.00000000,69177746,69177746,1782864715730025,False,True
45325271,0.56680000,9.00000000,69177747,69177747,1782864715730025,False,True
45325272,0.56690000,105.50000000,69177748,69177748,1782864715730025,False,True
45325273,0.56690000,9.00000000,69177749,69177749,1782864722085736,False,True
45325274,0.56700000,9.00000000,69177750,69177750,1782864735576973,False,True
45325275,0.56710000,117.20000000,69177751,69177752,1782864735576973,False,True
45325276,0.56720000,8.00000000,69177753,69177753,1782864735576973,False,True
45325277,0.56720000,1.00000000,69177754,69177754,1782864735577123,False,True
45325278,0.56730000,133.40000000,69177755,69177757,1782864735577123,False,True
45325279,0.56740000,134.30000000,69177758,69177759,1782864735577175,False,True
45325280,0.56750000,35.30000000,69177760,69177761,1782864735600512,False,True
45325281,0.56760000,9.00000000,69177762,69177762,1782864777517995,False,True
45325282,0.56770000,9.00000000,69177763,69177763,1782864777517995,False,True
45325283,0.56780000,36.60000000,69177764,69177764,1782864777517995,False,True
45325284,0.56780000,9.00000000,69177765,69177765,1782864812965194,False,True
45325285,0.56790000,128.20000000,69177766,69177768,1782864812965194,False,True
45325286,0.56790000,9.90000000,69177769,69177769,1782864812965567,False,True
45325287,0.56800000,9.00000000,69177770,69177770,1782864812965567,False,True
45325288,0.56810000,118.60000000,69177771,69177772,1782864812965567,False,True
45325289,0.56790000,460.60000000,69177773,69177774,1782864820414655,True,True
45325290,0.56780000,9.00000000,69177775,69177775,1782864820416178,True,True
45325291,0.56770000,547.80000000,69177776,69177777,1782864820416178,True,True
45325292,0.56800000,9.00000000,69177778,69177778,1782864883154046,False,True
45325293,0.56810000,9.00000000,69177779,69177779,1782864883154046,False,True
45325294,0.56820000,17.30000000,69177780,69177781,1782864883154046,False,True
45325295,0.56830000,35.30000000,69177782,69177783,1782864883179153,False,True
45325296,0.56830000,16.70000000,69177784,69177784,1782864912246432,False,True
45325297,0.56830000,90.80000000,69177785,69177785,1782864915484672,False,True
45325298,0.56830000,26.40000000,69177786,69177786,1782864916056967,True,True
45325299,0.56840000,9.10000000,69177787,69177787,1782864919275122,False,True
45325300,0.56850000,26.00000000,69177788,69177789,1782864919275122,False,True
45325301,0.56840000,26.80000000,69177790,69177790,1782864920746261,True,True
45325302,0.56830000,548.40000000,69177791,69177794,1782864926090403,True,True
45325303,0.56820000,9.00000000,69177795,69177795,1782864926132951,True,True
45325304,0.56810000,9.00000000,69177796,69177796,1782864926132951,True,True
45325305,0.56840000,9.00000000,69177797,69177797,1782864932698338,False,True
45325306,0.56850000,9.00000000,69177798,69177798,1782864932698338,False,True
45325307,0.56860000,106.90000000,69177799,69177800,1782864932698338,False,True
45325308,0.56870000,125.50000000,69177801,69177802,1782864932698588,False,True
45325309,0.56870000,125.50000000,69177803,69177804,1782864932698757,False,True
45325310,0.56850000,124.10000000,69177805,69177806,1782864939078422,True,True
45325311,0.56850000,415.70000000,69177807,69177809,1782864939079625,True,True
45325312,0.56850000,327.80000000,69177810,69177810,1782864939080030,True,True
45325313,0.56840000,301.80000000,69177811,69177813,1782864939080065,True,True
45325314,0.56830000,44.20000000,69177814,69177815,1782864939080151,True,True
45325315,0.56820000,571.90000000,69177816,69177817,1782864945749848,True,True
45325316,0.56810000,9.00000000,69177818,69177818,1782864946811600,True,True
45325317,0.56800000,9.00000000,69177819,69177819,1782864946811600,True,True
45325318,0.56820000,485.40000000,69177820,69177820,1782865011567089,False,True
45325319,0.56830000,394.50000000,69177821,69177824,1782865011567089,False,True
45325320,0.56830000,9.00000000,69177825,69177825,1782865011570022,False,True
45325321,0.56810000,528.80000000,69177826,69177827,1782865033686838,True,True
45325322,0.56800000,9.00000000,69177828,69177828,1782865033688613,True,True
45325323,0.56810000,9.00000000,69177829,69177829,1782865060704563,False,True
45325324,0.56820000,200.20000000,69177830,69177831,1782865060704563,False,True
45325325,0.56830000,1050.80000000,69177832,69177837,1782865060707408,False,True
45325326,0.56830000,200.20000000,69177838,69177839,1782865060708810,False,True
45325327,0.56830000,482.80000000,69177840,69177842,1782865060708924,False,True
45325328,0.56830000,19.60000000,69177843,69177843,1782865060712802,True,True
45325329,0.56830000,248.20000000,69177844,69177844,1782865060723697,False,True
45325330,0.56820000,9.00000000,69177845,69177845,1782865104446079,True,True
45325331,0.56810000,26.50000000,69177846,69177847,1782865104446079,True,True
45325332,0.56820000,22.70000000,69177848,69177848,1782865119655355,True,True
45325333,0.56820000,881.30000000,69177849,69177852,1782865140690053,True,True
45325334,0.56810000,9.00000000,69177853,69177853,1782865190539469,True,True
45325335,0.56800000,9.00000000,69177854,69177854,1782865190539469,True,True
45325336,0.56790000,643.20000000,69177855,69177856,1782865190566627,True,True
45325337,0.56780000,9.00000000,69177857,69177857,1782865190572803,True,True
45325338,0.56770000,9.00000000,69177858,69177858,1782865190572803,True,True
45325339,0.56790000,46.90000000,69177859,69177860,1782865301432873,False,True
45325340,0.56790000,25.10000000,69177861,69177861,1782865301432908,False,True
45325341,0.56800000,9.00000000,69177862,69177862,1782865301432908,False,True
45325342,0.56810000,12.60000000,69177863,69177864,1782865301432908,False,True
45325343,0.56810000,45.30000000,69177865,69177865,1782865301432950,False,True
45325344,0.56810000,79.20000000,69177866,69177867,1782865301481082,False,True
45325345,0.56810000,138.20000000,69177868,69177868,1782865301482106,False,True
45325346,0.56810000,77.60000000,69177869,69177870,1782865303604268,True,True
45325347,0.56800000,735.90000000,69177871,69177874,1782865312613575,True,True
45325348,0.56800000,240.50000000,69177875,69177875,1782865313667319,False,True
45325349,0.56810000,237.80000000,69177876,69177877,1782865334330909,False,True
45325350,0.56820000,9.00000000,69177878,69177878,1782865334335620,False,True
45325351,0.56830000,90.90000000,69177879,69177880,1782865334335620,False,True
45325352,0.56830000,99.60000000,69177881,69177881,1782865334335889,False,True
45325353,0.56810000,26.60000000,69177882,69177882,1782865351919223,True,True
45325354,0.56820000,34.50000000,69177883,69177883,1782865388058553,True,True
45325355,0.56820000,407.90000000,69177884,69177884,1782865388058739,True,True
45325356,0.56830000,9.00000000,69177885,69177885,1782865398073301,False,True
45325357,0.56840000,9.00000000,69177886,69177886,1782865398073301,False,True
45325358,0.56850000,1.80000000,69177887,69177887,1782865398073301,False,True
45325359,0.56820000,129.50000000,69177888,69177888,1782865402995123,True,True
45325360,0.56850000,7.20000000,69177889,69177889,1782865481185447,False,True
45325361,0.56860000,9.00000000,69177890,69177890,1782865481185447,False,True
45325362,0.56840000,107.20000000,69177891,69177892,1782865539960550,True,True
45325363,0.56840000,103.10000000,69177893,69177893,1782865539985629,True,True
45325364,0.56830000,200.20000000,69177894,69177895,1782865540414702,True,True
45325365,0.56820000,200.20000000,69177896,69177897,1782865540414702,True,True
45325366,0.56810000,461.30000000,69177898,69177899,1782865540420974,True,True
45325367,0.56840000,287.30000000,69177900,69177901,1782865543287755,False,True
45325368,0.56850000,9.00000000,69177902,69177902,1782865543533344,False,True
45325369,0.56860000,9.00000000,69177903,69177903,1782865543533344,False,True
45325370,0.56870000,98.70000000,69177904,69177905,1782865543533344,False,True
45325371,0.56880000,31.30000000,69177906,69177907,1782865543535692,False,True
45325372,0.56880000,84.30000000,69177908,69177908,1782865543535960,False,True
45325373,0.56860000,150.30000000,69177909,69177910,1782865581763604,True,True
45325374,0.56860000,120.30000000,69177911,69177911,1782865581793988,True,True
45325375,0.56860000,120.30000000,69177912,69177912,1782865581839621,True,True
45325376,0.56860000,120.30000000,69177913,69177913,1782865581857912,True,True
45325377,0.56850000,675.20000000,69177914,69177916,1782865586810321,True,True
45325378,0.56850000,184.90000000,69177917,69177917,1782865587316890,True,True
45325379,0.56840000,186.00000000,69177918,69177919,1782865593818570,True,True
45325380,0.56840000,148.80000000,69177920,69177921,1782865594325585,True,True
45325381,0.56860000,152.60000000,69177922,69177922,1782865597823886,False,True
45325382,0.56860000,15.80000000,69177923,69177924,1782865597824997,False,True
45325383,0.56870000,9.00000000,69177925,69177925,1782865597825110,False,True
45325384,0.56880000,89.40000000,69177926,69177927,1782865597825110,False,True
45325385,0.56880000,97.10000000,69177928,69177928,1782865597825115,False,True
45325386,0.56880000,63.50000000,69177929,69177929,1782865597825225,False,True
45325387,0.56880000,32.40000000,69177930,69177930,1782865597825311,False,True
45325388,0.56880000,237.40000000,69177931,69177932,1782865598005838,True,True
45325389,0.56880000,178.50000000,69177933,69177933,1782865605039854,False,True
45325390,0.56890000,9.10000000,69177934,69177934,1782865605039854,False,True
45325391,0.56900000,369.70000000,69177935,69177936,1782865605041146,False,True
45325392,0.56900000,64.70000000,69177937,69177937,1782865605041352,False,True
45325393,0.56900000,123.50000000,69177938,69177938,1782865605041484,False,True
45325394,0.56900000,20.00000000,69177939,69177939,1782865623321375,True,True
45325395,0.56910000,9.10000000,69177940,69177940,1782865631587667,False,True
45325396,0.56920000,120.20000000,69177941,69177942,1782865631587667,False,True
45325397,0.56930000,397.50000000,69177943,69177946,1782865631589544,False,True
45325398,0.56920000,25.10000000,69177947,69177947,1782865634097010,True,True
45325399,0.56940000,9.10000000,69177948,69177948,1782865636741417,False,True
45325400,0.56950000,9.10000000,69177949,69177949,1782865636741417,False,True
45325401,0.56960000,118.20000000,69177950,69177951,1782865636741417,False,True
45325402,0.56970000,474.90000000,69177952,69177954,1782865636742622,False,True
45325403,0.56970000,64.40000000,69177955,69177957,1782865636743083,False,True
45325404,0.56970000,41.20000000,69177958,69177959,1782865636743146,False,True
45325405,0.56980000,9.10000000,69177960,69177960,1782865636743146,False,True
45325406,0.56990000,9.10000000,69177961,69177961,1782865636746786,False,True
45325407,0.57000000,491.00000000,69177962,69177965,1782865636747929,False,True
45325408,0.57010000,314.60000000,69177966,69177968,1782865636749273,False,True
45325409,0.56970000,273.00000000,69177969,69177970,1782865636904747,True,True
45325410,0.56970000,9.10000000,69177971,69177971,1782865636986892,True,True
45325411,0.56960000,9.00000000,69177972,69177972,1782865636986892,True,True
45325412,0.56950000,9.00000000,69177973,69177973,1782865636986892,True,True
45325413,0.56940000,33.60000000,69177974,69177975,1782865636986892,True,True
45325414,0.56970000,17.50000000,69177976,69177976,1782865637206966,True,True
45325415,0.56990000,262.70000000,69177977,69177977,1782865637238040,False,True
45325416,0.57000000,136.30000000,69177978,69177980,1782865661529124,False,True
45325417,0.57000000,26.90000000,69177981,69177982,1782865661855861,True,True
45325418,0.57010000,9.00000000,69177983,69177983,1782865665142499,False,True
45325419,0.57020000,9.10000000,69177984,69177984,1782865665142499,False,True
45325420,0.57030000,9.10000000,69177985,69177985,1782865665142763,False,True
45325421,0.57040000,94.10000000,69177986,69177987,1782865665142763,False,True
45325422,0.57040000,103.70000000,69177988,69177988,1782865665142885,False,True
45325423,0.57040000,2.50000000,69177989,69177989,1782865665143140,False,True
45325424,0.57050000,104.40000000,69177990,69177991,1782865665143140,False,True
45325425,0.57040000,26.30000000,69177992,69177992,1782865665520390,True,True
45325426,0.57040000,461.70000000,69177993,69177994,1782865667248058,True,True
45325427,0.57040000,253.00000000,69177995,69177995,1782865667249391,True,True
45325428,0.57040000,54.20000000,69177996,69177996,1782865667249944,True,True
45325429,0.57030000,9.00000000,69177997,69177997,1782865667251142,True,True
45325430,0.57050000,9.00000000,69177998,69177998,1782865695747385,False,True
45325431,0.57060000,9.10000000,69177999,69177999,1782865695747385,False,True
45325432,0.57070000,417.40000000,69178000,69178001,1782865697914527,False,True
45325433,0.57070000,194.70000000,69178002,69178002,1782865697915748,False,True
45325434,0.57080000,9.10000000,69178003,69178003,1782865723770265,False,True
45325435,0.57090000,9.10000000,69178004,69178004,1782865723770265,False,True
45325436,0.57100000,86.00000000,69178005,69178006,1782865723770265,False,True
45325437,0.57100000,33.10000000,69178007,69178007,1782865723770380,False,True
45325438,0.57110000,70.90000000,69178008,69178009,1782865723770380,False,True
45325439,0.57110000,102.70000000,69178010,69178010,1782865723770826,False,True
45325440,0.57110000,106.20000000,69178011,69178011,1782865723781439,False,True
45325441,0.57100000,26.30000000,69178012,69178012,1782865724252755,True,True
45325442,0.57110000,339.80000000,69178013,69178013,1782865724358088,False,True
45325443,0.57120000,611.50000000,69178014,69178015,1782865740578105,False,True
45325444,0.57130000,115.50000000,69178016,69178017,1782865740579408,False,True
45325445,0.57140000,9.10000000,69178018,69178018,1782865773696584,False,True
45325446,0.57150000,191.20000000,69178019,69178020,1782865773696584,False,True
45325447,0.57150000,64.00000000,69178021,69178021,1782865773696625,False,True
45325448,0.57160000,9.10000000,69178022,69178022,1782865773697070,False,True
45325449,0.57170000,9.10000000,69178023,69178023,1782865773697650,False,True
45325450,0.57160000,26.30000000,69178024,69178024,1782865784406954,True,True
45325451,0.57150000,141.90000000,69178025,69178026,1782865792355954,True,True
45325452,0.57150000,336.00000000,69178027,69178027,1782865792357428,True,True
45325453,0.57180000,744.90000000,69178028,69178031,1782865866024401,False,True
45325454,0.57150000,469.10000000,69178032,69178032,1782865993512717,True,True
45325455,0.57150000,1553.70000000,69178033,69178036,1782865993513742,True,True
45325456,0.57140000,8.90000000,69178037,69178037,1782865993517099,True,True
45325457,0.57130000,8.90000000,69178038,69178038,1782865993517099,True,True
45325458,0.57120000,8.90000000,69178039,69178039,1782865993517099,True,True
45325459,0.57110000,625.80000000,69178040,69178042,1782866042526142,True,True
45325460,0.57100000,628.60000000,69178043,69178044,1782866042526142,True,True
45325461,0.57090000,8.90000000,69178045,69178045,1782866042526802,True,True
45325462,0.57080000,8.90000000,69178046,69178046,1782866042527784,True,True
45325463,0.57080000,488.70000000,69178047,69178047,1782866042534147,True,True
45325464,0.57070000,8.90000000,69178048,69178048,1782866042677478,True,True
45325465,0.57060000,8.90000000,69178049,69178049,1782866042677478,True,True
45325466,0.57050000,177.20000000,69178050,69178052,1782866042737195,True,True
45325467,0.57050000,329.90000000,69178053,69178053,1782866042738251,True,True
45325468,0.57040000,9.00000000,69178054,69178054,1782866044926018,True,True
45325469,0.57030000,9.00000000,69178055,69178055,1782866044926018,True,True
45325470,0.57020000,9.00000000,69178056,69178056,1782866046858701,True,True
45325471,0.57010000,9.00000000,69178057,69178057,1782866046858701,True,True
45325472,0.57000000,18.20000000,69178058,69178059,1782866046869011,True,True
45325473,0.56990000,449.20000000,69178060,69178063,1782866046869011,True,True
45325474,0.56980000,200.20000000,69178064,69178065,1782866046870476,True,True
45325475,0.56970000,449.40000000,69178066,69178069,1782866046885017,True,True
45325476,0.56960000,151.30000000,69178070,69178071,1782866046891740,True,True
45325477,0.56960000,9.20000000,69178072,69178072,1782866047487397,True,True
45325478,0.56950000,9.00000000,69178073,69178073,1782866047487397,True,True
45325479,0.56940000,193.60000000,69178074,69178076,1782866047552542,True,True
45325480,0.56930000,591.90000000,69178077,69178081,1782866047604860,True,True
45325481,0.56920000,9.00000000,69178082,69178082,1782866047608782,True,True
45325482,0.56910000,9.00000000,69178083,69178083,1782866056343099,True,True
45325483,0.56900000,184.40000000,69178084,69178085,1782866056343099,True,True
45325484,0.56890000,9.00000000,69178086,69178086,1782866078799612,True,True
45325485,0.56880000,9.00000000,69178087,69178087,1782866078799612,True,True
45325486,0.56870000,184.30000000,69178088,69178089,1782866078799612,True,True
45325487,0.56860000,9.00000000,69178090,69178090,1782866078799811,True,True
45325488,0.56850000,469.60000000,69178091,69178092,1782866078799811,True,True
45325489,0.56840000,184.30000000,69178093,69178094,1782866078799811,True,True
45325490,0.56830000,487.40000000,69178095,69178097,1782866078799811,True,True
45325491,0.56820000,9.00000000,69178098,69178098,1782866078800140,True,True
45325492,0.56810000,9.00000000,69178099,69178099,1782866078800140,True,True
45325493,0.56800000,9.00000000,69178100,69178100,1782866078800379,True,True
45325494,0.56790000,30.40000000,69178101,69178102,1782866078800379,True,True
45325495,0.56780000,9.00000000,69178103,69178103,1782866078800379,True,True
45325496,0.56770000,18.50000000,69178104,69178105,1782866078800379,True,True
45325497,0.56760000,9.00000000,69178106,69178106,1782866078800379,True,True
45325498,0.56750000,9.00000000,69178107,69178107,1782866078800379,True,True
45325499,0.56740000,9.00000000,69178108,69178108,1782866078800379,True,True
45325500,0.56730000,7.30000000,69178109,69178109,1782866078800379,True,True
45325501,0.56730000,1.70000000,69178110,69178110,1782866078801264,True,True
45325502,0.56740000,1406.00000000,69178111,69178111,1782866078803667,False,True
45325503,0.56730000,51.80000000,69178112,69178112,1782866078804002,True,True
45325504,0.56740000,489.60000000,69178113,69178113,1782866078804488,True,True
45325505,0.56730000,139.40000000,69178114,69178114,1782866078804488,True,True
45325506,0.56720000,9.00000000,69178115,69178115,1782866078804488,True,True
45325507,0.56710000,554.70000000,69178116,69178119,1782866078804488,True,True
45325508,0.56700000,82.30000000,69178120,69178121,1782866078804488,True,True
45325509,0.56730000,202.20000000,69178122,69178122,1782866078807342,True,True
45325510,0.56700000,117.90000000,69178123,69178123,1782866078807342,True,True
45325511,0.56690000,9.00000000,69178124,69178124,1782866078807342,True,True
45325512,0.56740000,1406.00000000,69178125,69178125,1782866078807438,False,True
45325513,0.56770000,436.80000000,69178126,69178128,1782866078808883,False,True
45325514,0.56780000,191.20000000,69178129,69178129,1782866078808883,False,True
45325515,0.56770000,29.50000000,69178130,69178130,1782866078809762,False,True
45325516,0.56740000,175.70000000,69178131,69178131,1782866078814362,True,True
45325517,0.56730000,24.40000000,69178132,69178132,1782866078814362,True,True
45325518,0.56800000,9.00000000,69178133,69178133,1782866078983280,False,True
45325519,0.56810000,9.00000000,69178134,69178134,1782866078983280,False,True
45325520,0.56770000,195.20000000,69178135,69178136,1782866079152921,True,True
45325521,0.56770000,171.70000000,69178137,69178137,1782866079172280,True,True
45325522,0.56760000,490.20000000,69178138,69178140,1782866079172280,True,True
45325523,0.56820000,17.60000000,69178141,69178142,1782866079214266,False,True
45325524,0.56820000,26.40000000,69178143,69178143,1782866079215514,False,True
45325525,0.56810000,356.70000000,69178144,69178149,1782866079714181,False,True
45325526,0.56810000,291.20000000,69178150,69178156,1782866079740534,False,True
45325527,0.56810000,291.20000000,69178157,69178157,1782866079742196,True,True
45325528,0.56820000,270.20000000,69178158,69178165,1782866079761509,False,True
45325529,0.56830000,73.90000000,69178166,69178167,1782866079801654,False,True
45325530,0.56830000,30.80000000,69178168,69178168,1782866079801713,False,True
45325531,0.56840000,9.00000000,69178169,69178169,1782866079803144,False,True
45325532,0.56840000,104.70000000,69178170,69178170,1782866079818113,True,True
45325533,0.56820000,114.60000000,69178171,69178171,1782866079818113,True,True
45325534,0.56850000,9.00000000,69178172,69178172,1782866079849590,False,True
45325535,0.56860000,73.80000000,69178173,69178174,1782866080809465,False,True
45325536,0.56860000,30.90000000,69178175,69178175,1782866080809491,False,True
45325537,0.56870000,56.20000000,69178176,69178178,1782866080811886,False,True
45325538,0.56870000,33.40000000,69178179,69178181,1782866080813085,False,True
45325539,0.56870000,356.80000000,69178182,69178183,1782866080883538,False,True
45325540,0.56870000,316.70000000,69178184,69178184,1782866080883967,False,True
45325541,0.56870000,356.70000000,69178185,69178185,1782866080937175,True,True
45325542,0.56860000,104.70000000,69178186,69178186,1782866080938399,True,True
45325543,0.56860000,9.00000000,69178187,69178187,1782866086477647,True,True
45325544,0.56850000,18.00000000,69178188,69178189,1782866086477647,True,True
45325545,0.56840000,9.00000000,69178190,69178190,1782866087583896,True,True
45325546,0.56830000,9.00000000,69178191,69178191,1782866087583896,True,True
45325547,0.56820000,164.60000000,69178192,69178193,1782866100982182,True,True
45325548,0.56810000,9.00000000,69178194,69178194,1782866106174023,True,True
45325549,0.56800000,6.50000000,69178195,69178195,1782866106174023,True,True
45325550,0.56800000,2.50000000,69178196,69178196,1782866116294396,True,True
45325551,0.56790000,9.00000000,69178197,69178197,1782866116294396,True,True
45325552,0.56780000,9.00000000,69178198,69178198,1782866116294396,True,True
45325553,0.56770000,200.20000000,69178199,69178200,1782866116294396,True,True
45325554,0.56760000,1046.10000000,69178201,69178204,1782866116294396,True,True
45325555,0.56750000,576.20000000,69178205,69178208,1782866116294396,True,True
45325556,0.56740000,400.20000000,69178209,69178211,1782866116294396,True,True
45325557,0.56730000,1029.00000000,69178212,69178215,1782866116294396,True,True
45325558,0.56720000,576.20000000,69178216,69178219,1782866116294396,True,True
45325559,0.56710000,1151.60000000,69178220,69178222,1782866116294396,True,True
45325560,0.56700000,9.00000000,69178223,69178223,1782866116300567,True,True
45325561,0.56690000,9.00000000,69178224,69178224,1782866116300567,True,True
45325562,0.56680000,9.00000000,69178225,69178225,1782866116312658,True,True
45325563,0.56670000,9.00000000,69178226,69178226,1782866116312658,True,True
45325564,0.56660000,9.00000000,69178227,69178227,1782866116312796,True,True
45325565,0.56650000,9.00000000,69178228,69178228,1782866116312796,True,True
45325566,0.56640000,9.00000000,69178229,69178229,1782866116312796,True,True
45325567,0.56630000,200.20000000,69178230,69178231,1782866116312796,True,True
45325568,0.56620000,200.20000000,69178232,69178233,1782866116312796,True,True
45325569,0.56610000,9.00000000,69178234,69178234,1782866116317026,True,True
45325570,0.56660000,26.50000000,69178235,69178235,1782866117016631,False,True
45325571,0.56660000,9.30000000,69178236,69178236,1782866120084609,False,True
45325572,0.56610000,933.30000000,69178237,69178241,1782866120855163,True,True
45325573,0.56600000,517.20000000,69178242,69178246,1782866120855163,True,True
45325574,0.56590000,644.70000000,69178247,69178248,1782866120855163,True,True
45325575,0.56580000,200.20000000,69178249,69178250,1782866120855163,True,True
45325576,0.56570000,824.20000000,69178251,69178253,1782866120855163,True,True
45325577,0.56560000,400.20000000,69178254,69178256,1782866120855163,True,True
45325578,0.56550000,1480.20000000,69178257,69178260,1782866120855163,True,True
45325579,0.56540000,628.90000000,69178261,69178263,1782866120856549,True,True
45325580,0.56530000,209.00000000,69178264,69178265,1782866120856549,True,True
45325581,0.56550000,381.10000000,69178266,69178268,1782866120860616,True,True
45325582,0.56530000,227.90000000,69178269,69178270,1782866120861639,True,True
45325583,0.56550000,24.80000000,69178271,69178271,1782866120938933,False,True
45325584,0.56550000,24.80000000,69178272,69178272,1782866120938938,False,True
45325585,0.56550000,24.80000000,69178273,69178273,1782866120939012,False,True
45325586,0.56520000,390.20000000,69178274,69178277,1782866123512528,True,True
45325587,0.56510000,9.00000000,69178278,69178278,1782866123541842,True,True
45325588,0.56500000,9.00000000,69178279,69178279,1782866123541842,True,True
45325589,0.56490000,9.00000000,69178280,69178280,1782866123541842,True,True
45325590,0.56480000,18.70000000,69178281,69178282,1782866123541842,True,True
45325591,0.56470000,32.30000000,69178283,69178284,1782866123541842,True,True
45325592,0.56490000,36.70000000,69178285,69178285,1782866123560570,False,True
45325593,0.56490000,95.70000000,69178286,69178286,1782866123562295,False,True
45325594,0.56490000,78.00000000,69178287,69178287,1782866123592063,True,True
45325595,0.56480000,44.40000000,69178288,69178289,1782866123619437,True,True
45325596,0.56470000,9.00000000,69178290,69178290,1782866123619437,True,True
45325597,0.56460000,200.20000000,69178291,69178292,1782866123619437,True,True
45325598,0.56450000,124.70000000,69178293,69178294,1782866123619437,True,True
45325599,0.56460000,9.00000000,69178295,69178295,1782866123954734,True,True
45325600,0.56450000,9.00000000,69178296,69178296,1782866123954734,True,True
45325601,0.56440000,279.30000000,69178297,69178298,1782866123956314,True,True
45325602,0.56430000,18.30000000,69178299,69178300,1782866123960152,True,True
45325603,0.56430000,95.70000000,69178301,69178301,1782866123962791,False,True
45325604,0.56450000,15.90000000,69178302,69178302,1782866123982828,False,True
45325605,0.56440000,1010.40000000,69178303,69178303,1782866123984975,False,True
45325606,0.56420000,9.00000000,69178304,69178304,1782866124419538,True,True
45325607,0.56410000,9.10000000,69178305,69178305,1782866124419538,True,True
45325608,0.56400000,30.30000000,69178306,69178307,1782866124420842,True,True
45325609,0.56390000,8.90000000,69178308,69178308,1782866124426151,True,True
45325610,0.56380000,8.90000000,69178309,69178309,1782866124426151,True,True
45325611,0.56370000,17.80000000,69178310,69178311,1782866124426151,True,True
45325612,0.56360000,8.90000000,69178312,69178312,1782866124426151,True,True
45325613,0.56350000,8.90000000,69178313,69178313,1782866124426151,True,True
45325614,0.56340000,8.90000000,69178314,69178314,1782866124426520,True,True
45325615,0.56350000,9.30000000,69178315,69178315,1782866124429427,False,True
45325616,0.56350000,17.70000000,69178316,69178316,1782866124429432,False,True
45325617,0.56390000,35.50000000,69178317,69178317,1782866124477068,False,True
45325618,0.56390000,35.50000000,69178318,69178318,1782866124477216,False,True
45325619,0.56390000,35.50000000,69178319,69178320,1782866124477221,False,True
45325620,0.56390000,35.50000000,69178321,69178321,1782866124477260,False,True
45325621,0.56390000,35.50000000,69178322,69178322,1782866124477323,False,True
45325622,0.56390000,35.50000000,69178323,69178323,1782866124477392,False,True
45325623,0.56390000,35.50000000,69178324,69178324,1782866124477606,False,True
45325624,0.56390000,24.30000000,69178325,69178325,1782866124477866,False,True
45325625,0.56400000,11.20000000,69178326,69178326,1782866124477866,False,True
45325626,0.56400000,35.50000000,69178327,69178327,1782866124478011,False,True
45325627,0.56400000,35.50000000,69178328,69178329,1782866124478051,False,True
45325628,0.56400000,8.50000000,69178330,69178330,1782866124478184,False,True
45325629,0.56410000,27.00000000,69178331,69178331,1782866124478184,False,True
45325630,0.56410000,35.50000000,69178332,69178332,1782866124478382,False,True
45325631,0.56410000,35.50000000,69178333,69178333,1782866124478500,False,True
45325632,0.56410000,35.50000000,69178334,69178334,1782866124478637,False,True
45325633,0.56410000,31.90000000,69178335,69178335,1782866124479872,False,True
45325634,0.56410000,34.90000000,69178336,69178337,1782866124496938,False,True
45325635,0.56420000,0.60000000,69178338,69178338,1782866124496938,False,True
45325636,0.56410000,35.50000000,69178339,69178339,1782866124513648,False,True
45325637,0.56410000,35.50000000,69178340,69178340,1782866124514255,False,True
45325638,0.56410000,35.50000000,69178341,69178341,1782866124517155,False,True
45325639,0.56400000,276.40000000,69178342,69178342,1782866124658818,True,True
45325640,0.56390000,726.50000000,69178343,69178344,1782866124660579,True,True
45325641,0.56390000,276.60000000,69178345,69178345,1782866124663160,True,True
45325642,0.56390000,25.20000000,69178346,69178346,1782866124721674,False,True
45325643,0.56390000,23.00000000,69178347,69178347,1782866125196552,False,True
45325644,0.56390000,28.40000000,69178348,69178348,1782866125197489,False,True
45325645,0.56390000,1211.70000000,69178349,69178349,1782866125231694,False,True
45325646,0.56400000,9.10000000,69178350,69178350,1782866125260600,False,True
45325647,0.56400000,1263.10000000,69178351,69178351,1782866125484748,False,True
45325648,0.56410000,9.10000000,69178352,69178352,1782866125609146,False,True
45325649,0.56420000,9.10000000,69178353,69178353,1782866125609146,False,True
45325650,0.56430000,9.10000000,69178354,69178354,1782866125610485,False,True
45325651,0.56440000,9.10000000,69178355,69178355,1782866125750161,False,True
45325652,0.56450000,9.10000000,69178356,69178356,1782866125750161,False,True
45325653,0.56460000,9.10000000,69178357,69178357,1782866127691621,False,True
45325654,0.56470000,9.00000000,69178358,69178358,1782866127691621,False,True
45325655,0.56480000,2105.30000000,69178359,69178360,1782866127691621,False,True
45325656,0.56490000,90.70000000,69178361,69178362,1782866127691621,False,True
45325657,0.56460000,626.80000000,69178363,69178363,1782866127691769,False,True
45325658,0.56500000,543.30000000,69178364,69178365,1782866127692985,False,True
45325659,0.56510000,9.00000000,69178366,69178366,1782866127692985,False,True
45325660,0.56520000,9.00000000,69178367,69178367,1782866127692985,False,True
45325661,0.56530000,9.00000000,69178368,69178368,1782866127708461,False,True
45325662,0.56540000,9.00000000,69178369,69178369,1782866127708461,False,True
45325663,0.56550000,9.00000000,69178370,69178370,1782866127710667,False,True
45325664,0.56560000,9.00000000,69178371,69178371,1782866127738684,False,True
45325665,0.56570000,9.00000000,69178372,69178372,1782866127738684,False,True
45325666,0.56580000,9.00000000,69178373,69178373,1782866127741905,False,True
45325667,0.56590000,9.00000000,69178374,69178374,1782866127756860,False,True
45325668,0.56600000,9.00000000,69178375,69178375,1782866127764268,False,True
45325669,0.56610000,9.00000000,69178376,69178376,1782866127767705,False,True
45325670,0.56620000,9.00000000,69178377,69178377,1782866127768616,False,True
45325671,0.56630000,9.00000000,69178378,69178378,1782866127769218,False,True
45325672,0.56640000,115.20000000,69178379,69178380,1782866127770362,False,True
45325673,0.56640000,85.00000000,69178381,69178381,1782866127770618,False,True
45325674,0.56580000,185.40000000,69178382,69178382,1782866127817803,True,True
45325675,0.56590000,66.50000000,69178383,69178383,1782866127963641,True,True
45325676,0.56590000,107.80000000,69178384,69178384,1782866127984866,True,True
45325677,0.56600000,246.10000000,69178385,69178385,1782866130372445,True,True
45325678,0.56590000,9.00000000,69178386,69178386,1782866130372445,True,True
45325679,0.56580000,976.80000000,69178387,69178410,1782866130372445,True,True
45325680,0.56570000,200.20000000,69178411,69178412,1782866130372445,True,True
45325681,0.56560000,742.50000000,69178413,69178416,1782866130372445,True,True
45325682,0.56550000,9.00000000,69178417,69178417,1782866130372445,True,True
45325683,0.56540000,9.00000000,69178418,69178418,1782866130372445,True,True
45325684,0.56530000,665.50000000,69178419,69178421,1782866130372445,True,True
45325685,0.56520000,2141.90000000,69178422,69178424,1782866130372445,True,True
45325686,0.56610000,31.30000000,69178425,69178425,1782866130573698,False,True
45325687,0.56610000,29.30000000,69178426,69178426,1782866130573845,False,True
45325688,0.56610000,29.60000000,69178427,69178427,1782866130573977,False,True
45325689,0.56610000,9.00000000,69178428,69178428,1782866130577161,False,True
45325690,0.56620000,21.80000000,69178429,69178429,1782866130577161,False,True
45325691,0.56620000,9.00000000,69178430,69178430,1782866130582062,False,True
45325692,0.56630000,22.30000000,69178431,69178431,1782866130582062,False,True
45325693,0.56630000,29.60000000,69178432,69178432,1782866130583457,False,True
45325694,0.56630000,30.80000000,69178433,69178433,1782866130583668,False,True
45325695,0.56630000,29.60000000,69178434,69178434,1782866130589791,False,True
45325696,0.56630000,30.80000000,69178435,69178435,1782866130590131,False,True
45325697,0.56630000,31.30000000,69178436,69178436,1782866130590406,False,True
45325698,0.56630000,9.00000000,69178437,69178437,1782866130592985,False,True
45325699,0.56640000,22.30000000,69178438,69178438,1782866130592985,False,True
45325700,0.56640000,29.50000000,69178439,69178439,1782866130595268,False,True
45325701,0.56640000,30.80000000,69178440,69178440,1782866130595341,False,True
45325702,0.56630000,322.80000000,69178441,69178443,1782866135770841,True,True
45325703,0.56620000,9.00000000,69178444,69178444,1782866135770841,True,True
45325704,0.56610000,255.10000000,69178445,69178446,1782866135770841,True,True
45325705,0.56600000,200.20000000,69178447,69178448,1782866135770841,True,True
45325706,0.56590000,90.40000000,69178449,69178450,1782866135770841,True,True
45325707,0.56580000,724.90000000,69178451,69178453,1782866135770841,True,True
45325708,0.56570000,200.20000000,69178454,69178455,1782866135770841,True,True
45325709,0.56560000,1613.20000000,69178456,69178458,1782866135770841,True,True
45325710,0.56550000,898.40000000,69178459,69178462,1782866135770841,True,True
45325711,0.56540000,200.20000000,69178463,69178464,1782866135770841,True,True
45325712,0.56530000,485.60000000,69178465,69178466,1782866135770841,True,True
45325713,0.56530000,305.80000000,69178467,69178471,1782866143528768,True,True
45325714,0.56520000,9.00000000,69178472,69178472,1782866143528768,True,True
45325715,0.56510000,9.00000000,69178473,69178473,1782866143528768,True,True
45325716,0.56500000,255.10000000,69178474,69178475,1782866143528768,True,True
45325717,0.56490000,655.20000000,69178476,69178478,1782866143528768,True,True
45325718,0.56480000,200.20000000,69178479,69178480,1782866143528768,True,True
45325719,0.56470000,300.20000000,69178481,69178483,1782866143528768,True,True
45325720,0.56460000,925.40000000,69178484,69178487,1782866143528768,True,True
45325721,0.56450000,300.20000000,69178488,69178490,1782866143528768,True,True
45325722,0.56440000,200.20000000,69178491,69178492,1782866143528768,True,True
45325723,0.56430000,1839.70000000,69178493,69178495,1782866143528768,True,True
45325724,0.56520000,30.50000000,69178496,69178496,1782866143790174,False,True
45325725,0.56520000,34.30000000,69178497,69178497,1782866143790206,False,True
45325726,0.56520000,34.00000000,69178498,69178498,1782866143790534,False,True
45325727,0.56520000,34.30000000,69178499,69178499,1782866146557254,False,True
45325728,0.56520000,30.50000000,69178500,69178500,1782866146557303,False,True
45325729,0.56520000,34.00000000,69178501,69178502,1782866146557378,False,True
45325730,0.56490000,255.10000000,69178503,69178504,1782866147974902,True,True
45325731,0.56480000,752.40000000,69178505,69178526,1782866147974902,True,True
45325732,0.56470000,591.10000000,69178527,69178528,1782866147974902,True,True
45325733,0.56460000,200.20000000,69178529,69178530,1782866147974902,True,True
45325734,0.56450000,1201.80000000,69178531,69178535,1782866147974902,True,True
45325735,0.56440000,494.60000000,69178536,69178538,1782866147974902,True,True
45325736,0.56430000,45.80000000,69178539,69178540,1782866147974902,True,True
45325737,0.56420000,200.30000000,69178541,69178542,1782866147974902,True,True
45325738,0.56410000,1258.70000000,69178543,69178546,1782866147974902,True,True
45325739,0.56430000,246.10000000,69178547,69178547,1782866153644739,True,True
45325740,0.56420000,1151.60000000,69178548,69178574,1782866153644739,True,True
45325741,0.56410000,9.10000000,69178575,69178575,1782866153644739,True,True
45325742,0.56400000,591.90000000,69178576,69178577,1782866153644739,True,True
45325743,0.56390000,9.10000000,69178578,69178578,1782866153644739,True,True
45325744,0.56380000,496.30000000,69178579,69178580,1782866153644739,True,True
45325745,0.56370000,200.30000000,69178581,69178582,1782866153644739,True,True
45325746,0.56360000,200.30000000,69178583,69178584,1782866153644739,True,True
45325747,0.56350000,200.30000000,69178585,69178586,1782866153644739,True,True
45325748,0.56340000,200.30000000,69178587,69178588,1782866153644739,True,True
45325749,0.56330000,200.10000000,69178589,69178590,1782866153644739,True,True
45325750,0.56320000,209.80000000,69178591,69178593,1782866153644739,True,True
45325751,0.56310000,1284.80000000,69178594,69178595,1782866153644739,True,True
45325752,0.56410000,61.10000000,69178596,69178596,1782866155469341,False,True
45325753,0.56410000,55.10000000,69178597,69178597,1782866155472000,False,True
45325754,0.56410000,60.10000000,69178598,69178598,1782866155472208,False,True
45325755,0.56360000,887.50000000,69178599,69178623,1782866158634626,True,True
45325756,0.56350000,255.20000000,69178624,69178625,1782866158634626,True,True
45325757,0.56340000,9.10000000,69178626,69178626,1782866158634626,True,True
45325758,0.56330000,9.10000000,69178627,69178627,1782866158634626,True,True
45325759,0.56320000,433.20000000,69178628,69178629,1782866158634626,True,True
45325760,0.56310000,9.10000000,69178630,69178630,1782866158634626,True,True
45325761,0.56300000,9.00000000,69178631,69178631,1782866158634626,True,True
45325762,0.56290000,200.20000000,69178632,69178633,1782866158634626,True,True
45325763,0.56280000,9.00000000,69178634,69178634,1782866158634626,True,True
45325764,0.56270000,200.20000000,69178635,69178636,1782866158634626,True,True
45325765,0.56260000,209.30000000,69178637,69178639,1782866158634626,True,True
45325766,0.56250000,300.20000000,69178640,69178642,1782866158634626,True,True
45325767,0.56240000,200.20000000,69178643,69178644,1782866158634626,True,True
45325768,0.56230000,2268.70000000,69178645,69178647,1782866158634626,True,True
45325769,0.56250000,440.80000000,69178648,69178660,1782866159128368,True,True
45325770,0.56250000,449.20000000,69178661,69178673,1782866159129591,True,True
45325771,0.56240000,387.70000000,69178674,69178675,1782866159130069,True,True
45325772,0.56310000,26.60000000,69178676,69178676,1782866159525885,False,True
45325773,0.56270000,35.60000000,69178677,69178677,1782866160292245,False,True
45325774,0.56270000,35.60000000,69178678,69178678,1782866160292347,False,True
45325775,0.56270000,35.60000000,69178679,69178679,1782866160292370,False,True
45325776,0.56270000,35.60000000,69178680,69178680,1782866160292588,False,True
45325777,0.56270000,35.60000000,69178681,69178681,1782866160292666,False,True
45325778,0.56270000,13.20000000,69178682,69178682,1782866160292672,False,True
45325779,0.56280000,22.40000000,69178683,69178683,1782866160292672,False,True
45325780,0.56280000,35.60000000,69178684,69178685,1782866160292731,False,True
45325781,0.56280000,35.60000000,69178686,69178686,1782866160292755,False,True
45325782,0.56280000,35.60000000,69178687,69178687,1782866160292762,False,True
45325783,0.56280000,35.60000000,69178688,69178688,1782866160292866,False,True
45325784,0.56280000,35.60000000,69178689,69178689,1782866160292923,False,True
45325785,0.56280000,27.60000000,69178690,69178690,1782866160292984,False,True
45325786,0.56290000,8.00000000,69178691,69178691,1782866160292984,False,True
45325787,0.56290000,35.60000000,69178692,69178692,1782866160293264,False,True
45325788,0.56290000,35.60000000,69178693,69178693,1782866160293280,False,True
45325789,0.56290000,35.60000000,69178694,69178694,1782866160293582,False,True
45325790,0.56270000,40.00000000,69178695,69178695,1782866160294372,False,True
45325791,0.56270000,126.50000000,69178696,69178696,1782866160295509,False,True
45325792,0.56270000,24.70000000,69178697,69178697,1782866160296598,False,True
45325793,0.56290000,20.00000000,69178698,69178699,1782866160310078,False,True
45325794,0.56290000,20.00000000,69178700,69178700,1782866160310435,False,True
45325795,0.56280000,1575.90000000,69178701,69178702,1782866160311237,True,True
45325796,0.56280000,1503.00000000,69178703,69178704,1782866160311855,True,True
45325797,0.56270000,583.90000000,69178705,69178706,1782866160312616,True,True
45325798,0.56260000,1881.70000000,69178707,69178709,1782866160312616,True,True
45325799,0.56290000,160.30000000,69178710,69178710,1782866160312957,False,True
45325800,0.56300000,35.60000000,69178711,69178711,1782866160313693,False,True
45325801,0.56260000,583.90000000,69178712,69178724,1782866160314373,True,True
45325802,0.56250000,9.10000000,69178725,69178725,1782866160314373,True,True
45325803,0.56270000,35.60000000,69178726,69178726,1782866160315474,False,True
45325804,0.56240000,33.70000000,69178727,69178727,1782866160315820,True,True
45325805,0.56270000,35.60000000,69178728,69178728,1782866160324180,False,True
45325806,0.56270000,24.50000000,69178729,69178729,1782866160326632,False,True
45325807,0.56300000,461.80000000,69178730,69178731,1782866165708222,False,True
45325808,0.56310000,450.90000000,69178732,69178733,1782866165709758,False,True
45325809,0.56320000,9.10000000,69178734,69178734,1782866165740328,False,True
45325810,0.56330000,9.10000000,69178735,69178735,1782866165740328,False,True
45325811,0.56330000,581.20000000,69178736,69178736,1782866165820336,False,True
45325812,0.56340000,9.10000000,69178737,69178737,1782866165828969,False,True
45325813,0.56350000,9.10000000,69178738,69178738,1782866165828969,False,True
45325814,0.56360000,9.10000000,69178739,69178739,1782866165833657,False,True
45325815,0.56370000,91.30000000,69178740,69178741,1782866165833657,False,True
45325816,0.56380000,9.10000000,69178742,69178742,1782866168790657,False,True
45325817,0.56390000,67.70000000,69178743,69178744,1782866168790657,False,True
45325818,0.56390000,79.60000000,69178745,69178745,1782866168790678,False,True
45325819,0.56390000,490.00000000,69178746,69178746,1782866168790870,False,True
45325820,0.56400000,456.50000000,69178747,69178748,1782866168790963,False,True
45325821,0.56410000,9.10000000,69178749,69178749,1782866168790963,False,True
45325822,0.56420000,9.10000000,69178750,69178750,1782866168791175,False,True
45325823,0.56430000,9.10000000,69178751,69178751,1782866168791175,False,True
45325824,0.56440000,9.10000000,69178752,69178752,1782866168791175,False,True
45325825,0.56450000,9.10000000,69178753,69178753,1782866168791232,False,True
45325826,0.56460000,9.10000000,69178754,69178754,1782866168791232,False,True
45325827,0.56470000,120.80000000,69178755,69178756,1782866168791232,False,True
45325828,0.56480000,9.10000000,69178757,69178757,1782866168791232,False,True
45325829,0.56490000,341.10000000,69178758,69178759,1782866168791232,False,True
45325830,0.56500000,9.10000000,69178760,69178760,1782866168791304,False,True
45325831,0.56510000,9.10000000,69178761,69178761,1782866168791304,False,True
45325832,0.56520000,367.90000000,69178762,69178763,1782866168791304,False,True
45325833,0.56530000,9.00000000,69178764,69178764,1782866168791471,False,True
45325834,0.56540000,67.90000000,69178765,69178766,1782866168791471,False,True
45325835,0.56540000,200.20000000,69178767,69178767,1782866168792847,False,True
45325836,0.56540000,67.40000000,69178768,69178768,1782866168792930,False,True
45325837,0.56550000,9.00000000,69178769,69178769,1782866168793084,False,True
45325838,0.56560000,9.00000000,69178770,69178770,1782866168793084,False,True
45325839,0.56570000,9.00000000,69178771,69178771,1782866168793084,False,True
45325840,0.56580000,200.20000000,69178772,69178773,1782866168793084,False,True
45325841,0.56590000,9.00000000,69178774,69178774,1782866168793084,False,True
45325842,0.56600000,200.20000000,69178775,69178776,1782866168793084,False,True
45325843,0.56610000,132.10000000,69178777,69178778,1782866168793084,False,True
45325844,0.56620000,200.20000000,69178779,69178780,1782866168793084,False,True
45325845,0.56630000,39.00000000,69178781,69178781,1782866168793084,False,True
45325846,0.56540000,67.10000000,69178782,69178782,1782866168794101,False,True
45325847,0.56620000,251.40000000,69178783,69178783,1782866168794101,False,True
45325848,0.56540000,67.10000000,69178784,69178784,1782866168795050,False,True
45325849,0.56540000,23.20000000,69178785,69178785,1782866168795519,False,True
45325850,0.56540000,84.70000000,69178786,69178786,1782866168795606,False,True
45325851,0.56540000,191.20000000,69178787,69178788,1782866168795729,False,True
45325852,0.56540000,36.70000000,69178789,69178789,1782866168798758,False,True
45325853,0.56540000,44.10000000,69178790,69178790,1782866168798759,False,True
45325854,0.56540000,80.80000000,69178791,69178791,1782866168804420,False,True
45325855,0.56550000,52.20000000,69178792,69178792,1782866168808951,False,True
45325856,0.56550000,42.50000000,69178793,69178793,1782866168808967,False,True
45325857,0.56550000,44.20000000,69178794,69178794,1782866168809018,False,True
45325858,0.56550000,52.20000000,69178795,69178795,1782866168810229,False,True
45325859,0.56550000,28.50000000,69178796,69178796,1782866168810377,False,True
45325860,0.56550000,28.50000000,69178797,69178797,1782866168813303,False,True
45325861,0.56560000,86.70000000,69178798,69178799,1782866168813434,False,True
45325862,0.56550000,168.30000000,69178800,69178800,1782866168816147,False,True
45325863,0.56570000,9.00000000,69178801,69178801,1782866168820747,False,True
45325864,0.56590000,77.70000000,69178802,69178802,1782866168820747,False,True
45325865,0.56590000,4.40000000,69178803,69178803,1782866168821039,False,True
45325866,0.56630000,76.30000000,69178804,69178804,1782866168821039,False,True
45325867,0.56590000,9.00000000,69178805,69178805,1782866168822503,False,True
45325868,0.56600000,9.00000000,69178806,69178806,1782866168822503,False,True
45325869,0.56630000,62.60000000,69178807,69178807,1782866168822503,False,True
45325870,0.56630000,44.40000000,69178808,69178809,1782866168833289,False,True
45325871,0.56640000,42.20000000,69178810,69178810,1782866168833289,False,True
45325872,0.56520000,78.10000000,69178811,69178812,1782866168833849,True,True
45325873,0.56640000,86.60000000,69178813,69178815,1782866168840466,False,True
45325874,0.56640000,80.60000000,69178816,69178816,1782866168840686,False,True
45325875,0.56650000,62.50000000,69178817,69178818,1782866168843976,False,True
45325876,0.56650000,18.20000000,69178819,69178819,1782866168845393,False,True
45325877,0.56650000,80.50000000,69178820,69178820,1782866168870440,False,True
45325878,0.56650000,39.00000000,69178821,69178821,1782866168870591,False,True
45325879,0.56660000,43.10000000,69178822,69178822,1782866168870591,False,True
45325880,0.56660000,86.60000000,69178823,69178823,1782866168870652,False,True
45325881,0.56570000,15.80000000,69178824,69178824,1782866168920393,False,True
45325882,0.56560000,146.90000000,69178825,69178826,1782866168952777,True,True
45325883,0.56560000,207.00000000,69178827,69178830,1782866168960532,True,True
45325884,0.56610000,200.20000000,69178831,69178832,1782866168983044,False,True
45325885,0.56620000,9.00000000,69178833,69178833,1782866168983044,False,True
45325886,0.56630000,9.00000000,69178834,69178834,1782866168983044,False,True
45325887,0.56640000,9.00000000,69178835,69178835,1782866168983044,False,True
45325888,0.56650000,576.80000000,69178836,69178837,1782866168983044,False,True
45325889,0.56550000,9.00000000,69178838,69178838,1782866169195129,True,True
45325890,0.56540000,9.00000000,69178839,69178839,1782866169540583,True,True
45325891,0.56530000,9.00000000,69178840,69178840,1782866169540583,True,True
45325892,0.56520000,9.00000000,69178841,69178841,1782866170234340,True,True
45325893,0.56510000,9.00000000,69178842,69178842,1782866170234340,True,True
45325894,0.56530000,9.00000000,69178843,69178843,1782866171885860,False,True
45325895,0.56540000,113.00000000,69178844,69178845,1782866171885860,False,True
45325896,0.56550000,9.00000000,69178846,69178846,1782866171946717,False,True
45325897,0.56560000,9.00000000,69178847,69178847,1782866171946717,False,True
45325898,0.56570000,9.00000000,69178848,69178848,1782866171950541,False,True
45325899,0.56580000,9.00000000,69178849,69178849,1782866171950541,False,True
45325900,0.56570000,820.40000000,69178850,69178854,1782866178876329,True,True
45325901,0.56560000,255.10000000,69178855,69178856,1782866178876329,True,True
45325902,0.56550000,200.20000000,69178857,69178858,1782866178876329,True,True
45325903,0.56540000,626.00000000,69178859,69178861,1782866178876329,True,True
45325904,0.56530000,281.90000000,69178862,69178864,1782866178876329,True,True
45325905,0.56520000,9.00000000,69178865,69178865,1782866178876329,True,True
45325906,0.56510000,400.20000000,69178866,69178868,1782866178876329,True,True
45325907,0.56500000,400.20000000,69178869,69178871,1782866178876329,True,True
45325908,0.56490000,209.00000000,69178872,69178873,1782866178876329,True,True
45325909,0.56480000,9.00000000,69178874,69178874,1782866178876329,True,True
45325910,0.56470000,200.20000000,69178875,69178876,1782866178876329,True,True
45325911,0.56460000,200.20000000,69178877,69178878,1782866178876329,True,True
45325912,0.56450000,200.20000000,69178879,69178880,1782866178876329,True,True
45325913,0.56440000,200.20000000,69178881,69178882,1782866178876329,True,True
45325914,0.56430000,988.20000000,69178883,69178885,1782866178876329,True,True
45325915,0.56460000,1322.10000000,69178886,69178912,1782866178910927,True,True
45325916,0.56460000,1198.60000000,69178913,69178923,1782866183906792,True,True
45325917,0.56450000,1727.10000000,69178924,69178947,1782866183906792,True,True
45325918,0.56440000,283.00000000,69178948,69178950,1782866183906792,True,True
45325919,0.56430000,9.00000000,69178951,69178951,1782866183906792,True,True
45325920,0.56420000,200.20000000,69178952,69178953,1782866183906792,True,True
45325921,0.56410000,9.00000000,69178954,69178954,1782866183906792,True,True
45325922,0.56400000,32.20000000,69178955,69178956,1782866183906792,True,True
45325923,0.56390000,400.20000000,69178957,69178959,1782866183906792,True,True
45325924,0.56380000,209.00000000,69178960,69178961,1782866183906792,True,True
45325925,0.56370000,209.50000000,69178962,69178964,1782866183906792,True,True
45325926,0.56360000,722.20000000,69178965,69178966,1782866183906792,True,True
45325927,0.56480000,109.50000000,69178967,69178967,1782866193353925,False,True
45325928,0.56480000,108.00000000,69178968,69178968,1782866193354017,False,True
45325929,0.56480000,104.70000000,69178969,69178969,1782866193354294,False,True
45325930,0.56490000,9.10000000,69178970,69178970,1782866193387652,False,True
45325931,0.56500000,45.90000000,69178971,69178972,1782866193387652,False,True
45325932,0.56470000,590.80000000,69178973,69178973,1782866197489270,True,True
45325933,0.56460000,1378.60000000,69178974,69178994,1782866197489270,True,True
45325934,0.56450000,255.10000000,69178995,69178996,1782866197489270,True,True
45325935,0.56440000,200.20000000,69178997,69178998,1782866197489270,True,True
45325936,0.56430000,200.20000000,69178999,69179000,1782866197489270,True,True
45325937,0.56420000,613.40000000,69179001,69179003,1782866197489270,True,True
45325938,0.56410000,200.30000000,69179004,69179005,1782866197489270,True,True
45325939,0.56400000,200.30000000,69179006,69179007,1782866197489270,True,True
45325940,0.56390000,200.30000000,69179008,69179009,1782866197489270,True,True
45325941,0.56380000,323.40000000,69179010,69179012,1782866197489270,True,True
45325942,0.56370000,200.30000000,69179013,69179014,1782866197489270,True,True
45325943,0.56360000,637.10000000,69179015,69179017,1782866197489270,True,True
45325944,0.56420000,460.00000000,69179018,69179018,1782866207238786,True,True
45325945,0.56410000,1710.50000000,69179019,69179042,1782866207238786,True,True
45325946,0.56400000,9.10000000,69179043,69179043,1782866207238786,True,True
45325947,0.56390000,9.10000000,69179044,69179044,1782866207238786,True,True
45325948,0.56380000,9.10000000,69179045,69179045,1782866207238786,True,True
45325949,0.56370000,388.00000000,69179046,69179047,1782866207238786,True,True
45325950,0.56360000,200.30000000,69179048,69179049,1782866207238786,True,True
45325951,0.56350000,9.00000000,69179050,69179050,1782866207238786,True,True
45325952,0.56340000,200.20000000,69179051,69179052,1782866207238786,True,True
45325953,0.56330000,400.30000000,69179053,69179055,1782866207238786,True,True
45325954,0.56320000,209.20000000,69179056,69179058,1782866207238786,True,True
45325955,0.56310000,246.80000000,69179059,69179061,1782866207238786,True,True
45325956,0.56300000,200.30000000,69179062,69179063,1782866207238786,True,True
45325957,0.56290000,200.30000000,69179064,69179065,1782866207238786,True,True
45325958,0.56280000,200.30000000,69179066,69179067,1782866207238786,True,True
45325959,0.56270000,267.40000000,69179068,69179070,1782866207238786,True,True
45325960,0.56260000,280.10000000,69179071,69179075,1782866207238786,True,True
45325961,0.56400000,93.10000000,69179076,69179076,1782866210658414,False,True
45325962,0.56400000,98.10000000,69179077,69179077,1782866210660104,False,True
45325963,0.56410000,200.30000000,69179078,69179079,1782866210681715,False,True
45325964,0.56420000,9.10000000,69179080,69179080,1782866210683228,False,True
45325965,0.56430000,10.90000000,69179081,69179082,1782866210683228,False,True
45325966,0.56430000,20.00000000,69179083,69179083,1782866210683305,False,True
45325967,0.56440000,35.50000000,69179084,69179084,1782866210685901,False,True
45325968,0.56440000,25.80000000,69179085,69179085,1782866210686035,False,True
45325969,0.56440000,20.00000000,69179086,69179086,1782866210697981,False,True
45325970,0.56440000,20.00000000,69179087,69179087,1782866210698857,False,True
45325971,0.56440000,20.00000000,69179088,69179088,1782866210701309,False,True
45325972,0.56440000,14.00000000,69179089,69179089,1782866210883666,False,True
45325973,0.56440000,14.00000000,69179090,69179090,1782866210883858,False,True
45325974,0.56440000,14.00000000,69179091,69179091,1782866210897622,False,True
45325975,0.56440000,14.00000000,69179092,69179092,1782866210899736,False,True
45325976,0.56440000,14.00000000,69179093,69179093,1782866210900055,False,True
45325977,0.56440000,9.10000000,69179094,69179094,1782866211081525,False,True
45325978,0.56440000,9.10000000,69179095,69179095,1782866211081694,False,True
45325979,0.56440000,9.10000000,69179096,69179096,1782866211097034,False,True
45325980,0.56440000,9.10000000,69179097,69179097,1782866211099267,False,True
45325981,0.56440000,9.10000000,69179098,69179098,1782866211099930,False,True
45325982,0.56440000,24.80000000,69179099,69179100,1782866215617284,False,True
45325983,0.56450000,9.10000000,69179101,69179101,1782866215617299,False,True
45325984,0.56460000,149.90000000,69179102,69179102,1782866215617299,False,True
45325985,0.56460000,162.00000000,69179103,69179104,1782866215617374,False,True
45325986,0.56460000,407.70000000,69179105,69179105,1782866215617400,False,True
45325987,0.56470000,120.40000000,69179106,69179107,1782866215617400,False,True
45325988,0.56480000,200.30000000,69179108,69179109,1782866215617400,False,True
45325989,0.56490000,115.30000000,69179110,69179111,1782866215617400,False,True
45325990,0.56490000,35.50000000,69179112,69179112,1782866215617557,False,True
45325991,0.56490000,169.10000000,69179113,69179113,1782866215617560,False,True
45325992,0.56490000,35.50000000,69179114,69179114,1782866215617569,False,True
45325993,0.56490000,35.50000000,69179115,69179115,1782866215617574,False,True
45325994,0.56490000,35.50000000,69179116,69179116,1782866215617578,False,True
45325995,0.56490000,134.30000000,69179117,69179117,1782866215617618,False,True
45325996,0.56500000,9.10000000,69179118,69179118,1782866215617628,False,True
45325997,0.56510000,9.10000000,69179119,69179119,1782866215617628,False,True
45325998,0.56520000,17.30000000,69179120,69179121,1782866215617628,False,True
45325999,0.56520000,35.50000000,69179122,69179122,1782866215617651,False,True
45326000,0.56520000,156.20000000,69179123,69179123,1782866215617695,False,True
45326001,0.56530000,120.10000000,69179124,69179125,1782866215617695,False,True
45326002,0.56540000,9.00000000,69179126,69179126,1782866215617732,False,True
45326003,0.56550000,9.00000000,69179127,69179127,1782866215617732,False,True
45326004,0.56560000,35.50000000,69179128,69179128,1782866215617736,False,True
45326005,0.56560000,35.50000000,69179129,69179129,1782866215617997,False,True
45326006,0.56560000,89.30000000,69179130,69179132,1782866215618020,False,True
45326007,0.56530000,35.50000000,69179133,69179133,1782866215619356,False,True
45326008,0.56530000,35.50000000,69179134,69179134,1782866215619415,False,True
45326009,0.56530000,35.50000000,69179135,69179136,1782866215619584,False,True
45326010,0.56530000,35.50000000,69179137,69179137,1782866215619717,False,True
45326011,0.56540000,35.50000000,69179138,69179138,1782866215620044,False,True
45326012,0.56510000,35.50000000,69179139,69179139,1782866215620240,False,True
45326013,0.56510000,35.50000000,69179140,69179140,1782866215620299,False,True
45326014,0.56530000,35.50000000,69179141,69179141,1782866215639100,False,True
45326015,0.56530000,35.50000000,69179142,69179142,1782866215640988,False,True
45326016,0.56530000,35.50000000,69179143,69179143,1782866215643517,False,True
45326017,0.56460000,166.70000000,69179144,69179144,1782866220557185,False,True
45326018,0.56470000,9.00000000,69179145,69179145,1782866220557520,False,True
45326019,0.56480000,46.00000000,69179146,69179146,1782866220557520,False,True
45326020,0.56480000,400.40000000,69179147,69179148,1782866220557877,False,True
45326021,0.56480000,106.70000000,69179149,69179149,1782866220558845,False,True
45326022,0.56490000,170.80000000,69179150,69179150,1782866220559226,False,True
45326023,0.56490000,9.00000000,69179151,69179151,1782866225152444,False,True
45326024,0.56500000,11.30000000,69179152,69179152,1782866225152444,False,True
45326025,0.56500000,10.40000000,69179153,69179154,1782866227075053,False,True
45326026,0.56500000,10.40000000,69179155,69179155,1782866227075067,False,True
45326027,0.56500000,10.40000000,69179156,69179156,1782866227090510,False,True
45326028,0.56500000,10.40000000,69179157,69179157,1782866227091964,False,True
45326029,0.56500000,10.40000000,69179158,69179158,1782866227093221,False,True
45326030,0.56510000,9.00000000,69179159,69179159,1782866232120396,False,True
45326031,0.56520000,166.60000000,69179160,69179160,1782866232120396,False,True
45326032,0.56520000,171.40000000,69179161,69179163,1782866232120450,False,True
45326033,0.56520000,101.20000000,69179164,69179164,1782866232120468,False,True
45326034,0.56530000,9.00000000,69179165,69179165,1782866232120468,False,True
45326035,0.56540000,69.60000000,69179166,69179166,1782866232120468,False,True
45326036,0.56510000,918.70000000,69179167,69179186,1782866232598213,True,True
45326037,0.56500000,9.00000000,69179187,69179187,1782866232598213,True,True
45326038,0.56490000,640.50000000,69179188,69179191,1782866232598213,True,True
45326039,0.56480000,508.30000000,69179192,69179193,1782866232598213,True,True
45326040,0.56470000,9.00000000,69179194,69179194,1782866232598213,True,True
45326041,0.56460000,9.00000000,69179195,69179195,1782866232598213,True,True
45326042,0.56450000,9.00000000,69179196,69179196,1782866232598213,True,True
45326043,0.56440000,268.70000000,69179197,69179198,1782866232598213,True,True
45326044,0.56430000,209.00000000,69179199,69179200,1782866232598213,True,True
45326045,0.56420000,9.10000000,69179201,69179201,1782866232598213,True,True
45326046,0.56410000,200.30000000,69179202,69179203,1782866232598213,True,True
45326047,0.56400000,400.30000000,69179204,69179206,1782866232598213,True,True
45326048,0.56390000,200.30000000,69179207,69179208,1782866232598213,True,True
45326049,0.56380000,1608.80000000,69179209,69179211,1782866232598213,True,True
45326050,0.56420000,700.90000000,69179212,69179213,1782866238839245,True,True
45326051,0.56410000,9.10000000,69179214,69179214,1782866238839245,True,True
45326052,0.56400000,1465.00000000,69179215,69179241,1782866238839245,True,True
45326053,0.56390000,9.10000000,69179242,69179242,1782866238839245,True,True
45326054,0.56380000,9.10000000,69179243,69179243,1782866238839245,True,True
45326055,0.56370000,9.10000000,69179244,69179244,1782866238839245,True,True
45326056,0.56360000,9.10000000,69179245,69179245,1782866238839245,True,True
45326057,0.56350000,9.10000000,69179246,69179246,1782866238839245,True,True
45326058,0.56340000,209.10000000,69179247,69179248,1782866238839245,True,True
45326059,0.56330000,400.30000000,69179249,69179251,1782866238839245,True,True
45326060,0.56320000,200.30000000,69179252,69179253,1782866238839245,True,True
45326061,0.56310000,9.10000000,69179254,69179254,1782866238839245,True,True
45326062,0.56300000,200.30000000,69179255,69179256,1782866238839245,True,True
45326063,0.56290000,200.30000000,69179257,69179258,1782866238839245,True,True
45326064,0.56280000,200.30000000,69179259,69179260,1782866238839245,True,True
45326065,0.56270000,200.30000000,69179261,69179262,1782866238839245,True,True
45326066,0.56260000,1159.50000000,69179263,69179265,1782866238839245,True,True
45326067,0.56400000,191.20000000,69179266,69179266,1782866238893162,False,True
45326068,0.56410000,24.00000000,69179267,69179267,1782866238893162,False,True
45326069,0.56410000,108.60000000,69179268,69179269,1782866238893345,False,True
45326070,0.56420000,108.20000000,69179270,69179270,1782866238893345,False,True
45326071,0.56420000,92.10000000,69179271,69179272,1782866238893406,False,True
45326072,0.56430000,131.40000000,69179273,69179273,1782866238893406,False,True
45326073,0.56420000,191.20000000,69179274,69179274,1782866241062815,False,True
45326074,0.56430000,30.30000000,69179275,69179275,1782866241062815,False,True
45326075,0.56430000,216.80000000,69179276,69179277,1782866241066406,False,True
45326076,0.56430000,215.20000000,69179278,69179278,1782866241066441,False,True
45326077,0.56430000,9.10000000,69179279,69179279,1782866242042325,False,True
45326078,0.56440000,200.30000000,69179280,69179281,1782866242042325,False,True
45326079,0.56420000,863.20000000,69179282,69179283,1782866245241136,True,True
45326080,0.56410000,9.10000000,69179284,69179284,1782866245241136,True,True
45326081,0.56400000,1462.50000000,69179285,69179311,1782866245241136,True,True
45326082,0.56390000,9.10000000,69179312,69179312,1782866245241136,True,True
45326083,0.56380000,9.10000000,69179313,69179313,1782866245241136,True,True
45326084,0.56370000,9.10000000,69179314,69179314,1782866245241136,True,True
45326085,0.56360000,9.10000000,69179315,69179315,1782866245241136,True,True
45326086,0.56350000,9.10000000,69179316,69179316,1782866245241136,True,True
45326087,0.56340000,9.10000000,69179317,69179317,1782866245241136,True,True
45326088,0.56330000,9.10000000,69179318,69179318,1782866245241136,True,True
45326089,0.56320000,209.10000000,69179319,69179320,1782866245241136,True,True
45326090,0.56310000,200.30000000,69179321,69179322,1782866245241136,True,True
45326091,0.56300000,698.60000000,69179323,69179325,1782866245241136,True,True
45326092,0.56290000,132.60000000,69179326,69179327,1782866245241136,True,True
45326093,0.56280000,9.10000000,69179328,69179328,1782866245241136,True,True
45326094,0.56270000,9.10000000,69179329,69179329,1782866245241136,True,True
45326095,0.56260000,200.30000000,69179330,69179331,1782866245241136,True,True
45326096,0.56250000,200.30000000,69179332,69179333,1782866245241136,True,True
45326097,0.56240000,942.10000000,69179334,69179338,1782866245241136,True,True
45326098,0.56270000,313.70000000,69179339,69179345,1782866245590621,True,True
45326099,0.56280000,36.90000000,69179346,69179346,1782866245619799,True,True
45326100,0.56270000,172.20000000,69179347,69179352,1782866245619799,True,True
45326101,0.56360000,13.40000000,69179353,69179353,1782866245714876,False,True
45326102,0.56360000,13.40000000,69179354,69179354,1782866245714996,False,True
45326103,0.56350000,13.40000000,69179355,69179355,1782866245731728,False,True
45326104,0.56350000,13.40000000,69179356,69179356,1782866245732071,False,True
45326105,0.56350000,13.40000000,69179357,69179357,1782866245732264,False,True
45326106,0.56350000,35.50000000,69179358,69179358,1782866245747762,False,True
45326107,0.56360000,9.10000000,69179359,69179359,1782866245747858,False,True
45326108,0.56360000,261.10000000,69179360,69179363,1782866245845666,True,True
45326109,0.56360000,75.60000000,69179364,69179366,1782866245848222,True,True
45326110,0.56360000,60.10000000,69179367,69179367,1782866245853223,False,True
45326111,0.56370000,20.00000000,69179368,69179369,1782866245917729,False,True
45326112,0.56370000,20.00000000,69179370,69179370,1782866245917914,False,True
45326113,0.56370000,20.00000000,69179371,69179371,1782866245931404,False,True
45326114,0.56370000,20.00000000,69179372,69179372,1782866245933188,False,True
45326115,0.56370000,20.00000000,69179373,69179373,1782866245934839,False,True
45326116,0.56370000,10.00000000,69179374,69179374,1782866246129491,False,True
45326117,0.56370000,10.00000000,69179375,69179375,1782866246129713,False,True
45326118,0.56370000,10.00000000,69179376,69179376,1782866246142134,False,True
45326119,0.56370000,10.00000000,69179377,69179377,1782866246145299,False,True
45326120,0.56370000,10.00000000,69179378,69179378,1782866246149886,False,True
45326121,0.56370000,9.80000000,69179379,69179379,1782866246356860,False,True
45326122,0.56370000,9.80000000,69179380,69179380,1782866246577201,False,True
45326123,0.56370000,30.70000000,69179381,69179381,1782866250987554,False,True
45326124,0.56380000,4.80000000,69179382,69179382,1782866250987554,False,True
45326125,0.56380000,35.50000000,69179383,69179383,1782866250987661,False,True
45326126,0.56380000,35.50000000,69179384,69179384,1782866250987850,False,True
45326127,0.56380000,15.20000000,69179385,69179385,1782866250987951,False,True
45326128,0.56380000,35.50000000,69179386,69179386,1782866250989081,False,True
45326129,0.56380000,35.50000000,69179387,69179387,1782866250989084,False,True
45326130,0.56380000,35.50000000,69179388,69179389,1782866250989169,False,True
45326131,0.56380000,2.80000000,69179390,69179390,1782866250989224,False,True
45326132,0.56390000,32.70000000,69179391,69179391,1782866250989224,False,True
45326133,0.56390000,35.50000000,69179392,69179392,1782866250989281,False,True
45326134,0.56390000,35.50000000,69179393,69179393,1782866250989288,False,True
45326135,0.56390000,35.50000000,69179394,69179394,1782866250989340,False,True
45326136,0.56390000,35.50000000,69179395,69179395,1782866250989350,False,True
45326137,0.56390000,25.60000000,69179396,69179397,1782866250989396,False,True
45326138,0.56400000,9.10000000,69179398,69179398,1782866250989396,False,True
45326139,0.56410000,0.80000000,69179399,69179399,1782866250989396,False,True
45326140,0.56410000,35.50000000,69179400,69179400,1782866250989663,False,True
45326141,0.56410000,20.30000000,69179401,69179401,1782866250989703,False,True
45326142,0.56410000,35.50000000,69179402,69179402,1782866250990311,False,True
45326143,0.56410000,191.10000000,69179403,69179405,1782866250990335,False,True
45326144,0.56420000,13.10000000,69179406,69179407,1782866250990335,False,True
45326145,0.56430000,200.20000000,69179408,69179409,1782866250990493,False,True
45326146,0.56430000,199.30000000,69179410,69179412,1782866250990536,False,True
45326147,0.56410000,35.50000000,69179413,69179413,1782866251007977,False,True
45326148,0.56410000,35.50000000,69179414,69179414,1782866251008765,False,True
45326149,0.56360000,246.10000000,69179415,69179415,1782866251010467,True,True
45326150,0.56350000,1519.10000000,69179416,69179436,1782866251010467,True,True
45326151,0.56340000,1249.20000000,69179437,69179449,1782866251010467,True,True
45326152,0.56330000,9.10000000,69179450,69179450,1782866251010467,True,True
45326153,0.56320000,9.10000000,69179451,69179451,1782866251010467,True,True
45326154,0.56310000,9.10000000,69179452,69179452,1782866251010467,True,True
45326155,0.56300000,9.10000000,69179453,69179453,1782866251010467,True,True
45326156,0.56290000,9.10000000,69179454,69179454,1782866251010467,True,True
45326157,0.56280000,200.30000000,69179455,69179456,1782866251010467,True,True
45326158,0.56270000,300.30000000,69179457,69179459,1782866251010467,True,True
45326159,0.56260000,9.10000000,69179460,69179460,1782866251010467,True,True
45326160,0.56250000,897.90000000,69179461,69179462,1782866251010467,True,True
45326161,0.56240000,9.10000000,69179463,69179463,1782866251010467,True,True
45326162,0.56230000,9.10000000,69179464,69179464,1782866251010467,True,True
45326163,0.56220000,200.20000000,69179465,69179466,1782866251010467,True,True
45326164,0.56210000,314.10000000,69179467,69179469,1782866251010467,True,True
45326165,0.56410000,35.50000000,69179470,69179470,1782866251011978,False,True
45326166,0.56370000,191.20000000,69179471,69179471,1782866251069868,False,True
45326167,0.56380000,9.40000000,69179472,69179472,1782866251069868,False,True
45326168,0.56370000,191.20000000,69179473,69179473,1782866251071357,False,True
45326169,0.56380000,8.50000000,69179474,69179474,1782866251071357,False,True
45326170,0.56380000,200.50000000,69179475,69179476,1782866251072637,False,True
45326171,0.56380000,191.20000000,69179477,69179477,1782866253065206,False,True
45326172,0.56390000,9.30000000,69179478,69179478,1782866253065206,False,True
45326173,0.56390000,199.60000000,69179479,69179481,1782866253065396,False,True
45326174,0.56390000,18.30000000,69179482,69179482,1782866253084798,False,True
45326175,0.56390000,18.30000000,69179483,69179483,1782866253084912,False,True
45326176,0.56380000,159.60000000,69179484,69179484,1782866253092358,True,True
45326177,0.56390000,154.60000000,69179485,69179485,1782866253093809,False,True
45326178,0.56390000,18.30000000,69179486,69179486,1782866253095746,False,True
45326179,0.56390000,18.30000000,69179487,69179487,1782866253096736,False,True
45326180,0.56390000,18.30000000,69179488,69179488,1782866253100272,False,True
45326181,0.56390000,136.30000000,69179489,69179489,1782866253109218,False,True
45326182,0.56400000,260.60000000,69179490,69179492,1782866255075633,False,True
45326183,0.56410000,46.50000000,69179493,69179493,1782866255075633,False,True
45326184,0.56410000,42.20000000,69179494,69179495,1782866257945807,False,True
45326185,0.56420000,615.10000000,69179496,69179497,1782866257945807,False,True
45326186,0.56430000,9.10000000,69179498,69179498,1782866257945807,False,True
45326187,0.56440000,205.60000000,69179499,69179500,1782866257945807,False,True
45326188,0.56440000,238.10000000,69179501,69179501,1782866257945935,False,True
45326189,0.56450000,112.40000000,69179502,69179503,1782866257945935,False,True
45326190,0.56460000,9.10000000,69179504,69179504,1782866257945935,False,True
45326191,0.56470000,9.10000000,69179505,69179505,1782866257946048,False,True
45326192,0.56480000,9.10000000,69179506,69179506,1782866257946048,False,True
45326193,0.56490000,9.10000000,69179507,69179507,1782866257946048,False,True
45326194,0.56500000,9.10000000,69179508,69179508,1782866257946172,False,True
45326195,0.56510000,9.10000000,69179509,69179509,1782866257946308,False,True
45326196,0.56470000,60.30000000,69179510,69179510,1782866258168617,False,True
45326197,0.56490000,464.90000000,69179511,69179512,1782866258168617,False,True
45326198,0.56490000,267.50000000,69179513,69179513,1782866258168711,False,True
45326199,0.56490000,148.70000000,69179514,69179514,1782866258168717,False,True
45326200,0.56500000,158.40000000,69179515,69179515,1782866258168717,False,True
45326201,0.56500000,41.90000000,69179516,69179517,1782866258171171,False,True
45326202,0.56510000,91.90000000,69179518,69179519,1782866258171171,False,True
45326203,0.56520000,691.00000000,69179520,69179522,1782866258171171,False,True
45326204,0.56530000,308.60000000,69179523,69179525,1782866258171171,False,True
45326205,0.56540000,40.70000000,69179526,69179527,1782866258171171,False,True
45326206,0.56540000,159.50000000,69179528,69179528,1782866258171422,False,True
45326207,0.56550000,607.80000000,69179529,69179530,1782866258171422,False,True
45326208,0.56560000,24.60000000,69179531,69179532,1782866258171422,False,True
45326209,0.56490000,948.70000000,69179533,69179536,1782866274071115,True,True
45326210,0.56480000,559.50000000,69179537,69179538,1782866274071115,True,True
45326211,0.56470000,9.00000000,69179539,69179539,1782866274071115,True,True
45326212,0.56460000,9.00000000,69179540,69179540,1782866274071115,True,True
45326213,0.56450000,291.90000000,69179541,69179543,1782866274071115,True,True
45326214,0.56440000,9.00000000,69179544,69179544,1782866274071115,True,True
45326215,0.56430000,9.00000000,69179545,69179545,1782866274071115,True,True
45326216,0.56420000,9.10000000,69179546,69179546,1782866274071115,True,True
45326217,0.56410000,109.10000000,69179547,69179548,1782866274071115,True,True
45326218,0.56400000,9.10000000,69179549,69179549,1782866274071115,True,True
45326219,0.56390000,200.30000000,69179550,69179551,1782866274071115,True,True
45326220,0.56380000,9.10000000,69179552,69179552,1782866274071115,True,True
45326221,0.56370000,200.30000000,69179553,69179554,1782866274071115,True,True
45326222,0.56360000,200.30000000,69179555,69179556,1782866274071115,True,True
45326223,0.56350000,200.30000000,69179557,69179558,1782866274071115,True,True
45326224,0.56340000,2226.30000000,69179559,69179561,1782866274071115,True,True
45326225,0.56370000,571.60000000,69179562,69179562,1782866277875149,True,True
45326226,0.56360000,978.50000000,69179563,69179566,1782866277875149,True,True
45326227,0.56350000,1109.10000000,69179567,69179594,1782866277875149,True,True
45326228,0.56340000,9.10000000,69179595,69179595,1782866277875149,True,True
45326229,0.56330000,9.10000000,69179596,69179596,1782866277875149,True,True
45326230,0.56320000,9.10000000,69179597,69179597,1782866277875149,True,True
45326231,0.56310000,9.10000000,69179598,69179598,1782866277875149,True,True
45326232,0.56300000,9.10000000,69179599,69179599,1782866277875149,True,True
45326233,0.56290000,109.10000000,69179600,69179601,1782866277875149,True,True
45326234,0.56280000,109.10000000,69179602,69179603,1782866277875149,True,True
45326235,0.56270000,300.30000000,69179604,69179606,1782866277875149,True,True
45326236,0.56260000,200.30000000,69179607,69179608,1782866277875149,True,True
45326237,0.56250000,9.10000000,69179609,69179609,1782866277875149,True,True
45326238,0.56240000,1567.40000000,69179610,69179612,1782866277875149,True,True
45326239,0.56380000,9.50000000,69179613,69179613,1782866283353645,False,True
45326240,0.56380000,9.50000000,69179614,69179614,1782866283354030,False,True
45326241,0.56380000,9.50000000,69179615,69179615,1782866283368881,False,True
45326242,0.56380000,9.50000000,69179616,69179616,1782866283373855,False,True
45326243,0.56380000,9.50000000,69179617,69179617,1782866283377534,False,True
45326244,0.56380000,10.40000000,69179618,69179618,1782866283558919,False,True
45326245,0.56380000,10.40000000,69179619,69179619,1782866283558995,False,True
45326246,0.56380000,10.40000000,69179620,69179620,1782866283574592,False,True
45326247,0.56380000,10.40000000,69179621,69179621,1782866283575270,False,True
45326248,0.56380000,10.40000000,69179622,69179622,1782866283577000,False,True
45326249,0.56380000,9.10000000,69179623,69179623,1782866288930692,False,True
45326250,0.56380000,9.10000000,69179624,69179624,1782866288930888,False,True
45326251,0.56380000,9.10000000,69179625,69179625,1782866288949114,False,True
45326252,0.56370000,996.50000000,69179626,69179630,1782866312757641,True,True
45326253,0.56360000,144.20000000,69179631,69179633,1782866312761462,True,True
45326254,0.56360000,8.90000000,69179634,69179634,1782866312784867,False,True
45326255,0.56350000,989.90000000,69179635,69179639,1782866322961560,True,True
45326256,0.56360000,19.20000000,69179640,69179640,1782866330660979,False,True
45326257,0.56340000,955.80000000,69179641,69179645,1782866363362587,True,True
45326258,0.56330000,483.70000000,69179646,69179647,1782866363363970,True,True
45326259,0.56320000,484.00000000,69179648,69179649,1782866368464032,True,True
45326260,0.56320000,15.00000000,69179650,69179650,1782866368464060,True,True
45326261,0.56310000,249.30000000,69179651,69179652,1782866368464060,True,True
45326262,0.56310000,234.70000000,69179653,69179653,1782866368464068,True,True
45326263,0.56320000,9.10000000,69179654,69179654,1782866368484840,False,True
45326264,0.56320000,82.50000000,69179655,69179655,1782866384497196,False,True
45326265,0.56320000,4.10000000,69179656,69179656,1782866384497274,False,True
45326266,0.56330000,9.10000000,69179657,69179657,1782866384497341,False,True
45326267,0.56340000,71.20000000,69179658,69179659,1782866384497341,False,True
45326268,0.56340000,82.60000000,69179660,69179660,1782866384497343,False,True
45326269,0.56340000,46.50000000,69179661,69179661,1782866384508854,False,True
45326270,0.56350000,9.10000000,69179662,69179662,1782866384508854,False,True
45326271,0.56360000,5.40000000,69179663,69179663,1782866384508854,False,True
45326272,0.56360000,12.80000000,69179664,69179664,1782866384509321,False,True
45326273,0.56360000,99.40000000,69179665,69179665,1782866384509371,False,True
45326274,0.56330000,34.80000000,69179666,69179666,1782866384510493,False,True
45326275,0.56300000,673.20000000,69179667,69179669,1782866384629670,True,True
45326276,0.56290000,1011.10000000,69179670,69179674,1782866384631052,True,True
45326277,0.56350000,9.10000000,69179675,69179675,1782866435433323,False,True
45326278,0.56360000,9.10000000,69179676,69179676,1782866463389156,False,True
45326279,0.56370000,9.10000000,69179677,69179677,1782866463389156,False,True
45326280,0.56380000,17.30000000,69179678,69179678,1782866463389156,False,True
45326281,0.56380000,35.50000000,69179679,69179679,1782866463389409,False,True
45326282,0.56380000,20.70000000,69179680,69179681,1782866463389456,False,True
45326283,0.56390000,14.80000000,69179682,69179683,1782866463389456,False,True
45326284,0.56390000,35.50000000,69179684,69179684,1782866463389486,False,True
45326285,0.56390000,35.50000000,69179685,69179685,1782866463389560,False,True
45326286,0.56390000,35.50000000,69179686,69179686,1782866463389564,False,True
45326287,0.56390000,35.50000000,69179687,69179687,1782866463389597,False,True
45326288,0.56390000,35.50000000,69179688,69179688,1782866463389607,False,True
45326289,0.56390000,35.50000000,69179689,69179689,1782866463389668,False,True
45326290,0.56390000,27.40000000,69179690,69179690,1782866463389696,False,True
45326291,0.56400000,8.10000000,69179691,69179691,1782866463389696,False,True
45326292,0.56400000,35.50000000,69179692,69179692,1782866463389791,False,True
45326293,0.56400000,35.50000000,69179693,69179693,1782866463389836,False,True
45326294,0.56400000,35.50000000,69179694,69179694,1782866463389943,False,True
45326295,0.56400000,35.50000000,69179695,69179695,1782866463390049,False,True
45326296,0.56400000,35.50000000,69179696,69179696,1782866463390287,False,True
45326297,0.56400000,14.70000000,69179697,69179698,1782866463404449,False,True
45326298,0.56410000,9.10000000,69179699,69179699,1782866463404449,False,True
45326299,0.56420000,11.70000000,69179700,69179700,1782866463404449,False,True
45326300,0.56420000,35.50000000,69179701,69179701,1782866463408887,False,True
45326301,0.56420000,35.50000000,69179702,69179702,1782866463410573,False,True
45326302,0.56420000,35.50000000,69179703,69179703,1782866502225337,False,True
45326303,0.56420000,9.10000000,69179704,69179704,1782866502225614,False,True
45326304,0.56430000,4.60000000,69179705,69179705,1782866502225614,False,True
45326305,0.56430000,4.50000000,69179706,69179706,1782866502225776,False,True
45326306,0.56440000,31.00000000,69179707,69179707,1782866502225776,False,True
45326307,0.56440000,35.50000000,69179708,69179708,1782866502225803,False,True
45326308,0.56440000,35.50000000,69179709,69179709,1782866502225929,False,True
45326309,0.56440000,35.50000000,69179710,69179710,1782866502225955,False,True
45326310,0.56380000,884.90000000,69179711,69179718,1782866544126759,True,True
45326311,0.56370000,632.80000000,69179719,69179719,1782866544126820,True,True
45326312,0.56360000,858.70000000,69179720,69179738,1782866544128270,True,True
45326313,0.56350000,9.10000000,69179739,69179739,1782866546884276,True,True
45326314,0.56340000,608.80000000,69179740,69179741,1782866546884276,True,True
45326315,0.56330000,80.10000000,69179742,69179744,1782866546983634,True,True
45326316,0.56320000,35.50000000,69179745,69179745,1782866548484824,True,True
45326317,0.56310000,9.10000000,69179746,69179746,1782866550755813,True,True
45326318,0.56300000,9.10000000,69179747,69179747,1782866550755813,True,True
45326319,0.56300000,26.60000000,69179748,69179748,1782866551238314,False,True
45326320,0.56300000,17.70000000,69179749,69179749,1782866570757204,False,True
45326321,0.56310000,9.10000000,69179750,69179750,1782866634514677,False,True
45326322,0.56320000,9.10000000,69179751,69179751,1782866634514677,False,True
45326323,0.56330000,9.10000000,69179752,69179752,1782866634514773,False,True
45326324,0.56340000,9.10000000,69179753,69179753,1782866634514773,False,True
45326325,0.56350000,85.10000000,69179754,69179754,1782866634514773,False,True
45326326,0.56350000,103.10000000,69179755,69179755,1782866634514815,False,True
45326327,0.56350000,94.20000000,69179756,69179758,1782866634514902,False,True
45326328,0.56360000,7.40000000,69179759,69179759,1782866634514902,False,True
45326329,0.56350000,887.10000000,69179760,69179760,1782866676384519,False,True
45326330,0.56360000,1.70000000,69179761,69179761,1782866702994896,False,True
45326331,0.56370000,9.10000000,69179762,69179762,1782866702994896,False,True
