5923787,0.00638000,1577.50000000,12375175,12375175,1782864011508195,False,True
5923788,0.00639000,12265.00000000,12375176,12375176,1782864070339364,True,True
5923789,0.00639000,9452.90000000,12375177,12375177,1782864130887046,False,True
5923790,0.00640000,781.20000000,12375178,12375178,1782864176851125,False,True
5923791,0.00639000,1200.00000000,12375179,12375179,1782864179274990,False,True
5923792,0.00638000,861.20000000,12375180,12375180,1782864180075091,True,True
5923793,0.00639000,1413.40000000,12375181,12375181,1782864195994225,True,True
5923794,0.00639000,15901.00000000,12375182,12375182,1782864371163729,True,True
5923795,0.00639000,12265.00000000,12375183,12375183,1782864376577005,False,True
5923796,0.00640000,795.70000000,12375184,12375184,1782864457457033,False,True
5923797,0.00639000,968.50000000,12375185,12375185,1782864461213075,True,True
5923798,0.00640000,145789.00000000,12375186,12375204,1782864480190034,False,True
5923799,0.00640000,133820.60000000,12375205,12375205,1782864480193601,True,True
5923800,0.00641000,2817.40000000,12375206,12375206,1782864480265255,True,True
5923801,0.00641000,9447.60000000,12375207,12375207,1782864480267015,True,True
5923802,0.00641000,245565.00000000,12375208,12375213,1782864555250268,False,True
5923803,0.00641000,86415.00000000,12375214,12375214,1782864555253226,True,True
5923804,0.00640000,1651.50000000,12375215,12375215,1782864560422031,True,True
5923805,0.00640000,8801.90000000,12375216,12375216,1782864575656433,True,True
5923806,0.00640000,12265.00000000,12375217,12375217,1782864811983105,False,True
5923807,0.00639000,977.40000000,12375218,12375218,1782865032521899,True,True
5923808,0.00639000,37348.50000000,12375219,12375220,1782865312732360,True,True
5923809,0.00639000,2985.30000000,12375221,12375221,1782865312775138,False,True
5923810,0.00639000,955.20000000,12375222,12375222,1782865515890106,True,True
5923811,0.00639000,90758.30000000,12375223,12375225,1782865540021057,True,True
5923812,0.00638000,2999.90000000,12375226,12375226,1782865739131937,False,True
5923813,0.00640000,1561.20000000,12375227,12375227,1782865871690010,True,True
5923814,0.00640000,974.50000000,12375228,12375228,1782865875073041,True,True
5923815,0.00639000,1199.90000000,12375229,12375229,1782865950692237,False,True
5923816,0.00639000,12265.00000000,12375230,12375230,1782865991923024,True,True
5923817,0.00639000,1038.70000000,12375231,12375231,1782866078299727,False,True
5923818,0.00639000,161.30000000,12375232,12375232,1782866078301220,False,True
5923819,0.00639000,23217.10000000,12375233,12375234,1782866112317597,True,True
5923820,0.00639000,1038.70000000,12375235,12375235,1782866112319751,True,True
5923821,0.00639000,12265.00000000,12375236,12375236,1782866163785274,False,True
5923822,0.00640000,12265.00000000,12375237,12375237,1782866163793627,False,True
5923823,0.00641000,50282.60000000,12375238,12375240,1782866163793627,False,True
5923824,0.00640000,12264.90000000,12375241,12375241,1782866163795965,False,True
5923825,0.00641000,7556.20000000,12375242,12375242,1782866163801674,True,True
5923826,0.00641000,5202.00000000,12375243,12375243,1782866163803520,True,True
5923827,0.00641000,28896.90000000,12375244,12375244,1782866163805099,True,True
5923828,0.00641000,62568.40000000,12375245,12375249,1782866163842188,False,True
5923829,0.00640000,993.40000000,12375250,12375250,1782866236088369,True,True
5923830,0.00640000,1427.80000000,12375251,12375251,1782866246316440,True,True
5923831,0.00640000,25744.80000000,12375252,12375253,1782866308842581,True,True
5923832,0.00639000,64102.60000000,12375254,12375256,1782866308842581,True,True
5923833,0.00638000,97185.60000000,12375257,12375261,1782866308842581,True,True
5923834,0.00638000,11908.00000000,12375262,12375262,1782866308842655,True,True
5923835,0.00638000,46710.60000000,12375263,12375263,1782866308842970,True,True
5923836,0.00638000,11908.00000000,12375264,12375264,1782866308842990,True,True
5923837,0.00639000,14665.30000000,12375265,12375266,1782866322420440,False,True
5923838,0.00638000,1689.10000000,12375267,12375267,1782866361725954,True,True
5923839,0.00638000,19331.00000000,12375268,12375272,1782866389151260,True,True
5923840,0.00638000,12265.00000000,12375273,12375273,1782866389154573,True,True
5923841,0.00639000,782.40000000,12375274,12375274,1782866406140143,False,True
5923842,0.00638000,862.40000000,12375275,12375275,1782866408164195,True,True
5923843,0.00638000,12265.00000000,12375276,12375276,1782866435387268,False,True
5923844,0.00639000,13171.70000000,12375277,12375278,1782867093303434,False,True
5923845,0.00640000,9248.00000000,12375279,12375282,1782867171785804,False,True
5923846,0.00640000,21552.00000000,12375283,12375283,1782867219030868,True,True
5923847,0.00640000,34616.10000000,12375284,12375284,1782867219032200,True,True
5923848,0.00640000,18582.60000000,12375285,12375285,1782867219033227,True,True
5923849,0.00640000,24862.00000000,12375286,12375286,1782867219033998,True,True
5923850,0.00640000,24862.00000000,12375287,12375287,1782867219034340,True,True
5923851,0.00640000,24862.00000000,12375288,12375288,1782867219034777,True,True
5923852,0.00640000,3310.00000000,12375289,12375289,1782867219034836,True,True
5923853,0.00640000,5726.00000000,12375290,12375290,1782867219146167,True,True
5923854,0.00640000,4040.00000000,12375291,12375291,1782867219248188,True,True
5923855,0.00640000,1002.00000000,12375292,12375292,1782867219346884,True,True
5923856,0.00640000,1744.00000000,12375293,12375293,1782867219346963,True,True
5923857,0.00640000,3233.00000000,12375294,12375294,1782867219445155,True,True
5923858,0.00640000,1549.00000000,12375295,12375295,1782867219543946,True,True
5923859,0.00640000,2470.00000000,12375296,12375296,1782867219645637,True,True
5923860,0.00640000,1750.00000000,12375297,12375297,1782867219745873,True,True
5923861,0.00640000,1211.00000000,12375298,12375298,1782867219845065,True,True
5923862,0.00640000,2412.00000000,12375299,12375299,1782867219943458,True,True
5923863,0.00640000,2643.00000000,12375300,12375300,1782867251652681,True,True
5923864,0.00640000,2643.00000000,12375301,12375301,1782867251652733,True,True
5923865,0.00640000,2643.00000000,12375302,12375302,1782867251745430,True,True
5923866,0.00640000,800.00000000,12375303,12375303,1782867251745538,True,True
5923867,0.00640000,2643.00000000,12375304,12375304,1782867251745825,True,True
5923868,0.00640000,2295.00000000,12375305,12375305,1782867251845979,True,True
5923869,0.00640000,1336.00000000,12375306,12375306,1782867251846174,True,True
5923870,0.00640000,935.00000000,12375307,12375307,1782867251848919,True,True
5923871,0.00640000,891.00000000,12375308,12375308,1782867251848972,True,True
5923872,0.00640000,891.00000000,12375309,12375309,1782867251849037,True,True
5923873,0.00640000,1149.00000000,12375310,12375310,1782867251944191,True,True
5923874,0.00640000,2273.40000000,12375311,12375311,1782867252152934,True,True
5923875,0.00639000,0.60000000,12375312,12375312,1782867252152934,True,True
5923876,0.00639000,1002.50000000,12375313,12375313,1782867315221272,True,True
5923877,0.00640000,94530.00000000,12375314,12375321,1782867407968934,False,True
5923878,0.00640000,19393.20000000,12375322,12375322,1782867407970422,False,True
5923879,0.00640000,6825.20000000,12375323,12375323,1782867420550695,True,True
5923880,0.00640000,1081.50000000,12375324,12375324,1782867440881468,True,True
5923881,0.00639000,1200.00000000,12375325,12375325,1782867601529608,False,True
5923882,0.00638000,1485.00000000,12375326,12375326,1782867682890263,True,True
5923883,0.00639000,1069.40000000,12375327,12375327,1782867772329254,False,True
5923884,0.00639000,1272.30000000,12375328,12375328,1782867772679598,False,True
5923885,0.00637000,845.90000000,12375329,12375329,1782867953350302,False,True
5923886,0.00637000,3179.00000000,12375330,12375330,1782867961581988,False,True
5923887,0.00637000,1199.90000000,12375331,12375331,1782868023733588,True,True
5923888,0.00636000,1259.60000000,12375332,12375332,1782868034622580,True,True
5923889,0.00635000,15037.10000000,12375333,12375334,1782868126647333,True,True
5923890,0.00635000,2083.00000000,12375335,12375335,1782868150566490,False,True
5923891,0.00635000,1206.50000000,12375336,12375336,1782868162723969,True,True
5923892,0.00635000,26959.50000000,12375337,12375338,1782868186316879,True,True
5923893,0.00634000,27350.40000000,12375339,12375340,1782868202091290,True,True
5923894,0.00633000,281947.50000000,12375341,12375346,1782868202091290,True,True
5923895,0.00633000,25271.10000000,12375347,12375347,1782868202092606,False,True
5923896,0.00633000,25271.10000000,12375348,12375348,1782868202092675,False,True
5923897,0.00633000,63191.10000000,12375349,12375349,1782868202092851,False,True
5923898,0.00633000,21760.50000000,12375350,12375350,1782868202092854,False,True
5923899,0.00633000,166186.30000000,12375351,12375351,1782868202093104,False,True
5923900,0.00634000,25193.70000000,12375352,12375352,1782868202093506,False,True
5923901,0.00634000,1041.30000000,12375353,12375353,1782868202138502,False,True
5923902,0.00635000,4646.70000000,12375354,12375354,1782868202138502,False,True
5923903,0.00632000,15901.00000000,12375355,12375355,1782868242099879,True,True
5923904,0.00631000,411.70000000,12375356,12375356,1782868242099879,True,True
5923905,0.00632000,2329.90000000,12375357,12375357,1782868242106183,False,True
5923906,0.00631000,990.80000000,12375358,12375358,1782868270037253,False,True
5923907,0.00631000,1581.40000000,12375359,12375359,1782868270037511,False,True
5923908,0.00629000,75726.00000000,12375360,12375361,1782868276507468,True,True
5923909,0.00629000,14874.10000000,12375362,12375363,1782868276525026,True,True
5923910,0.00629000,1947.70000000,12375364,12375364,1782868276579191,False,True
5923911,0.00630000,1428.10000000,12375365,12375365,1782868277122046,False,True
5923912,0.00630000,5978.20000000,12375366,12375366,1782868281128097,False,True
5923913,0.00631000,9692.80000000,12375367,12375367,1782868286187799,False,True
5923914,0.00632000,48680.40000000,12375368,12375375,1782868286197135,False,True
5923915,0.00631000,1033.30000000,12375376,12375376,1782868290044532,True,True
5923916,0.00632000,870.30000000,12375377,12375377,1782868290645138,False,True
5923917,0.00631000,12265.00000000,12375378,12375378,1782868320283311,False,True
5923918,0.00631000,1947.70000000,12375379,12375379,1782868358580329,True,True
5923919,0.00631000,10507.60000000,12375380,12375381,1782868364958376,True,True
5923920,0.00631000,8919.50000000,12375382,12375382,1782868364990188,True,True
5923921,0.00630000,11292.00000000,12375383,12375384,1782868365732016,True,True
5923922,0.00630000,2102.00000000,12375385,12375385,1782868365823881,True,True
5923923,0.00630000,2102.00000000,12375386,12375386,1782868365823911,True,True
5923924,0.00630000,2102.00000000,12375387,12375387,1782868365824104,True,True
5923925,0.00630000,2102.00000000,12375388,12375388,1782868365826277,True,True
5923926,0.00630000,4545.50000000,12375389,12375389,1782868365866301,True,True
5923927,0.00629000,254086.20000000,12375390,12375398,1782868365973026,True,True
5923928,0.00628000,147392.40000000,12375399,12375406,1782868366125904,True,True
5923929,0.00629000,15281.90000000,12375407,12375408,1782868366137043,False,True
5923930,0.00629000,33061.50000000,12375409,12375411,1782868366216641,True,True
5923931,0.00629000,15977.70000000,12375412,12375413,1782868366282422,True,True
5923932,0.00629000,1339.00000000,12375414,12375414,1782868366645726,True,True
5923933,0.00629000,1339.00000000,12375415,12375415,1782868366646231,True,True
5923934,0.00629000,1005.00000000,12375416,12375416,1782868366659728,True,True
5923935,0.00629000,4519.00000000,12375417,12375417,1782868366794782,True,True
5923936,0.00629000,2511.70000000,12375418,12375418,1782868366848689,True,True
5923937,0.00628000,2097.70000000,12375419,12375419,1782868367071263,True,True
5923938,0.00629000,12265.00000000,12375420,12375420,1782868367645692,False,True
5923939,0.00628000,886.00000000,12375421,12375421,1782868371956544,True,True
5923940,0.00629000,3502.00000000,12375422,12375425,1782868374874409,False,True
5923941,0.00629000,1534.00000000,12375426,12375426,1782868375159405,True,True
5923942,0.00629000,1534.00000000,12375427,12375427,1782868375160548,True,True
5923943,0.00629000,1534.00000000,12375428,12375428,1782868375161796,True,True
5923944,0.00629000,1534.00000000,12375429,12375429,1782868375162403,True,True
5923945,0.00629000,6129.00000000,12375430,12375430,1782868375162736,True,True
5923946,0.00628000,849.90000000,12375431,12375431,1782868382144411,False,True
5923947,0.00628000,12265.00000000,12375432,12375432,1782868388782756,False,True
5923948,0.00628000,5384.60000000,12375433,12375433,1782868391443568,False,True
5923949,0.00627000,6327.90000000,12375434,12375435,1782868394470644,True,True
5923950,0.00627000,1801.90000000,12375436,12375437,1782868395355279,False,True
5923951,0.00627000,2388.50000000,12375438,12375438,1782868395558016,False,True
5923952,0.00626000,38691.80000000,12375439,12375447,1782868408575770,True,True
5923953,0.00625000,62946.10000000,12375448,12375450,1782868408575770,True,True
5923954,0.00624000,263705.60000000,12375451,12375453,1782868408575770,True,True
5923955,0.00623000,63564.20000000,12375454,12375457,1782868408575770,True,True
5923956,0.00626000,26268.80000000,12375458,12375461,1782868413417711,False,True
5923957,0.00625000,26279.00000000,12375462,12375467,1782868413489537,True,True
5923958,0.00625000,10044.60000000,12375468,12375468,1782868416238516,True,True
5923959,0.00625000,19701.70000000,12375469,12375471,1782868424091271,False,True
5923960,0.00626000,1533.00000000,12375472,12375472,1782868429282015,True,True
5923961,0.00626000,1533.00000000,12375473,12375473,1782868429282082,True,True
5923962,0.00626000,1533.00000000,12375474,12375474,1782868429282123,True,True
5923963,0.00626000,7666.00000000,12375475,12375475,1782868429282129,True,True
5923964,0.00625000,1533.00000000,12375476,12375476,1782868429283371,True,True
5923965,0.00627000,18781.40000000,12375477,12375480,1782868433749728,False,True
5923966,0.00628000,5284.60000000,12375481,12375481,1782868437548815,False,True
5923967,0.00628000,1190.20000000,12375482,12375482,1782868437549581,False,True
5923968,0.00628000,102.50000000,12375483,12375483,1782868437550411,False,True
5923969,0.00629000,3072.20000000,12375484,12375484,1782868440844653,False,True
5923970,0.00630000,63354.70000000,12375485,12375486,1782868441582356,False,True
5923971,0.00631000,1534.00000000,12375487,12375487,1782868441661304,True,True
5923972,0.00631000,1534.00000000,12375488,12375488,1782868441661542,True,True
5923973,0.00631000,1534.00000000,12375489,12375489,1782868441662166,True,True
5923974,0.00631000,8862.90000000,12375490,12375491,1782868441662992,True,True
5923975,0.00630000,38544.00000000,12375492,12375493,1782868448996686,True,True
5923976,0.00629000,13230.20000000,12375494,12375495,1782868452669130,False,True
5923977,0.00630000,12265.00000000,12375496,12375496,1782868460902824,False,True
5923978,0.00630000,12265.00000000,12375497,12375497,1782868465736711,True,True
5923979,0.00629000,1200.00000000,12375498,12375498,1782868500035486,False,True
5923980,0.00632000,1559.40000000,12375499,12375499,1782868508960119,True,True
5923981,0.00632000,1581.00000000,12375500,12375500,1782868508962734,True,True
5923982,0.00632000,12265.00000000,12375501,12375501,1782868508982619,True,True
5923983,0.00633000,12265.00000000,12375502,12375502,1782868511166005,False,True
5923984,0.00633000,1199.90000000,12375503,12375503,1782868513722093,True,True
5923985,0.00631000,984.90000000,12375504,12375504,1782868516222880,True,True
5923986,0.00633000,927.60000000,12375505,12375505,1782868526510724,True,True
5923987,0.00633000,12265.00000000,12375506,12375506,1782868548290019,True,True
5923988,0.00632000,13249.00000000,12375507,12375507,1782868561762182,True,True
5923989,0.00631000,2870.00000000,12375508,12375509,1782868565708415,True,True
5923990,0.00630000,1520.20000000,12375510,12375510,1782868565924694,False,True
5923991,0.00630000,806.00000000,12375511,12375511,1782868575101559,False,True
5923992,0.00630000,806.00000000,12375512,12375512,1782868575132231,False,True
5923993,0.00630000,806.00000000,12375513,12375513,1782868575172907,False,True
5923994,0.00629000,1199.90000000,12375514,12375514,1782868583656767,True,True
5923995,0.00628000,803.00000000,12375515,12375515,1782868607659698,True,True
5923996,0.00629000,29448.20000000,12375516,12375517,1782868620096463,False,True
5923997,0.00629000,12265.00000000,12375518,12375518,1782868630122505,True,True
5923998,0.00629000,12265.00000000,12375519,12375519,1782868632062476,False,True
5923999,0.00629000,13465.00000000,12375520,12375521,1782868654724041,True,True
5924000,0.00629000,12265.00000000,12375522,12375522,1782868671360039,False,True
5924001,0.00630000,15538.00000000,12375523,12375525,1782868671362151,False,True
5924002,0.00630000,13464.90000000,12375526,12375527,1782868672314692,True,True
5924003,0.00630000,1781.70000000,12375528,12375530,1782868683762009,False,True
5924004,0.00630000,1561.90000000,12375531,12375532,1782868683768102,False,True
5924005,0.00630000,12265.00000000,12375533,12375533,1782868709478803,True,True
5924006,0.00631000,12265.00000000,12375534,12375534,1782868715919428,False,True
5924007,0.00632000,17032.00000000,12375535,12375539,1782868764062281,False,True
5924008,0.00633000,7898.80000000,12375540,12375540,1782868776990440,False,True
5924009,0.00632000,11212.70000000,12375541,12375541,1782868820880654,True,True
5924010,0.00632000,1052.30000000,12375542,12375542,1782868820881815,True,True
5924011,0.00632000,31900.00000000,12375543,12375544,1782868820886131,False,True
5924012,0.00632000,1199.90000000,12375545,12375545,1782868839552036,False,True
5924013,0.00632000,820.00000000,12375546,12375546,1782868853762545,True,True
5924014,0.00633000,12265.00000000,12375547,12375547,1782868961577143,False,True
5924015,0.00634000,17681.20000000,12375548,12375549,1782868961577143,False,True
5924016,0.00632000,10199.90000000,12375550,12375550,1782869070119693,False,True
5924017,0.00632000,12265.00000000,12375551,12375551,1782869077646282,True,True
5924018,0.00631000,12265.00000000,12375552,12375552,1782869088448626,True,True
5924019,0.00631000,1261.80000000,12375553,12375553,1782869095144296,False,True
5924020,0.00631000,1125.90000000,12375554,12375554,1782869116821892,True,True
5924021,0.00631000,946.30000000,12375555,12375555,1782869132753537,False,True
5924022,0.00630000,13265.00000000,12375556,12375557,1782869160437179,True,True
5924023,0.00630000,12265.00000000,12375558,12375558,1782869164050247,False,True
5924024,0.00631000,16759.40000000,12375559,12375560,1782869251983210,True,True
5924025,0.00631000,850.70000000,12375561,12375561,1782869264156265,False,True
5924026,0.00632000,12265.00000000,12375562,12375562,1782869317948315,True,True
5924027,0.00631000,854.30000000,12375563,12375563,1782869343043473,False,True
5924028,0.00631000,340.90000000,12375564,12375564,1782869343044867,False,True
5924029,0.00631000,1272.60000000,12375565,12375565,1782869356222098,True,True
5924030,0.00631000,854.30000000,12375566,12375566,1782869401782438,True,True
5924031,0.00632000,12265.00000000,12375567,12375567,1782869424716904,False,True
5924032,0.00633000,1199.90000000,12375568,12375568,1782869446800237,True,True
5924033,0.00632000,803.00000000,12375569,12375569,1782869446801345,True,True
5924034,0.00632000,1200.00000000,12375570,12375570,1782869446801406,True,True
5924035,0.00632000,991.80000000,12375571,12375571,1782869517324329,False,True
5924036,0.00633000,12265.00000000,12375572,12375572,1782869553548060,True,True
5924037,0.00633000,12265.00000000,12375573,12375573,1782869570451836,False,True
5924038,0.00633000,1486.00000000,12375574,12375574,1782869571685066,True,True
5924039,0.00633000,2917.00000000,12375575,12375575,1782869571686256,True,True
5924040,0.00633000,7862.00000000,12375576,12375576,1782869571686889,True,True
5924041,0.00631000,8323.80000000,12375577,12375578,1782869655703521,True,True
5924042,0.00631000,2917.90000000,12375579,12375579,1782869655703635,True,True
5924043,0.00630000,3964.60000000,12375580,12375581,1782869671114366,False,True
5924044,0.00630000,9500.40000000,12375582,12375582,1782869671115933,False,True
5924045,0.00630000,3960.60000000,12375583,12375583,1782869678441523,True,True
5924046,0.00631000,2380.90000000,12375584,12375584,1782869699225820,False,True
5924047,0.00630000,2378.50000000,12375585,12375585,1782869705794924,True,True
5924048,0.00631000,1746.00000000,12375586,12375586,1782869713390374,False,True
5924049,0.00630000,1744.30000000,12375587,12375587,1782869718372317,True,True
5924050,0.00630000,3400.80000000,12375588,12375588,1782869719700285,True,True
5924051,0.00631000,8138.10000000,12375589,12375589,1782869755341617,False,True
5924052,0.00632000,3504.00000000,12375590,12375593,1782869811505773,False,True
5924053,0.00632000,3805.90000000,12375594,12375595,1782869831348119,True,True
5924054,0.00632000,3158.80000000,12375596,12375596,1782869831349304,True,True
5924055,0.00632000,955.50000000,12375597,12375597,1782869835221828,False,True
5924056,0.00631000,1874.40000000,12375598,12375598,1782869836417876,True,True
5924057,0.00631000,1772.80000000,12375599,12375599,1782869848017753,True,True
5924058,0.00633000,3470.10000000,12375600,12375600,1782869917917314,False,True
5924059,0.00633000,1194.20000000,12375601,12375601,1782869917918627,False,True
5924060,0.00634000,13465.00000000,12375602,12375603,1782869941961581,True,True
5924061,0.00634000,12265.00000000,12375604,12375604,1782869943110286,False,True
5924062,0.00635000,2047.30000000,12375605,12375605,1782869946527618,False,True
5924063,0.00635000,54170.90000000,12375606,12375607,1782869946530135,False,True
5924064,0.00636000,1259.80000000,12375608,12375609,1782869947855090,False,True
5924065,0.00636000,1524.50000000,12375610,12375610,1782869956211734,True,True
5924066,0.00636000,275.50000000,12375611,12375611,1782869956211868,True,True
5924067,0.00637000,1200.00000000,12375612,12375612,1782869969560635,True,True
5924068,0.00636000,12265.00000000,12375613,12375613,1782869976391018,False,True
5924069,0.00637000,8719.30000000,12375614,12375614,1782869976391018,False,True
5924070,0.00636000,6341.60000000,12375615,12375615,1782870000582455,True,True
5924071,0.00636000,5923.40000000,12375616,12375616,1782870000584013,True,True
5924072,0.00638000,1542.70000000,12375617,12375617,1782870068458860,False,True
5924073,0.00638000,4677.60000000,12375618,12375618,1782870068460571,False,True
5924074,0.00639000,1491.10000000,12375619,12375619,1782870077122295,True,True
5924075,0.00638000,924.80000000,12375620,12375620,1782870102823985,True,True
5924076,0.00637000,4715.00000000,12375621,12375621,1782870151155194,False,True
5924077,0.00637000,4715.00000000,12375622,12375622,1782870151155198,False,True
5924078,0.00637000,2835.00000000,12375623,12375623,1782870151156635,False,True
5924079,0.00638000,12265.00000000,12375624,12375624,1782870361377792,True,True
5924080,0.00638000,1199.90000000,12375625,12375625,1782870366356094,False,True
5924081,0.00637000,12265.00000000,12375626,12375626,1782870516439652,False,True
5924082,0.00638000,28197.60000000,12375627,12375628,1782870516439652,False,True
5924083,0.00636000,18189.90000000,12375629,12375630,1782870528966104,True,True
5924084,0.00636000,1106.00000000,12375631,12375631,1782870554122302,True,True
5924085,0.00637000,15901.00000000,12375632,12375632,1782870581243141,True,True
5924086,0.00640000,1200.00000000,12375633,12375633,1782870953070577,False,True
5924087,0.00639000,1335.30000000,12375634,12375634,1782871036122242,True,True
5924088,0.00639000,9000.00000000,12375635,12375635,1782871058943105,False,True
5924089,0.00639000,1200.00000000,12375636,12375636,1782871258115936,False,True
5924090,0.00639000,1249.10000000,12375637,12375637,1782871280522457,True,True
5924091,0.00640000,15901.00000000,12375638,12375638,1782871370388629,True,True
5924092,0.00640000,26530.20000000,12375639,12375640,1782871385777749,True,True
5924093,0.00640000,1200.00000000,12375641,12375641,1782871385777950,True,True
5924094,0.00637000,1571.00000000,12375642,12375642,1782871502131704,False,True
5924095,0.00637000,229.00000000,12375643,12375643,1782871502131910,False,True
5924096,0.00637000,828.90000000,12375644,12375644,1782871569149117,True,True
5924097,0.00636000,1398.10000000,12375645,12375645,1782871630687432,True,True
5924098,0.00636000,1122.10000000,12375646,12375646,1782871655582158,True,True
5924099,0.00637000,12265.00000000,12375647,12375647,1782871763385052,False,True
5924100,0.00637000,2483.30000000,12375648,12375648,1782871765622541,True,True
5924101,0.00639000,1200.00000000,12375649,12375649,1782871980760137,False,True
5924102,0.00640000,4800.00000000,12375650,12375650,1782872031752296,False,True
5924103,0.00641000,1577.70000000,12375651,12375651,1782872238422113,True,True
5924104,0.00641000,869.50000000,12375652,12375652,1782872240741996,True,True
5924105,0.00640000,1236.70000000,12375653,12375653,1782872315844653,True,True
5924106,0.00640000,3688.10000000,12375654,12375654,1782872404946027,True,True
5924107,0.00641000,1562.50000000,12375655,12375656,1782872412055641,False,True
5924108,0.00643000,12265.00000000,12375657,12375657,1782872576660418,True,True
5924109,0.00642000,1220.00000000,12375658,12375658,1782872592822653,True,True
5924110,0.00644000,49358.20000000,12375659,12375666,1782872641116045,False,True
5924111,0.00644000,993.30000000,12375667,12375667,1782872646725290,True,True
5924112,0.00643000,248.90000000,12375668,12375668,1782872646725290,True,True
5924113,0.00644000,3105.50000000,12375669,12375669,1782872670532504,False,True
5924114,0.00642000,5061.40000000,12375670,12375670,1782872731010252,True,True
5924115,0.00643000,975.70000000,12375671,12375671,1782873080222188,True,True
5924116,0.00642000,6135.30000000,12375672,12375672,1782873135145896,True,True
5924117,0.00642000,9765.70000000,12375673,12375673,1782873135147313,True,True
5924118,0.00642000,1200.00000000,12375674,12375674,1782873192346684,True,True
5924119,0.00642000,16465.50000000,12375675,12375676,1782873192348084,True,True
5924120,0.00642000,1382.90000000,12375677,12375677,1782873434023412,True,True
5924121,0.00642000,1845.20000000,12375678,12375678,1782873441123526,True,True
5924122,0.00643000,29366.00000000,12375679,12375681,1782873610228920,True,True
5924123,0.00642000,12265.00000000,12375682,12375682,1782873670506851,False,True
5924124,0.00642000,989.10000000,12375683,12375683,1782873678321508,True,True
5924125,0.00643000,995.30000000,12375684,12375684,1782873678322713,False,True
5924126,0.00643000,900.00000000,12375685,12375685,1782873803838439,False,True
5924127,0.00643000,4673.00000000,12375686,12375686,1782873812153950,False,True
5924128,0.00643000,4673.00000000,12375687,12375687,1782873812154730,False,True
5924129,0.00643000,24370.00000000,12375688,12375689,1782873812171874,False,True
5924130,0.00643000,983.80000000,12375690,12375690,1782873812252511,True,True
5924131,0.00643000,1104.30000000,12375691,12375691,1782873916722612,True,True
5924132,0.00641000,910.80000000,12375692,12375692,1782874050842247,False,True
5924133,0.00642000,61623.10000000,12375693,12375694,1782874094190589,False,True
5924134,0.00643000,1199.90000000,12375695,12375695,1782874095323180,True,True
5924135,0.00642000,28166.00000000,12375696,12375697,1782874201987087,True,True
5924136,0.00642000,3932.50000000,12375698,12375698,1782874212358866,False,True
5924137,0.00642000,28597.80000000,12375699,12375704,1782874479964517,True,True
5924138,0.00642000,3500.70000000,12375705,12375705,1782874479965635,False,True
5924139,0.00643000,17202.10000000,12375706,12375707,1782874492225562,False,True
5924140,0.00643000,31510.00000000,12375708,12375709,1782874500458934,False,True
5924141,0.00643000,4671.00000000,12375710,12375710,1782874500558246,False,True
5924142,0.00643000,4671.00000000,12375711,12375711,1782874500558281,False,True
5924143,0.00643000,18407.90000000,12375712,12375712,1782874500560025,False,True
5924144,0.00644000,8008.80000000,12375713,12375713,1782874525429649,True,True
5924145,0.00644000,7199.90000000,12375714,12375714,1782874548970528,False,True
5924146,0.00645000,80255.40000000,12375715,12375725,1782874548970528,False,True
5924147,0.00645000,516466.10000000,12375726,12375726,1782874548971968,True,True
5924148,0.00644000,29276.70000000,12375727,12375727,1782874548972408,True,True
5924149,0.00643000,9172.80000000,12375728,12375728,1782874548972408,True,True
5924150,0.00644000,12265.00000000,12375729,12375729,1782874560611967,True,True
5924151,0.00643000,1097.50000000,12375730,12375730,1782874758622276,True,True
5924152,0.00644000,51200.00000000,12375731,12375732,1782874820929186,False,True
5924153,0.00644000,1800.00000000,12375733,12375733,1782874831200715,False,True
5924154,0.00644000,1534.50000000,12375734,12375734,1782874872640022,True,True
5924155,0.00643000,5224.50000000,12375735,12375736,1782874934029255,True,True
5924156,0.00642000,17007.70000000,12375737,12375738,1782874934029255,True,True
5924157,0.00644000,1009.40000000,12375739,12375739,1782874971990991,False,True
5924158,0.00643000,1166.90000000,12375740,12375740,1782874983641360,False,True
5924159,0.00643000,28166.00000000,12375741,12375742,1782875009672998,True,True
5924160,0.00643000,23829.20000000,12375743,12375743,1782875009674819,False,True
5924161,0.00643000,15901.00000000,12375744,12375744,1782875066261948,True,True
5924162,0.00642000,28166.00000000,12375745,12375746,1782875086933418,True,True
5924163,0.00642000,11935.40000000,12375747,12375747,1782875086934580,False,True
5924164,0.00642000,11935.40000000,12375748,12375748,1782875086934664,False,True
5924165,0.00642000,11935.40000000,12375749,12375749,1782875086934668,False,True
5924166,0.00642000,25224.10000000,12375750,12375750,1782875086934686,False,True
5924167,0.00642000,10634.60000000,12375751,12375751,1782875086935033,False,True
5924168,0.00642000,26756.10000000,12375752,12375753,1782875107815529,True,True
5924169,0.00642000,29398.80000000,12375754,12375754,1782875107817467,False,True
5924170,0.00642000,26756.10000000,12375755,12375756,1782875112595022,True,True
5924171,0.00642000,25207.20000000,12375757,12375757,1782875112905490,False,True
5924172,0.00642000,25207.20000000,12375758,12375758,1782875112905836,False,True
5924173,0.00641000,1011.70000000,12375759,12375759,1782875119722763,True,True
5924174,0.00642000,3046.00000000,12375760,12375760,1782875133803527,False,True
5924175,0.00642000,3046.00000000,12375761,12375761,1782875134071164,False,True
5924176,0.00642000,12268.00000000,12375762,12375762,1782875134082312,False,True
5924177,0.00642000,1362.00000000,12375763,12375763,1782875137453285,False,True
5924178,0.00642000,6251.00000000,12375764,12375764,1782875137900729,False,True
5924179,0.00643000,31510.00000000,12375765,12375765,1782875173457043,False,True
5924180,0.00643000,2589.00000000,12375766,12375766,1782875173458507,False,True
5924181,0.00643000,5443.10000000,12375767,12375767,1782875173460709,True,True
5924182,0.00643000,5443.10000000,12375768,12375768,1782875173460988,True,True
5924183,0.00644000,31510.00000000,12375769,12375771,1782875214131632,False,True
5924184,0.00644000,51872.20000000,12375772,12375773,1782875214133186,False,True
5924185,0.00644000,966.10000000,12375774,12375774,1782875234053287,True,True
5924186,0.00644000,2120.80000000,12375775,12375775,1782875239577312,True,True
5924187,0.00644000,3427.80000000,12375776,12375776,1782875296096785,True,True
5924188,0.00644000,55459.30000000,12375777,12375780,1782875327276843,False,True
5924189,0.00644000,1477.20000000,12375781,12375781,1782875327278618,True,True
5924190,0.00643000,1118.20000000,12375782,12375782,1782875374137132,False,True
5924191,0.00643000,150000.00000000,12375783,12375785,1782875389197473,True,True
5924192,0.00643000,12265.00000000,12375786,12375786,1782875389212548,False,True
5924193,0.00643000,777.60000000,12375787,12375787,1782875536169493,False,True
5924194,0.00642000,887.60000000,12375788,12375788,1782875538637117,True,True
5924195,0.00643000,777.60000000,12375789,12375789,1782875562468676,False,True
5924196,0.00642000,777.60000000,12375790,12375790,1782875567102355,True,True
5924197,0.00642000,12265.00000000,12375791,12375791,1782875675828669,False,True
5924198,0.00642000,13270.10000000,12375792,12375793,1782875711959955,True,True
5924199,0.00641000,1031.40000000,12375794,12375794,1782875716622664,True,True
5924200,0.00641000,28166.00000000,12375795,12375796,1782875865146804,True,True
5924201,0.00640000,104859.80000000,12375797,12375805,1782875865146804,True,True
5924202,0.00640000,424027.70000000,12375806,12375806,1782875865148986,False,True
5924203,0.00640000,14065.00000000,12375807,12375808,1782875891320997,False,True
5924204,0.00640000,781.20000000,12375809,12375809,1782876050585680,False,True
5924205,0.00639000,781.20000000,12375810,12375810,1782876055805275,True,True
5924206,0.00640000,2219.40000000,12375811,12375811,1782876126393033,False,True
5924207,0.00640000,781.20000000,12375812,12375812,1782876136142831,False,True
5924208,0.00639000,972.20000000,12375813,12375813,1782876142348267,True,True
5924209,0.00640000,1952.60000000,12375814,12375814,1782876158402920,False,True
5924210,0.00639000,1950.60000000,12375815,12375815,1782876165072402,True,True
5924211,0.00640000,6530.60000000,12375816,12375816,1782876170348882,False,True
5924212,0.00641000,1942.60000000,12375817,12375817,1782876172783362,False,True
5924213,0.00640000,1940.70000000,12375818,12375818,1782876175017114,True,True
5924214,0.00640000,12265.00000000,12375819,12375819,1782876243372467,False,True
5924215,0.00640000,1351.00000000,12375820,12375820,1782876318024897,True,True
5924216,0.00640000,1913.80000000,12375821,12375821,1782876363377839,True,True
5924217,0.00640000,10351.20000000,12375822,12375822,1782876363379030,True,True
5924218,0.00639000,12265.00000000,12375823,12375823,1782876363816519,False,True
5924219,0.00641000,8112.30000000,12375824,12375824,1782876553964726,False,True
5924220,0.00639000,7702.80000000,12375825,12375825,1782876558057931,True,True
5924221,0.00640000,1751.70000000,12375826,12375826,1782876600607028,False,True
5924222,0.00639000,1584.90000000,12375827,12375827,1782876679122463,True,True
5924223,0.00639000,2977.30000000,12375828,12375828,1782876720625165,True,True
5924224,0.00638000,12265.00000000,12375829,12375829,1782876787213596,True,True
5924225,0.00638000,20065.00000000,12375830,12375831,1782876791835210,False,True
5924226,0.00639000,796.00000000,12375832,12375832,1782876819450425,True,True
5924227,0.00639000,796.00000000,12375833,12375833,1782876819504596,True,True
5924228,0.00639000,1615.00000000,12375834,12375834,1782876819646408,True,True
5924229,0.00639000,9854.00000000,12375835,12375835,1782876820129525,True,True
5924230,0.00639000,1703.00000000,12375836,12375836,1782876930222475,True,True
5924231,0.00638000,802.90000000,12375837,12375837,1782876941683676,True,True
5924232,0.00639000,28166.00000000,12375838,12375839,1782876981453833,True,True
5924233,0.00639000,6394.80000000,12375840,12375840,1782876990642170,False,True
5924234,0.00642000,1147.70000000,12375841,12375841,1782877032787821,True,True
5924235,0.00642000,6487.90000000,12375842,12375842,1782877033022882,True,True
5924236,0.00641000,1644.90000000,12375843,12375843,1782877034423193,True,True
5924237,0.00640000,1283.30000000,12375844,12375844,1782877038723160,True,True
5924238,0.00640000,3016.80000000,12375845,12375845,1782877088572078,False,True
5924239,0.00640000,3122.00000000,12375846,12375846,1782877151951647,False,True
5924240,0.00640000,6126.20000000,12375847,12375847,1782877151953100,False,True
5924241,0.00641000,1548.00000000,12375848,12375848,1782877151953151,False,True
5924242,0.00641000,948.80000000,12375849,12375849,1782877155422486,False,True
5924243,0.00639000,1641.30000000,12375850,12375850,1782877393322108,True,True
5924244,0.00640000,1200.00000000,12375851,12375851,1782877474878312,False,True
5924245,0.00641000,12177.70000000,12375852,12375852,1782877674983727,True,True
5924246,0.00642000,28985.90000000,12375853,12375854,1782877771850813,False,True
5924247,0.00642000,998.00000000,12375855,12375855,1782877832479471,False,True
5924248,0.00642000,1536.00000000,12375856,12375856,1782877832483088,False,True
5924249,0.00642000,1286.00000000,12375857,12375857,1782877832781587,False,True
5924250,0.00642000,1219.00000000,12375858,12375858,1782877832881935,False,True
5924251,0.00642000,1219.00000000,12375859,12375859,1782877832983240,False,True
5924252,0.00643000,1052.00000000,12375860,12375860,1782877920622423,False,True
5924253,0.00643000,1052.00000000,12375861,12375861,1782877920622491,False,True
5924254,0.00643000,1052.00000000,12375862,12375862,1782877920622547,False,True
5924255,0.00643000,1052.00000000,12375863,12375863,1782877920622606,False,True
5924256,0.00644000,3329.20000000,12375864,12375864,1782877939095256,False,True
5924257,0.00644000,862.80000000,12375865,12375865,1782877939103725,False,True
5924258,0.00644000,1212.00000000,12375866,12375866,1782877939155737,False,True
5924259,0.00644000,1188.00000000,12375867,12375867,1782877939185065,False,True
5924260,0.00645000,3229.80000000,12375868,12375868,1782878031623547,False,True
5924261,0.00646000,13050.70000000,12375869,12375869,1782878031623547,False,True
5924262,0.00644000,16264.20000000,12375870,12375871,1782878038432675,True,True
5924263,0.00645000,931.00000000,12375872,12375872,1782878103369402,False,True
5924264,0.00645000,860.00000000,12375873,12375873,1782878113265580,False,True
5924265,0.00644000,1513.00000000,12375874,12375874,1782878149998241,True,True
5924266,0.00645000,16222.70000000,12375875,12375876,1782878155849582,False,True
5924267,0.00644000,16206.40000000,12375877,12375879,1782878165551589,True,True
5924268,0.00645000,16165.10000000,12375880,12375880,1782878170206446,False,True
5924269,0.00644000,16149.00000000,12375881,12375884,1782878175170296,True,True
5924270,0.00644000,2050.80000000,12375885,12375885,1782878232065230,True,True
5924271,0.00644000,11516.50000000,12375886,12375889,1782878232066576,True,True
5924272,0.00643000,1382.00000000,12375890,12375890,1782878356721838,True,True
5924273,0.00644000,776.30000000,12375891,12375891,1782878424807414,False,True
5924274,0.00644000,1175.50000000,12375892,12375892,1782878428473648,True,True
5924275,0.00644000,1537.10000000,12375893,12375893,1782878478675380,False,True
5924276,0.00643000,2223.70000000,12375894,12375894,1782878534034215,False,True
5924277,0.00643000,928.50000000,12375895,12375895,1782878748986540,False,True
5924278,0.00644000,856.30000000,12375896,12375896,1782878804118157,False,True
5924279,0.00644000,3138.10000000,12375897,12375897,1782878817578555,False,True
5924280,0.00643000,1177.50000000,12375898,12375898,1782878834022189,True,True
5924281,0.00643000,1492.90000000,12375899,12375899,1782878838482792,True,True
5924282,0.00642000,2629.10000000,12375900,12375900,1782878845377065,True,True
5924283,0.00643000,15901.00000000,12375901,12375901,1782878957576532,True,True
5924284,0.00642000,16907.30000000,12375902,12375903,1782878957576532,True,True
5924285,0.00644000,4031.90000000,12375904,12375904,1782879069986869,False,True
5924286,0.00643000,4027.90000000,12375905,12375905,1782879071703749,True,True
5924287,0.00644000,4017.60000000,12375906,12375907,1782879074100731,False,True
5924288,0.00643000,4013.50000000,12375908,12375908,1782879076020560,True,True
5924289,0.00643000,4987.80000000,12375909,12375909,1782879109395154,True,True
5924290,0.00643000,10913.20000000,12375910,12375910,1782879109397198,True,True
5924291,0.00643000,15901.00000000,12375911,12375911,1782879225079295,True,True
5924292,0.00643000,12265.00000000,12375912,12375912,1782879254782943,False,True
5924293,0.00643000,943.70000000,12375913,12375913,1782879318224131,True,True
5924294,0.00645000,6411.40000000,12375914,12375915,1782879374778804,False,True
5924295,0.00643000,6383.80000000,12375916,12375916,1782879411819512,True,True
5924296,0.00644000,10484.40000000,12375917,12375917,1782879672143054,True,True
5924297,0.00644000,1123.60000000,12375918,12375918,1782879680323637,True,True
5924298,0.00645000,7751.90000000,12375919,12375919,1782879768878822,False,True
5924299,0.00644000,9453.60000000,12375920,12375920,1782879900064966,True,True
5924300,0.00644000,1199.90000000,12375921,12375921,1782879913310921,False,True
5924301,0.00645000,5926.70000000,12375922,12375923,1782880086743102,False,True
5924302,0.00645000,6336.60000000,12375924,12375924,1782880086744208,False,True
5924303,0.00646000,1276.50000000,12375925,12375925,1782880154822246,True,True
5924304,0.00646000,1509.30000000,12375926,12375926,1782880155338956,True,True
5924305,0.00646000,5926.70000000,12375927,12375927,1782880230869515,True,True
5924306,0.00646000,12265.00000000,12375928,12375928,1782880368379640,True,True
5924307,0.00644000,1725.70000000,12375929,12375929,1782880643215256,True,True
5924308,0.00645000,2055.60000000,12375930,12375931,1782880760921951,True,True
5924309,0.00646000,12265.00000000,12375932,12375932,1782880859285516,False,True
5924310,0.00647000,1799.90000000,12375933,12375933,1782881192483848,True,True
5924311,0.00646000,9613.60000000,12375934,12375934,1782881419587013,True,True
5924312,0.00646000,1235.70000000,12375935,12375935,1782881480424169,True,True
5924313,0.00646000,3046.20000000,12375936,12375936,1782881567482673,False,True
5924314,0.00646000,9218.80000000,12375937,12375937,1782881567483872,False,True
5924315,0.00646000,12265.00000000,12375938,12375938,1782881595819600,True,True
5924316,0.00645000,1022.70000000,12375939,12375939,1782881717922070,True,True
5924317,0.00646000,28562.20000000,12375940,12375942,1782881836091229,False,True
5924318,0.00644000,2226.40000000,12375943,12375943,1782882081766221,True,True
5924319,0.00645000,1173.30000000,12375944,12375944,1782882172766708,False,True
5924320,0.00645000,1335.40000000,12375945,12375945,1782882175154267,False,True
5924321,0.00644000,3750.60000000,12375946,12375946,1782882277421927,True,True
5924322,0.00644000,1747.80000000,12375947,12375947,1782882433423637,True,True
5924323,0.00644000,1622.40000000,12375948,12375948,1782882442874892,True,True
5924324,0.00644000,6401.10000000,12375949,12375950,1782882561870119,True,True
5924325,0.00644000,1070.30000000,12375951,12375951,1782882796123856,True,True
5924326,0.00645000,9932.10000000,12375952,12375952,1782882911944054,False,True
5924327,0.00646000,1805.90000000,12375953,12375953,1782882970320307,False,True
5924328,0.00643000,2399.90000000,12375954,12375954,1782883483492769,False,True
5924329,0.00644000,3741.30000000,12375955,12375955,1782883483492769,False,True
5924330,0.00643000,1453.90000000,12375956,12375956,1782883516623636,True,True
5924331,0.00644000,5126.80000000,12375957,12375957,1782883576915987,False,True
5924332,0.00643000,1014.30000000,12375958,12375958,1782883756522134,False,True
5924333,0.00643000,11250.70000000,12375959,12375959,1782883806838326,False,True
5924334,0.00644000,4671.00000000,12375960,12375960,1782883806842772,False,True
5924335,0.00643000,1199.90000000,12375961,12375961,1782883919596515,True,True
5924336,0.00642000,1169.70000000,12375962,12375962,1782884116621884,True,True
5924337,0.00642000,1019.20000000,12375963,12375963,1782884165024255,True,True
5924338,0.00641000,2047.80000000,12375964,12375964,1782884237241608,True,True
5924339,0.00641000,1639.10000000,12375965,12375965,1782884243999337,True,True
5924340,0.00641000,7744.10000000,12375966,12375966,1782884305203950,True,True
5924341,0.00640000,6296.60000000,12375967,12375967,1782884423302539,True,True
5924342,0.00640000,5968.40000000,12375968,12375968,1782884423304042,True,True
5924343,0.00641000,12265.00000000,12375969,12375969,1782884474657591,False,True
5924344,0.00641000,1185.10000000,12375970,12375970,1782884486322648,True,True
5924345,0.00641000,1633.40000000,12375971,12375971,1782884718922597,True,True
5924346,0.00642000,27244.50000000,12375972,12375973,1782884810044015,False,True
5924347,0.00643000,17066.20000000,12375974,12375975,1782884810044015,False,True
5924348,0.00643000,29455.80000000,12375976,12375979,1782884835627618,False,True
5924349,0.00642000,807.60000000,12375980,12375980,1782884853358198,True,True
5924350,0.00643000,45540.30000000,12375981,12375992,1782884856406567,False,True
5924351,0.00644000,26710.90000000,12375993,12375995,1782884856407836,False,True
5924352,0.00645000,800.00000000,12375996,12375996,1782884856410251,False,True
5924353,0.00646000,1199.80000000,12375997,12375997,1782884856691111,True,True
5924354,0.00646000,1846.40000000,12375998,12375998,1782884869675503,True,True
5924355,0.00646000,40534.40000000,12375999,12376000,1782884869676611,True,True
5924356,0.00645000,775.10000000,12376001,12376001,1782884916814283,False,True
5924357,0.00645000,1446.40000000,12376002,12376002,1782884940559663,False,True
5924358,0.00645000,43986.60000000,12376003,12376006,1782884982151921,False,True
5924359,0.00644000,936.30000000,12376007,12376007,1782884986694397,True,True
5924360,0.00644000,7741.30000000,12376008,12376008,1782884997063704,True,True
5924361,0.00644000,3587.40000000,12376009,12376009,1782884997064950,True,True
5924362,0.00644000,6892.40000000,12376010,12376013,1782885301323417,False,True
5924363,0.00643000,779.70000000,12376014,12376014,1782885357730953,True,True
5924364,0.00644000,1144.70000000,12376015,12376015,1782885428958912,False,True
5924365,0.00644000,12483.00000000,12376016,12376020,1782885543097769,False,True
5924366,0.00643000,1099.00000000,12376021,12376021,1782885554722411,True,True
5924367,0.00643000,15901.00000000,12376022,12376022,1782885555074732,False,True
5924368,0.00644000,953.00000000,12376023,12376023,1782885555251355,False,True
5924369,0.00643000,12265.00000000,12376024,12376024,1782885601147194,True,True
5924370,0.00643000,1200.00000000,12376025,12376025,1782885623203667,False,True
5924371,0.00642000,956.00000000,12376026,12376026,1782885683873001,False,True
5924372,0.00642000,1486.50000000,12376027,12376027,1782885688479410,False,True
5924373,0.00642000,1530.40000000,12376028,12376028,1782885700337288,False,True
5924374,0.00642000,1156.70000000,12376029,12376029,1782885702661113,False,True
5924375,0.00642000,1091.70000000,12376030,12376030,1782885711652079,False,True
5924376,0.00642000,956.00000000,12376031,12376031,1782885723588132,False,True
5924377,0.00642000,2152.00000000,12376032,12376032,1782885853444425,False,True
5924378,0.00642000,956.00000000,12376033,12376033,1782885854297583,False,True
5924379,0.00642000,1018.50000000,12376034,12376034,1782885859763976,False,True
5924380,0.00642000,956.00000000,12376035,12376035,1782885868056065,False,True
5924381,0.00642000,956.00000000,12376036,12376036,1782885870773345,False,True
5924382,0.00642000,1532.20000000,12376037,12376037,1782885929830425,False,True
5924383,0.00642000,1287.70000000,12376038,12376038,1782885937254059,False,True
5924384,0.00642000,1082.40000000,12376039,12376039,1782885944898760,False,True
5924385,0.00642000,956.00000000,12376040,12376040,1782885946365100,False,True
5924386,0.00642000,956.00000000,12376041,12376041,1782885947843840,False,True
5924387,0.00641000,1199.30000000,12376042,12376042,1782886033376986,True,True
5924388,0.00640000,2199.90000000,12376043,12376043,1782886041877454,True,True
5924389,0.00642000,7788.10000000,12376044,12376044,1782886065237829,False,True
5924390,0.00640000,1000.00000000,12376045,12376045,1782886066881316,True,True
5924391,0.00640000,1731.50000000,12376046,12376046,1782886160521953,True,True
5924392,0.00642000,956.00000000,12376047,12376047,1782886160719902,False,True
5924393,0.00640000,7333.60000000,12376048,12376048,1782886192820527,True,True
5924394,0.00640000,1158.00000000,12376049,12376049,1782886193147603,False,True
5924395,0.00640000,1951.50000000,12376050,12376050,1782886195568734,False,True
5924396,0.00640000,1640.00000000,12376051,12376051,1782886197363885,False,True
5924397,0.00640000,1378.00000000,12376052,12376052,1782886200059521,False,True
5924398,0.00640000,2923.60000000,12376053,12376054,1782886200655182,False,True
5924399,0.00640000,29246.00000000,12376055,12376055,1782886200657446,False,True
5924400,0.00641000,19598.60000000,12376056,12376057,1782886244492509,True,True
5924401,0.00641000,957.00000000,12376058,12376058,1782886264795829,False,True
5924402,0.00642000,7788.10000000,12376059,12376059,1782886300122604,False,True
5924403,0.00641000,957.00000000,12376060,12376060,1782886349757233,False,True
5924404,0.00641000,27209.00000000,12376061,12376062,1782886349758350,False,True
5924405,0.00641000,12265.00000000,12376063,12376063,1782886371355138,True,True
5924406,0.00641000,1229.70000000,12376064,12376064,1782886399221879,True,True
5924407,0.00642000,1248.10000000,12376065,12376065,1782886470541066,False,True
5924408,0.00642000,1117.20000000,12376066,12376066,1782886487265417,False,True
5924409,0.00642000,956.00000000,12376067,12376067,1782886495003461,False,True
5924410,0.00642000,956.00000000,12376068,12376068,1782886497410014,False,True
5924411,0.00642000,1586.50000000,12376069,12376069,1782886525180783,False,True
5924412,0.00642000,1333.40000000,12376070,12376070,1782886526301129,False,True
5924413,0.00642000,1120.50000000,12376071,12376071,1782886532066287,False,True
5924414,0.00642000,16043.40000000,12376072,12376073,1782886550762580,True,True
5924415,0.00642000,7256.90000000,12376074,12376074,1782886550782582,True,True
5924416,0.00641000,1350.30000000,12376075,12376075,1782886551348516,False,True
5924417,0.00642000,1018.70000000,12376076,12376076,1782886561627965,False,True
5924418,0.00642000,956.00000000,12376077,12376077,1782886563411920,False,True
5924419,0.00642000,1585.50000000,12376078,12376078,1782886565751925,False,True
5924420,0.00642000,13123.80000000,12376079,12376080,1782886565754124,False,True
5924421,0.00642000,1117.20000000,12376081,12376081,1782886620867988,False,True
5924422,0.00642000,956.00000000,12376082,12376082,1782886622947724,False,True
5924423,0.00642000,5710.50000000,12376083,12376083,1782886633793607,False,True
5924424,0.00642000,12265.00000000,12376084,12376084,1782886642181525,True,True
5924425,0.00642000,4506.50000000,12376085,12376085,1782886644356458,False,True
5924426,0.00642000,1117.40000000,12376086,12376086,1782886647808166,False,True
5924427,0.00642000,1664.40000000,12376087,12376087,1782886693677425,False,True
5924428,0.00642000,1117.50000000,12376088,12376088,1782886696296955,False,True
5924429,0.00642000,956.00000000,12376089,12376089,1782886705466057,False,True
5924430,0.00642000,1243.70000000,12376090,12376090,1782886716255021,False,True
5924431,0.00642000,1510.00000000,12376091,12376091,1782886718850069,False,True
5924432,0.00642000,956.00000000,12376092,12376092,1782886736038543,False,True
5924433,0.00641000,1023.60000000,12376093,12376093,1782886805089012,False,True
5924434,0.00640000,958.00000000,12376094,12376094,1782886866475530,False,True
5924435,0.00641000,976.40000000,12376095,12376095,1782886881922279,False,True
5924436,0.00640000,958.00000000,12376096,12376096,1782886899495318,False,True
5924437,0.00640000,2295.00000000,12376097,12376097,1782886918419726,False,True
5924438,0.00639000,787.60000000,12376098,12376098,1782886919396842,True,True
5924439,0.00639000,960.00000000,12376099,12376099,1782886920737011,False,True
5924440,0.00639000,1720.20000000,12376100,12376100,1782886921799806,False,True
5924441,0.00639000,960.00000000,12376101,12376101,1782886923929254,False,True
5924442,0.00639000,960.00000000,12376102,12376102,1782886926657660,False,True
5924443,0.00639000,960.00000000,12376103,12376103,1782886928493328,False,True
5924444,0.00639000,960.00000000,12376104,12376104,1782886930049847,False,True
5924445,0.00639000,4500.50000000,12376105,12376105,1782886933624610,False,True
5924446,0.00638000,4495.90000000,12376106,12376106,1782886938615959,True,True
5924447,0.00639000,4484.30000000,12376107,12376108,1782886943943726,False,True
5924448,0.00637000,4479.90000000,12376109,12376109,1782886947467227,True,True
5924449,0.00638000,4468.40000000,12376110,12376110,1782886953258305,False,True
5924450,0.00639000,961.00000000,12376111,12376111,1782886953371312,False,True
5924451,0.00638000,4463.90000000,12376112,12376112,1782886958012364,True,True
5924452,0.00639000,4452.50000000,12376113,12376113,1782886962737622,False,True
5924453,0.00638000,4448.00000000,12376114,12376115,1782886968146129,True,True
5924454,0.00638000,1599.50000000,12376116,12376116,1782886971561658,False,True
5924455,0.00638000,961.00000000,12376117,12376117,1782886974698641,False,True
5924456,0.00638000,961.00000000,12376118,12376118,1782886975794528,False,True
5924457,0.00638000,961.00000000,12376119,12376119,1782886978338762,False,True
5924458,0.00638000,1962.40000000,12376120,12376120,1782886990141929,False,True
5924459,0.00638000,1648.40000000,12376121,12376121,1782886992052289,False,True
5924460,0.00639000,1869.30000000,12376122,12376122,1782887040899007,False,True
5924461,0.00639000,1248.70000000,12376123,12376123,1782887054238849,False,True
5924462,0.00639000,782.40000000,12376124,12376124,1782887055248574,False,True
5924463,0.00639000,1117.20000000,12376125,12376125,1782887066538505,False,True
5924464,0.00640000,1117.40000000,12376126,12376126,1782887110495295,False,True
5924465,0.00639000,15029.90000000,12376127,12376129,1782887151399071,True,True
5924466,0.00638000,2481.00000000,12376130,12376130,1782887151400028,True,True
5924467,0.00638000,9784.00000000,12376131,12376131,1782887151400318,True,True
5924468,0.00638000,5741.60000000,12376132,12376132,1782887151401748,False,True
5924469,0.00639000,1027.90000000,12376133,12376133,1782887152290504,False,True
5924470,0.00639000,5396.70000000,12376134,12376135,1782887152291712,False,True
5924471,0.00639000,5741.60000000,12376136,12376136,1782887152294472,True,True
5924472,0.00639000,1161.00000000,12376137,12376137,1782887199033445,True,True
5924473,0.00639000,1161.00000000,12376138,12376138,1782887199033451,True,True
5924474,0.00639000,1709.30000000,12376139,12376139,1782887199190140,False,True
5924475,0.00639000,1314.00000000,12376140,12376140,1782887200537842,False,True
5924476,0.00639000,28052.00000000,12376141,12376143,1782887200540717,False,True
5924477,0.00640000,781.20000000,12376144,12376144,1782887205233848,False,True
5924478,0.00640000,1175.20000000,12376145,12376145,1782887215290251,False,True
5924479,0.00639000,1174.00000000,12376146,12376146,1782887220426159,True,True
5924480,0.00640000,1171.50000000,12376147,12376147,1782887230674249,False,True
5924481,0.00639000,1170.30000000,12376148,12376148,1782887235881166,True,True
5924482,0.00639000,16887.00000000,12376149,12376150,1782887244163485,True,True
5924483,0.00639000,1156.20000000,12376151,12376151,1782887246706011,False,True
5924484,0.00639000,1155.10000000,12376152,12376152,1782887252023632,True,True
5924485,0.00639000,1194.60000000,12376153,12376153,1782887261642816,False,True
5924486,0.00638000,1193.40000000,12376154,12376154,1782887267168652,True,True
5924487,0.00639000,1177.40000000,12376155,12376155,1782887278836371,False,True
5924488,0.00638000,1176.20000000,12376156,12376156,1782887283905791,True,True
5924489,0.00639000,1173.70000000,12376157,12376157,1782887291023914,False,True
5924490,0.00638000,3812.60000000,12376158,12376158,1782887294680475,True,True
5924491,0.00638000,1172.50000000,12376159,12376159,1782887296028454,True,True
5924492,0.00639000,1156.70000000,12376160,12376160,1782887303670675,False,True
5924493,0.00638000,1155.60000000,12376161,12376161,1782887308896023,True,True
5924494,0.00638000,1059.40000000,12376162,12376162,1782887354022218,True,True
5924495,0.00638000,12853.60000000,12376163,12376168,1782887572377988,True,True
5924496,0.00639000,782.40000000,12376169,12376169,1782887582206008,False,True
5924497,0.00638000,1157.20000000,12376170,12376171,1782887589937366,True,True
5924498,0.00637000,52209.00000000,12376172,12376180,1782887672792557,True,True
5924499,0.00636000,11164.70000000,12376181,12376182,1782887680441327,True,True
5924500,0.00634000,21723.20000000,12376183,12376183,1782887753143174,True,True
5924501,0.00634000,1687.30000000,12376184,12376184,1782887753144776,False,True
5924502,0.00634000,1619.50000000,12376185,12376185,1782887753145905,False,True
5924503,0.00634000,1619.50000000,12376186,12376186,1782887753146556,False,True
5924504,0.00634000,1744.30000000,12376187,12376188,1782887753146684,False,True
5924505,0.00634000,1060.20000000,12376189,12376189,1782887753147179,False,True
5924506,0.00634000,1200.00000000,12376190,12376190,1782887753422257,False,True
5924507,0.00633000,5242.00000000,12376191,12376192,1782887820732422,True,True
5924508,0.00633000,5242.00000000,12376193,12376193,1782887820732691,True,True
5924509,0.00633000,5242.00000000,12376194,12376194,1782887820732979,True,True
5924510,0.00633000,5242.00000000,12376195,12376195,1782887820733069,True,True
5924511,0.00633000,19842.80000000,12376196,12376196,1782887820734039,True,True
5924512,0.00633000,1125.10000000,12376197,12376197,1782887820735536,True,True
5924513,0.00632000,1859.80000000,12376198,12376198,1782887834723585,True,True
5924514,0.00633000,12265.00000000,12376199,12376199,1782887835486443,False,True
5924515,0.00633000,1199.90000000,12376200,12376200,1782887838183867,True,True
5924516,0.00632000,1529.50000000,12376201,12376201,1782887843074949,True,True
5924517,0.00633000,14143.70000000,12376202,12376203,1782887914112613,False,True
5924518,0.00633000,2434.00000000,12376204,12376205,1782887951093074,False,True
5924519,0.00633000,1302.00000000,12376206,12376206,1782887965650137,True,True
5924520,0.00633000,6319.10000000,12376207,12376207,1782888065490495,False,True
5924521,0.00633000,988.00000000,12376208,12376208,1782888168229759,True,True
5924522,0.00633000,803.00000000,12376209,12376209,1782888168229948,True,True
5924523,0.00633000,7835.00000000,12376210,12376210,1782888252847563,True,True
5924524,0.00633000,7835.00000000,12376211,12376212,1782888252847656,True,True
5924525,0.00633000,9483.70000000,12376213,12376213,1782888252848932,True,True
5924526,0.00633000,1533.00000000,12376214,12376214,1782888252849969,True,True
5924527,0.00633000,1533.00000000,12376215,12376215,1782888252850153,True,True
5924528,0.00633000,26549.20000000,12376216,12376216,1782888252850290,True,True
5924529,0.00633000,7914.10000000,12376217,12376217,1782888252852163,True,True
5924530,0.00632000,1105.20000000,12376218,12376218,1782888318921797,True,True
5924531,0.00632000,12265.00000000,12376219,12376219,1782888354846643,False,True
5924532,0.00632000,991.80000000,12376220,12376220,1782888360586521,True,True
5924533,0.00633000,1106.70000000,12376221,12376221,1782888676021815,True,True
5924534,0.00634000,1634.10000000,12376222,12376222,1782888695972902,False,True
5924535,0.00634000,2994.60000000,12376223,12376223,1782888769884807,False,True
5924536,0.00635000,4642.40000000,12376224,12376224,1782888769884807,False,True
5924537,0.00634000,2944.30000000,12376225,12376225,1782889142148325,True,True
5924538,0.00634000,1551.90000000,12376226,12376226,1782889142150462,True,True
5924539,0.00633000,1939.60000000,12376227,12376227,1782889153321353,True,True
5924540,0.00634000,2428.00000000,12376228,12376229,1782889200272613,False,True
5924541,0.00634000,12265.00000000,12376230,12376230,1782889200277056,False,True
5924542,0.00634000,1550.80000000,12376231,12376232,1782889272846119,False,True
5924543,0.00633000,9218.70000000,12376233,12376233,1782889321319440,True,True
5924544,0.00633000,1394.40000000,12376234,12376234,1782889326617686,False,True
5924545,0.00633000,1393.40000000,12376235,12376235,1782889365079209,False,True
5924546,0.00633000,1033.00000000,12376236,12376236,1782889374401735,False,True
5924547,0.00633000,1524.00000000,12376237,12376237,1782889375951330,True,True
5924548,0.00633000,10741.00000000,12376238,12376238,1782889375952289,True,True
5924549,0.00632000,2615.10000000,12376239,12376239,1782889516321647,True,True
5924550,0.00632000,2035.20000000,12376240,12376240,1782889516322891,True,True
5924551,0.00632000,12265.00000000,12376241,12376241,1782889598709142,False,True
5924552,0.00632000,1449.10000000,12376242,12376242,1782889633519956,True,True
5924553,0.00632000,1750.30000000,12376243,12376243,1782889639915345,True,True
5924554,0.00631000,1109.30000000,12376244,12376244,1782889673466069,True,True
5924555,0.00632000,1576.20000000,12376245,12376245,1782889758821382,True,True
5924556,0.00633000,13467.20000000,12376246,12376246,1782890150787716,True,True
5924557,0.00634000,12279.40000000,12376247,12376248,1782890200276157,False,True
5924558,0.00634000,1409.50000000,12376249,12376249,1782890233623395,True,True
5924559,0.00633000,7087.10000000,12376250,12376250,1782890306215593,True,True
5924560,0.00635000,800.90000000,12376251,12376251,1782890585772704,False,True
5924561,0.00634000,1191.00000000,12376252,12376252,1782890587573908,True,True
5924562,0.00635000,6536.00000000,12376253,12376253,1782890590653245,False,True
5924563,0.00635000,3477.20000000,12376254,12376257,1782890769874934,True,True
5924564,0.00636000,1703.80000000,12376258,12376258,1782890770447160,False,True
5924565,0.00636000,12265.00000000,12376259,12376259,1782890798135119,False,True
5924566,0.00636000,74656.20000000,12376260,12376261,1782890917320585,True,True
5924567,0.00635000,1158.40000000,12376262,12376262,1782890957121684,True,True
5924568,0.00633000,2734.60000000,12376263,12376263,1782891033677064,False,True
5924569,0.00633000,3551.30000000,12376264,12376264,1782891033678152,False,True
5924570,0.00633000,1047.90000000,12376265,12376265,1782891033678284,False,True
5924571,0.00633000,466.20000000,12376266,12376266,1782891033678327,False,True
5924572,0.00635000,3782.50000000,12376267,12376267,1782891166078720,True,True
5924573,0.00635000,3551.30000000,12376268,12376268,1782891166078817,True,True
5924574,0.00635000,8567.20000000,12376269,12376269,1782891166079780,True,True
5924575,0.00635000,919.40000000,12376270,12376270,1782891204146444,False,True
5924576,0.00636000,3762.00000000,12376271,12376271,1782891270230116,False,True
5924577,0.00636000,16257.40000000,12376272,12376272,1782891270231400,False,True
5924578,0.00636000,962.00000000,12376273,12376273,1782891270234850,False,True
5924579,0.00636000,5235.00000000,12376274,12376274,1782891270234870,False,True
5924580,0.00636000,6068.00000000,12376275,12376275,1782891270243663,False,True
5924581,0.00636000,1043.50000000,12376276,12376276,1782891363721525,True,True
5924582,0.00636000,1566.10000000,12376277,12376277,1782891436622528,True,True
5924583,0.00636000,1256.90000000,12376278,12376278,1782891441099819,True,True
5924584,0.00637000,1199.90000000,12376279,12376279,1782891493884374,False,True
5924585,0.00638000,956.40000000,12376280,12376281,1782891917322281,False,True
5924586,0.00637000,1154.40000000,12376282,12376282,1782891917422445,True,True
5924587,0.00639000,41066.40000000,12376283,12376283,1782892203972352,False,True
5924588,0.00639000,13464.80000000,12376284,12376285,1782892239288846,True,True
5924589,0.00638000,1524.10000000,12376286,12376286,1782892279321949,True,True
5924590,0.00639000,900.50000000,12376287,12376287,1782892304573607,False,True
5924591,0.00640000,5873.40000000,12376288,12376288,1782892388832760,False,True
5924592,0.00640000,31298.90000000,12376289,12376298,1782892397366162,False,True
5924593,0.00640000,51496.00000000,12376299,12376303,1782892397370159,False,True
5924594,0.00640000,5643.30000000,12376304,12376304,1782892397399797,True,True
5924595,0.00640000,2983.60000000,12376305,12376305,1782892397402445,True,True
5924596,0.00640000,3638.10000000,12376306,12376306,1782892397402880,True,True
5924597,0.00639000,456.50000000,12376307,12376307,1782892397402880,True,True
5924598,0.00639000,2070.00000000,12376308,12376308,1782892397403579,True,True
5924599,0.00639000,2983.10000000,12376309,12376309,1782892397403663,True,True
5924600,0.00639000,2070.00000000,12376310,12376310,1782892397404938,True,True
5924601,0.00639000,1206.10000000,12376311,12376311,1782892516287257,False,True
5924602,0.00639000,11058.90000000,12376312,12376312,1782892516287353,False,True
5924603,0.00639000,1075.30000000,12376313,12376313,1782892516522177,True,True
5924604,0.00640000,33422.10000000,12376314,12376317,1782892519399189,False,True
5924605,0.00640000,2406.00000000,12376318,12376318,1782892547625040,True,True
5924606,0.00640000,1200.00000000,12376319,12376319,1782892620361662,False,True
5924607,0.00641000,12265.00000000,12376320,12376320,1782892627484726,True,True
5924608,0.00640000,869.50000000,12376321,12376321,1782892629583617,True,True
5924609,0.00640000,13465.00000000,12376322,12376323,1782892861823519,False,True
5924610,0.00639000,1200.00000000,12376324,12376324,1782892918450972,True,True
5924611,0.00638000,1800.00000000,12376325,12376325,1782892946145004,False,True
5924612,0.00640000,1462.70000000,12376326,12376326,1782893234922530,True,True
5924613,0.00640000,3311.90000000,12376327,12376327,1782893238476672,True,True
5924614,0.00639000,1032.10000000,12376328,12376328,1782893247538695,True,True
5924615,0.00639000,950.00000000,12376329,12376329,1782893364322254,True,True
5924616,0.00640000,7968.70000000,12376330,12376330,1782893406222705,False,True
5924617,0.00640000,8120.70000000,12376331,12376331,1782893413666332,True,True
5924618,0.00640000,4144.30000000,12376332,12376332,1782893413667277,True,True
5924619,0.00640000,1173.70000000,12376333,12376333,1782893475749848,False,True
5924620,0.00639000,6317.00000000,12376334,12376334,1782893575588262,True,True
5924621,0.00639000,1373.40000000,12376335,12376335,1782893597422092,True,True
5924622,0.00638000,1198.40000000,12376336,12376336,1782893716822212,True,True
5924623,0.00636000,9100.60000000,12376337,12376338,1782894218193688,True,True
5924624,0.00637000,12265.00000000,12376339,12376339,1782894276680553,False,True
5924625,0.00637000,959.30000000,12376340,12376340,1782894314522121,True,True
5924626,0.00638000,914.00000000,12376341,12376341,1782894340403148,False,True
5924627,0.00638000,11351.00000000,12376342,12376342,1782894340404309,False,True
5924628,0.00637000,27009.10000000,12376343,12376350,1782894578902813,True,True
5924629,0.00637000,810.70000000,12376351,12376351,1782894603318267,False,True
5924630,0.00637000,389.20000000,12376352,12376352,1782894603318919,False,True
5924631,0.00637000,1936.70000000,12376353,12376353,1782894916122521,True,True
5924632,0.00637000,1378.00000000,12376354,12376354,1782895034099692,True,True
5924633,0.00638000,1954.00000000,12376355,12376355,1782895037042374,False,True
5924634,0.00637000,2014.10000000,12376356,12376356,1782895040867586,True,True
5924635,0.00637000,1555.60000000,12376357,12376357,1782895044123623,True,True
5924636,0.00637000,964.90000000,12376358,12376358,1782895161722568,True,True
5924637,0.00637000,2282.50000000,12376359,12376359,1782895395622216,True,True
5924638,0.00638000,1023.70000000,12376360,12376360,1782895511241716,True,True
5924639,0.00638000,3916.40000000,12376361,12376362,1782895592868889,False,True
5924640,0.00638000,7.20000000,12376363,12376363,1782895592870437,False,True
5924641,0.00638000,1636.10000000,12376364,12376364,1782895597467004,True,True
5924642,0.00637000,6215.00000000,12376365,12376367,1782895597476321,True,True
5924643,0.00637000,1106.30000000,12376368,12376368,1782895635622344,True,True
5924644,0.00637000,2723.00000000,12376369,12376371,1782895649281296,True,True
5924645,0.00637000,21876.40000000,12376372,12376372,1782895649282181,True,True
5924646,0.00637000,12842.60000000,12376373,12376378,1782895649283237,True,True
5924647,0.00637000,0.10000000,12376379,12376379,1782895649283668,True,True
5924648,0.00636000,4980.00000000,12376380,12376380,1782895649283901,True,True
5924649,0.00637000,2217.20000000,12376381,12376381,1782895740846713,False,True
5924650,0.00637000,182.80000000,12376382,12376382,1782895740847983,False,True
5924651,0.00638000,6954.90000000,12376383,12376383,1782895828904392,False,True
5924652,0.00637000,7027.90000000,12376384,12376384,1782895831263309,True,True
5924653,0.00638000,2001.70000000,12376385,12376385,1782895860663119,False,True
5924654,0.00637000,1868.90000000,12376386,12376386,1782895878222559,True,True
5924655,0.00638000,1724.10000000,12376387,12376387,1782896213724460,False,True
5924656,0.00638000,3068.00000000,12376388,12376388,1782896220330639,True,True
5924657,0.00638000,3790.00000000,12376389,12376389,1782896220331798,True,True
5924658,0.00638000,5407.00000000,12376390,12376390,1782896220331823,True,True
5924659,0.00637000,3949.00000000,12376391,12376391,1782896220333010,True,True
5924660,0.00637000,5242.00000000,12376392,12376392,1782896220333457,True,True
5924661,0.00637000,943.00000000,12376393,12376393,1782896220334139,True,True
5924662,0.00637000,1898.00000000,12376394,12376395,1782896220334415,True,True
5924663,0.00637000,1898.00000000,12376396,12376396,1782896220334826,True,True
5924664,0.00637000,4299.00000000,12376397,12376397,1782896220335400,True,True
5924665,0.00637000,2170.00000000,12376398,12376398,1782896220336141,True,True
5924666,0.00639000,1536.00000000,12376399,12376399,1782896224853993,False,True
5924667,0.00639000,1536.00000000,12376400,12376400,1782896224854168,False,True
5924668,0.00638000,4709.00000000,12376401,12376401,1782896232754500,False,True
5924669,0.00638000,1398.20000000,12376402,12376402,1782896235422161,False,True
5924670,0.00639000,2676.00000000,12376403,12376403,1782896290385145,False,True
5924671,0.00638000,1143.00000000,12376404,12376405,1782896355922543,True,True
5924672,0.00639000,12265.00000000,12376406,12376406,1782896385860034,False,True
5924673,0.00640000,1080.00000000,12376407,12376407,1782896385862099,False,True
5924674,0.00640000,25509.80000000,12376408,12376409,1782896385862275,False,True
5924675,0.00640000,3159.90000000,12376410,12376412,1782896424029504,True,True
5924676,0.00640000,987.70000000,12376413,12376413,1782896429096000,True,True
5924677,0.00641000,4538.40000000,12376414,12376416,1782896549595772,True,True
5924678,0.00642000,1085.00000000,12376417,12376417,1782896567356464,False,True
5924679,0.00642000,1139.70000000,12376418,12376418,1782896578468905,False,True
5924680,0.00641000,1588.00000000,12376419,12376419,1782896588054084,True,True
5924681,0.00641000,792.00000000,12376420,12376420,1782896588055282,True,True
5924682,0.00641000,9885.00000000,12376421,12376421,1782896588055545,True,True
5924683,0.00640000,792.00000000,12376422,12376422,1782896588056402,True,True
5924684,0.00641000,2800.80000000,12376423,12376423,1782896601739570,False,True
5924685,0.00640000,2800.80000000,12376424,12376424,1782896605302024,True,True
5924686,0.00641000,9464.20000000,12376425,12376425,1782896611732458,False,True
5924687,0.00642000,2792.10000000,12376426,12376426,1782896614226099,False,True
5924688,0.00641000,2792.10000000,12376427,12376427,1782896618017106,True,True
5924689,0.00642000,2787.70000000,12376428,12376428,1782896619839928,False,True
5924690,0.00641000,2787.70000000,12376429,12376429,1782896621353266,True,True
5924691,0.00641000,13760.00000000,12376430,12376430,1782896621482108,True,True
5924692,0.00641000,12922.00000000,12376431,12376431,1782896621482363,True,True
5924693,0.00641000,10037.20000000,12376432,12376432,1782896621483281,True,True
5924694,0.00641000,838.00000000,12376433,12376433,1782896621486834,True,True
5924695,0.00641000,7818.00000000,12376434,12376434,1782896621486951,True,True
5924696,0.00641000,8814.00000000,12376435,12376435,1782896621486954,True,True
5924697,0.00641000,4946.00000000,12376436,12376436,1782896621488099,True,True
5924698,0.00641000,22696.60000000,12376437,12376437,1782896621488364,True,True
5924699,0.00641000,1602.40000000,12376438,12376438,1782896621508942,True,True
5924700,0.00641000,1423.80000000,12376439,12376439,1782896834690579,True,True
5924701,0.00641000,1369.90000000,12376440,12376441,1782896841081075,True,True
5924702,0.00642000,42771.00000000,12376442,12376456,1782896992178945,False,True
5924703,0.00643000,267633.20000000,12376457,12376461,1782896992178945,False,True
5924704,0.00643000,1554.00000000,12376462,12376462,1782896992181378,True,True
5924705,0.00643000,1168.90000000,12376463,12376463,1782896992181440,True,True
5924706,0.00643000,2253.90000000,12376464,12376464,1782896992181703,True,True
5924707,0.00643000,1687.30000000,12376465,12376465,1782896992181924,True,True
5924708,0.00643000,1703.10000000,12376466,12376466,1782896992207593,True,True
5924709,0.00643000,1270.70000000,12376467,12376467,1782897055101168,True,True
5924710,0.00643000,1412.50000000,12376468,12376468,1782897085821509,True,True
5924711,0.00643000,2813.10000000,12376469,12376469,1782897209381337,False,True
5924712,0.00643000,3969.30000000,12376470,12376471,1782897209382950,False,True
5924713,0.00643000,6376.30000000,12376472,12376472,1782897254860872,False,True
5924714,0.00642000,6369.90000000,12376473,12376473,1782897263768122,True,True
5924715,0.00644000,776.30000000,12376474,12376474,1782897350029947,False,True
5924716,0.00643000,972.00000000,12376475,12376475,1782897366922272,True,True
5924717,0.00644000,776.30000000,12376476,12376476,1782897370855989,False,True
5924718,0.00644000,776.30000000,12376477,12376477,1782897393333455,False,True
5924719,0.00643000,1551.00000000,12376478,12376478,1782897397701717,True,True
5924720,0.00643000,1258.50000000,12376479,12376479,1782897557922029,True,True
5924721,0.00643000,1800.20000000,12376480,12376480,1782897604304668,False,True
5924722,0.00644000,2370.70000000,12376481,12376482,1782897880352436,False,True
5924723,0.00643000,2370.70000000,12376483,12376483,1782897883893100,True,True
5924724,0.00644000,2367.10000000,12376484,12376485,1782897885905014,False,True
5924725,0.00643000,2367.10000000,12376486,12376486,1782897888485511,True,True
5924726,0.00644000,2363.40000000,12376487,12376487,1782897890654332,False,True
5924727,0.00643000,2363.40000000,12376488,12376488,1782897895146234,True,True
5924728,0.00643000,1214.10000000,12376489,12376489,1782897917521908,True,True
5924729,0.00643000,11031.20000000,12376490,12376491,1782897957548464,True,True
5924730,0.00644000,2359.70000000,12376492,12376492,1782897989045906,False,True
5924731,0.00643000,2359.70000000,12376493,12376493,1782897992975952,True,True
5924732,0.00644000,776.30000000,12376494,12376494,1782898382925965,False,True
5924733,0.00643000,1106.30000000,12376495,12376495,1782898388218375,True,True
5924734,0.00644000,976.00000000,12376496,12376496,1782898410974262,False,True
5924735,0.00644000,1073.30000000,12376497,12376498,1782898416148309,False,True
5924736,0.00645000,1550.30000000,12376499,12376499,1782898439517775,False,True
5924737,0.00644000,12265.00000000,12376500,12376500,1782898442163558,True,True
5924738,0.00643000,1588.40000000,12376501,12376501,1782898443826258,True,True
5924739,0.00643000,1423.20000000,12376502,12376502,1782898447925440,True,True
5924740,0.00644000,1552.70000000,12376503,12376503,1782898450923563,False,True
5924741,0.00643000,1634.60000000,12376504,12376504,1782898463045002,True,True
5924742,0.00643000,2519.90000000,12376505,12376505,1782898514822591,True,True
5924743,0.00643000,2347.30000000,12376506,12376507,1782898643419546,True,True
5924744,0.00643000,3566.80000000,12376508,12376509,1782898702064551,True,True
5924745,0.00643000,2253.70000000,12376510,12376510,1782898801549090,False,True
5924746,0.00641000,2017.70000000,12376511,12376511,1782898887822253,True,True
5924747,0.00641000,2918.00000000,12376512,12376512,1782898980613201,True,True
5924748,0.00641000,9347.00000000,12376513,12376513,1782898980614643,True,True
5924749,0.00641000,14646.30000000,12376514,12376515,1782898983758002,False,True
5924750,0.00641000,1974.10000000,12376516,12376516,1782899021504951,True,True
5924751,0.00641000,3717.00000000,12376517,12376517,1782899201988035,True,True
5924752,0.00641000,8548.00000000,12376518,12376518,1782899201989691,True,True
5924753,0.00640000,1062.00000000,12376519,12376519,1782899202003720,True,True
5924754,0.00640000,2445.00000000,12376520,12376520,1782899253615514,True,True
5924755,0.00640000,15625.10000000,12376521,12376521,1782899335311895,True,True
5924756,0.00639000,60000.00000000,12376522,12376525,1782899355187680,True,True
5924757,0.00639000,1179.40000000,12376526,12376527,1782899357721728,True,True
5924758,0.00639000,5805.00000000,12376528,12376531,1782899468624222,True,True
5924759,0.00638000,24195.00000000,12376532,12376533,1782899468624222,True,True
5924760,0.00639000,1800.20000000,12376534,12376534,1782899468779585,False,True
5924761,0.00640000,796.80000000,12376535,12376535,1782899474827809,False,True
5924762,0.00639000,1036.80000000,12376536,12376536,1782899476320307,True,True
5924763,0.00640000,1227.80000000,12376537,12376537,1782899558950852,False,True
5924764,0.00640000,10240.40000000,12376538,12376538,1782899558950934,False,True
5924765,0.00641000,1536.00000000,12376539,12376539,1782899559346405,False,True
5924766,0.00641000,1536.00000000,12376540,12376540,1782899559346509,False,True
5924767,0.00641000,9193.00000000,12376541,12376541,1782899559347595,False,True
5924768,0.00641000,4832.10000000,12376542,12376544,1782899585866162,True,True
5924769,0.00642000,1742.80000000,12376545,12376545,1782899607661083,False,True
5924770,0.00642000,778.80000000,12376546,12376546,1782899684262902,False,True
5924771,0.00641000,1066.80000000,12376547,12376547,1782899686632004,True,True
5924772,0.00641000,780.00000000,12376548,12376548,1782900034627587,False,True
5924773,0.00640000,860.00000000,12376549,12376549,1782900036125950,True,True
5924774,0.00640000,1576.30000000,12376550,12376550,1782900084494889,True,True
5924775,0.00641000,3120.10000000,12376551,12376551,1782900190650563,False,True
5924776,0.00641000,24265.90000000,12376552,12376553,1782900234114619,False,True
5924777,0.00640000,969.10000000,12376554,12376554,1782900367921769,True,True
5924778,0.00641000,877.90000000,12376555,12376555,1782900409732410,False,True
5924779,0.00640000,2096.50000000,12376556,12376556,1782900434181101,True,True
5924780,0.00641000,795.00000000,12376557,12376557,1782900507092439,False,True
5924781,0.00641000,10592.10000000,12376558,12376558,1782900540610963,False,True
5924782,0.00641000,1809.40000000,12376559,12376559,1782900563823347,True,True
5924783,0.00641000,2399.90000000,12376560,12376560,1782900661307953,False,True
5924784,0.00641000,1024.80000000,12376561,12376561,1782900796421267,True,True
5924785,0.00641000,12265.00000000,12376562,12376562,1782900804723554,False,True
5924786,0.00641000,2869.40000000,12376563,12376563,1782900926083328,False,True
5924787,0.00641000,1930.60000000,12376564,12376564,1782900926084829,False,True
5924788,0.00642000,1200.00000000,12376565,12376565,1782901003207152,False,True
5924789,0.00643000,1200.00000000,12376566,12376566,1782901003207749,False,True
5924790,0.00643000,1094.00000000,12376567,12376567,1782901020682040,True,True
5924791,0.00643000,11171.00000000,12376568,12376568,1782901020683398,True,True
5924792,0.00642000,5718.90000000,12376569,12376569,1782901020688845,True,True
5924793,0.00643000,956.00000000,12376570,12376570,1782901034122988,False,True
5924794,0.00642000,1460.50000000,12376571,12376571,1782901034222160,True,True
5924795,0.00643000,790.00000000,12376572,12376572,1782901095964018,True,True
5924796,0.00643000,6996.00000000,12376573,12376573,1782901095979657,True,True
5924797,0.00643000,8652.00000000,12376574,12376576,1782901095981254,True,True
5924798,0.00642000,2178.00000000,12376577,12376577,1782901096012284,True,True
5924799,0.00642000,11527.00000000,12376578,12376581,1782901096012629,True,True
5924800,0.00643000,13109.10000000,12376582,12376583,1782901098952941,False,True
5924801,0.00644000,977.60000000,12376584,12376584,1782901277823111,True,True
5924802,0.00644000,2174.00000000,12376585,12376585,1782901387747183,True,True
5924803,0.00642000,1009.20000000,12376586,12376586,1782901488229109,False,True
5924804,0.00641000,14524.20000000,12376587,12376589,1782901551966958,True,True
5924805,0.00641000,3878.60000000,12376590,12376591,1782901551967780,True,True
5924806,0.00641000,2185.00000000,12376592,12376592,1782901551969399,True,True
5924807,0.00641000,1640.00000000,12376593,12376593,1782901740261430,False,True
5924808,0.00641000,1640.00000000,12376594,12376594,1782901740261455,False,True
5924809,0.00641000,9816.80000000,12376595,12376596,1782901740262846,False,True
5924810,0.00640000,7814.00000000,12376597,12376602,1782901740267336,True,True
5924811,0.00640000,4846.00000000,12376603,12376604,1782901740267389,True,True
5924812,0.00640000,13754.00000000,12376605,12376606,1782901740267550,True,True
5924813,0.00640000,8444.00000000,12376607,12376607,1782901740267607,True,True
5924814,0.00640000,8908.00000000,12376608,12376608,1782901740268530,True,True
5924815,0.00640000,5310.00000000,12376609,12376609,1782901740268853,True,True
5924816,0.00640000,2234.00000000,12376610,12376610,1782901740270627,True,True
5924817,0.00640000,5044.90000000,12376611,12376611,1782901740271502,True,True
5924818,0.00640000,1442.00000000,12376612,12376612,1782901740272216,True,True
5924819,0.00640000,9346.00000000,12376613,12376614,1782901740272673,True,True
5924820,0.00640000,1109.00000000,12376615,12376615,1782901740272712,True,True
5924821,0.00640000,1109.00000000,12376616,12376616,1782901740272977,True,True
5924822,0.00640000,1849.30000000,12376617,12376617,1782901757721831,True,True
5924823,0.00640000,22265.70000000,12376618,12376624,1782901757726383,True,True
5924824,0.00639000,956.00000000,12376625,12376625,1782901805123662,True,True
5924825,0.00639000,1384.00000000,12376626,12376626,1782901841962570,False,True
5924826,0.00638000,3127.00000000,12376627,12376627,1782902071443622,True,True
5924827,0.00638000,5488.70000000,12376628,12376628,1782902071447156,True,True
5924828,0.00638000,3127.00000000,12376629,12376629,1782902071447993,True,True
5924829,0.00638000,3127.00000000,12376630,12376630,1782902071449173,True,True
5924830,0.00638000,2553.00000000,12376631,12376631,1782902071449328,True,True
5924831,0.00638000,2553.00000000,12376632,12376632,1782902071450159,True,True
5924832,0.00638000,2553.00000000,12376633,12376633,1782902071454773,True,True
5924833,0.00639000,12265.00000000,12376634,12376634,1782902132861931,False,True
5924834,0.00640000,13221.00000000,12376635,12376636,1782902232245778,False,True
5924835,0.00640000,1641.20000000,12376637,12376637,1782902234987635,True,True
5924836,0.00640000,1073.50000000,12376638,12376638,1782902243000701,True,True
5924837,0.00641000,1617.00000000,12376639,12376639,1782902299851585,True,True
5924838,0.00641000,1271.00000000,12376640,12376640,1782902299851762,True,True
5924839,0.00641000,7815.00000000,12376641,12376641,1782902299851832,True,True
5924840,0.00641000,2625.00000000,12376642,12376643,1782902299852038,True,True
5924841,0.00640000,5263.00000000,12376644,12376644,1782902299852038,True,True
5924842,0.00640000,7888.00000000,12376645,12376646,1782902299852090,True,True
5924843,0.00641000,13465.00000000,12376647,12376648,1782902315446092,False,True
5924844,0.00641000,1195.70000000,12376649,12376649,1782902361422671,True,True
5924845,0.00639000,1253.90000000,12376650,12376650,1782902477097458,True,True
5924846,0.00639000,12265.00000000,12376651,12376651,1782902588485772,False,True
5924847,0.00641000,1774.90000000,12376652,12376652,1782902588488431,False,True
5924848,0.00641000,12172.90000000,12376653,12376654,1782902588488577,False,True
5924849,0.00640000,5490.40000000,12376655,12376655,1782902588489368,True,True
5924850,0.00641000,7615.00000000,12376656,12376660,1782902588509248,True,True
5924851,0.00641000,8574.00000000,12376661,12376661,1782902588510268,True,True
5924852,0.00640000,3590.00000000,12376662,12376662,1782902588510268,True,True
5924853,0.00642000,12264.90000000,12376663,12376663,1782902588623272,False,True
5924854,0.00643000,38029.30000000,12376664,12376666,1782902588623272,False,True
5924855,0.00642000,10855.10000000,12376667,12376667,1782902588626237,False,True
5924856,0.00643000,29279.40000000,12376668,12376668,1782902588626237,False,True
5924857,0.00641000,4461.80000000,12376669,12376669,1782902588627042,True,True
5924858,0.00643000,20379.00000000,12376670,12376673,1782902588627852,False,True
5924859,0.00644000,70619.60000000,12376674,12376677,1782902588627852,False,True
5924860,0.00642000,12265.00000000,12376678,12376678,1782902588629949,False,True
5924861,0.00643000,1799.90000000,12376679,12376679,1782902588652359,True,True
5924862,0.00643000,3600.70000000,12376680,12376681,1782902588714325,False,True
5924863,0.00644000,3102.00000000,12376682,12376682,1782902588714325,False,True
5924864,0.00642000,11329.80000000,12376683,12376683,1782902588756051,True,True
5924865,0.00643000,955.30000000,12376684,12376684,1782902594222789,False,True
5924866,0.00641000,12740.10000000,12376685,12376687,1782902599450854,True,True
5924867,0.00641000,2780.00000000,12376688,12376688,1782902599453102,True,True
5924868,0.00640000,7814.00000000,12376689,12376690,1782902599454174,True,True
5924869,0.00640000,1988.00000000,12376691,12376691,1782902599454262,True,True
5924870,0.00641000,1200.00000000,12376692,12376692,1782902599458593,False,True
5924871,0.00641000,1200.00000000,12376693,12376693,1782902599458829,False,True
5924872,0.00640000,11154.40000000,12376694,12376695,1782902604886895,True,True
5924873,0.00640000,1200.00000000,12376696,12376696,1782902605043528,False,True
5924874,0.00640000,1200.20000000,12376697,12376697,1782902664839649,False,True
5924875,0.00639000,55909.00000000,12376698,12376704,1782902664845321,True,True
5924876,0.00639000,5069.70000000,12376705,12376705,1782902664849074,True,True
5924877,0.00639000,13465.10000000,12376706,12376707,1782902672145649,False,True
5924878,0.00640000,1686.00000000,12376708,12376708,1782902672147842,False,True
5924879,0.00640000,1686.00000000,12376709,12376709,1782902672147847,False,True
5924880,0.00639000,14432.00000000,12376710,12376712,1782902721999970,False,True
5924881,0.00638000,5629.60000000,12376713,12376713,1782902722003841,True,True
5924882,0.00638000,26940.90000000,12376714,12376720,1782902722007376,True,True
5924883,0.00637000,5629.60000000,12376721,12376721,1782902722007376,True,True
5924884,0.00639000,782.40000000,12376722,12376722,1782902886082160,False,True
5924885,0.00638000,865.80000000,12376723,12376723,1782902890408929,True,True
5924886,0.00638000,1181.80000000,12376724,12376724,1782902953521716,True,True
5924887,0.00638000,20354.50000000,12376725,12376730,1782903020547208,True,True
5924888,0.00638000,20516.80000000,12376731,12376732,1782903030243409,False,True
5924889,0.00638000,14067.60000000,12376733,12376734,1782903030245666,False,True
5924890,0.00637000,5221.90000000,12376735,12376735,1782903030249395,True,True
5924891,0.00637000,11930.90000000,12376736,12376736,1782903059344437,True,True
5924892,0.00637000,3114.60000000,12376737,12376737,1782903148282428,True,True
5924893,0.00638000,5400.60000000,12376738,12376740,1782903148863193,False,True
5924894,0.00639000,21288.70000000,12376741,12376742,1782903148863193,False,True
5924895,0.00638000,19501.50000000,12376743,12376744,1782903153464984,False,True
5924896,0.00638000,5567.10000000,12376745,12376745,1782903153468711,True,True
5924897,0.00638000,1760.70000000,12376746,12376747,1782903208402942,False,True
5924898,0.00638000,2192.60000000,12376748,12376749,1782903296172466,False,True
5924899,0.00637000,2190.40000000,12376750,12376750,1782903301762791,True,True
5924900,0.00638000,2184.80000000,12376751,12376751,1782903307303324,False,True
5924901,0.00637000,2182.60000000,12376752,12376752,1782903310631600,True,True
5924902,0.00638000,2177.00000000,12376753,12376753,1782903314362179,False,True
5924903,0.00637000,2174.80000000,12376754,12376754,1782903317448523,True,True
5924904,0.00638000,2169.20000000,12376755,12376755,1782903320757942,False,True
5924905,0.00637000,2167.00000000,12376756,12376756,1782903323410655,True,True
5924906,0.00637000,1271.10000000,12376757,12376757,1782903434021655,True,True
5924907,0.00638000,1253.90000000,12376758,12376758,1782903516333537,False,True
5924908,0.00637000,11172.70000000,12376759,12376759,1782903651813638,True,True
5924909,0.00636000,1540.30000000,12376760,12376760,1782903670942176,True,True
5924910,0.00636000,10282.90000000,12376761,12376761,1782903708671467,True,True
5924911,0.00636000,22547.80000000,12376762,12376763,1782903719430918,True,True
5924912,0.00635000,4902.10000000,12376764,12376764,1782903719434921,True,True
5924913,0.00636000,59999.30000000,12376765,12376765,1782903719442209,False,True
5924914,0.00636000,1200.10000000,12376766,12376766,1782903741861575,False,True
5924915,0.00637000,1471.00000000,12376767,12376767,1782903746457340,False,True
5924916,0.00637000,47869.20000000,12376768,12376771,1782903746457599,False,True
5924917,0.00636000,4870.40000000,12376772,12376772,1782903746461902,True,True
5924918,0.00639000,1392.00000000,12376773,12376773,1782903782115402,False,True
5924919,0.00638000,4970.00000000,12376774,12376777,1782903837852226,True,True
5924920,0.00638000,4006.60000000,12376778,12376778,1782903848099127,False,True
5924921,0.00638000,1200.10000000,12376779,12376779,1782903878609102,False,True
5924922,0.00639000,1529.00000000,12376780,12376780,1782903918908617,False,True
5924923,0.00639000,1280.00000000,12376781,12376781,1782903927599072,False,True
5924924,0.00639000,1921.00000000,12376782,12376783,1782903938612730,False,True
5924925,0.00639000,1310.00000000,12376784,12376784,1782903946380532,False,True
5924926,0.00638000,868.50000000,12376785,12376785,1782903950179889,True,True
5924927,0.00640000,1059.20000000,12376786,12376786,1782903977074412,False,True
5924928,0.00639000,1200.10000000,12376787,12376787,1782903997517548,False,True
5924929,0.00640000,0.90000000,12376788,12376788,1782903997517548,False,True
5924930,0.00640000,1201.00000000,12376789,12376789,1782903997517700,False,True
5924931,0.00640000,968.00000000,12376790,12376790,1782903997517855,False,True
5924932,0.00640000,794.00000000,12376791,12376791,1782903997520067,False,True
5924933,0.00639000,1098.90000000,12376792,12376792,1782904034414748,True,True
5924934,0.00639000,2199.80000000,12376793,12376793,1782904041823309,True,True
5924935,0.00639000,902.00000000,12376794,12376794,1782904151238360,False,True
5924936,0.00638000,4925.80000000,12376795,12376795,1782904151242156,True,True
5924937,0.00639000,1282.10000000,12376796,12376796,1782904163623204,True,True
5924938,0.00640000,3149.10000000,12376797,12376797,1782904251777267,False,True
5924939,0.00639000,3149.10000000,12376798,12376798,1782904256974521,True,True
5924940,0.00640000,3144.20000000,12376799,12376799,1782904263928380,False,True
5924941,0.00640000,3144.20000000,12376800,12376800,1782904269280056,True,True
5924942,0.00641000,1632.40000000,12376801,12376801,1782904275904846,False,True
5924943,0.00640000,1632.40000000,12376802,12376802,1782904281262154,True,True
5924944,0.00640000,10632.60000000,12376803,12376803,1782904282980357,True,True
5924945,0.00640000,12265.00000000,12376804,12376804,1782904324902110,False,True
5924946,0.00640000,9795.60000000,12376805,12376806,1782904324905194,False,True
5924947,0.00641000,1227.00000000,12376807,12376807,1782904324907754,False,True
5924948,0.00642000,15190.30000000,12376808,12376809,1782904432192792,False,True
5924949,0.00642000,3852.50000000,12376810,12376810,1782904432259353,False,True
5924950,0.00642000,7638.30000000,12376811,12376812,1782904437982251,False,True
5924951,0.00642000,2182.40000000,12376813,12376813,1782904444022300,False,True
5924952,0.00642000,962.90000000,12376814,12376814,1782904469747482,False,True
5924953,0.00642000,3131.80000000,12376815,12376815,1782904608091897,False,True
5924954,0.00641000,3131.80000000,12376816,12376816,1782904614763528,True,True
5924955,0.00641000,903.30000000,12376817,12376817,1782904620624330,False,True
5924956,0.00641000,3764.90000000,12376818,12376818,1782904620625643,False,True
5924957,0.00641000,5570.50000000,12376819,12376819,1782904620629389,True,True
5924958,0.00642000,3127.00000000,12376820,12376820,1782904622303218,False,True
5924959,0.00641000,3127.00000000,12376821,12376821,1782904628759277,True,True
5924960,0.00642000,1717.10000000,12376822,12376822,1782904638513956,False,True
5924961,0.00641000,1717.10000000,12376823,12376823,1782904644607653,True,True
5924962,0.00642000,4902.10000000,12376824,12376824,1782904740289531,False,True
5924963,0.00642000,12265.00000000,12376825,12376825,1782904777325277,False,True
5924964,0.00643000,68707.80000000,12376826,12376830,1782904777325277,False,True
5924965,0.00643000,1200.10000000,12376831,12376831,1782904777326863,True,True
5924966,0.00643000,291800.20000000,12376832,12376832,1782904777327036,True,True
5924967,0.00645000,1536.00000000,12376833,12376833,1782904777327470,False,True
5924968,0.00642000,1087.40000000,12376834,12376834,1782904777327609,True,True
5924969,0.00642000,7775.90000000,12376835,12376835,1782904777327787,True,True
5924970,0.00642000,7775.90000000,12376836,12376837,1782904777327911,True,True
5924971,0.00643000,1536.00000000,12376838,12376838,1782904777327971,False,True
5924972,0.00643000,1536.00000000,12376839,12376839,1782904777328450,False,True
5924973,0.00642000,5944.90000000,12376840,12376840,1782904777328800,True,True
5924974,0.00642000,16061.10000000,12376841,12376845,1782904777433083,True,True
5924975,0.00641000,2563.20000000,12376846,12376846,1782904777433083,True,True
5924976,0.00642000,7095.40000000,12376847,12376847,1782904823169498,True,True
5924977,0.00642000,1348.30000000,12376848,12376849,1782904878921859,False,True
5924978,0.00642000,1098.10000000,12376850,12376850,1782904879022081,True,True
5924979,0.00641000,20000.00000000,12376851,12376853,1782904965539824,True,True
5924980,0.00642000,794.30000000,12376854,12376854,1782905006020612,False,True
5924981,0.00641000,1312.00000000,12376855,12376855,1782905009155850,True,True
5924982,0.00641000,857.60000000,12376856,12376856,1782905025906441,False,True
5924983,0.00642000,1067.10000000,12376857,12376857,1782905109713644,False,True
5924984,0.00641000,1681.00000000,12376858,12376858,1782905112634308,True,True
5924985,0.00642000,1596.60000000,12376859,12376859,1782905418906966,False,True
5924986,0.00642000,1808.00000000,12376860,12376860,1782905460615854,False,True
5924987,0.00642000,1808.00000000,12376861,12376861,1782905460746287,False,True
5924988,0.00641000,4071.80000000,12376862,12376862,1782905460749863,True,True
5924989,0.00642000,1816.00000000,12376863,12376863,1782905460846198,False,True
5924990,0.00642000,785.00000000,12376864,12376864,1782905460943720,False,True
5924991,0.00642000,1155.00000000,12376865,12376865,1782905461057821,False,True
5924992,0.00642000,2084.80000000,12376866,12376866,1782905461059405,False,True
5924993,0.00642000,1182.20000000,12376867,12376867,1782905519596918,False,True
5924994,0.00641000,1181.00000000,12376868,12376868,1782905524056447,True,True
5924995,0.00641000,11084.00000000,12376869,12376869,1782905524064524,True,True
5924996,0.00642000,1178.00000000,12376870,12376870,1782905529301381,False,True
5924997,0.00640000,1176.80000000,12376871,12376871,1782905533473234,True,True
5924998,0.00642000,1171.90000000,12376872,12376872,1782905538077136,False,True
5924999,0.00640000,1170.70000000,12376873,12376873,1782905544759814,True,True
5925000,0.00642000,1165.90000000,12376874,12376874,1782905550525707,False,True
5925001,0.00640000,1164.80000000,12376875,12376875,1782905554910713,True,True
5925002,0.00641000,1536.00000000,12376876,12376876,1782905700943070,False,True
5925003,0.00641000,1536.00000000,12376877,12376877,1782905700943171,False,True
5925004,0.00641000,1536.00000000,12376878,12376878,1782905700943308,False,True
5925005,0.00641000,7657.00000000,12376879,12376879,1782905700944218,False,True
5925006,0.00642000,1536.00000000,12376880,12376880,1782905700946025,False,True
5925007,0.00642000,26993.00000000,12376881,12376882,1782905701671664,False,True
5925008,0.00641000,1031.60000000,12376883,12376883,1782905716421941,True,True
5925009,0.00641000,27134.40000000,12376884,12376885,1782905818449974,True,True
5925010,0.00640000,20024.70000000,12376886,12376890,1782905818449974,True,True
5925011,0.00640000,1669.60000000,12376891,12376891,1782905818453985,True,True
5925012,0.00639000,4130.70000000,12376892,12376892,1782905818453985,True,True
5925013,0.00641000,1200.10000000,12376893,12376893,1782905820639802,False,True
5925014,0.00641000,12265.00000000,12376894,12376894,1782905832148755,True,True
5925015,0.00640000,1893.30000000,12376895,12376895,1782905834639412,True,True
5925016,0.00640000,1381.10000000,12376896,12376896,1782905840400257,True,True
5925017,0.00640000,1743.30000000,12376897,12376897,1782905843774014,True,True
5925018,0.00642000,5936.90000000,12376898,12376898,1782905942348632,False,True
5925019,0.00642000,5936.90000000,12376899,12376899,1782905942348698,False,True
5925020,0.00642000,5924.30000000,12376900,12376901,1782905942349627,False,True
5925021,0.00641000,1268.00000000,12376902,12376902,1782906077621916,True,True
5925022,0.00641000,5114.80000000,12376903,12376903,1782906077625865,True,True
5925023,0.00641000,1687.00000000,12376904,12376905,1782906120665471,False,True
5925024,0.00641000,11778.00000000,12376906,12376906,1782906120666782,False,True
5925025,0.00641000,1427.60000000,12376907,12376907,1782906436372201,True,True
5925026,0.00640000,7247.30000000,12376908,12376908,1782906501190651,True,True
5925027,0.00639000,3891.00000000,12376909,12376909,1782906501190651,True,True
5925028,0.00639000,2615.00000000,12376910,12376910,1782906501192322,True,True
5925029,0.00640000,29119.80000000,12376911,12376911,1782906551540354,True,True
5925030,0.00640000,13465.00000000,12376912,12376913,1782906552062791,False,True
5925031,0.00639000,4416.00000000,12376914,12376915,1782906552067423,True,True
5925032,0.00640000,1501.90000000,12376916,12376916,1782906557822265,True,True
5925033,0.00641000,1754.00000000,12376917,12376917,1782906808336921,False,True
5925034,0.00640000,1451.10000000,12376918,12376918,1782906918525968,True,True
5925035,0.00641000,2185.80000000,12376919,12376919,1782906974236438,False,True
5925036,0.00641000,1092.90000000,12376920,12376920,1782906979552494,False,True
5925037,0.00642000,4416.00000000,12376921,12376922,1782907181279384,False,True
5925038,0.00642000,1200.00000000,12376923,12376923,1782907282034380,False,True
5925039,0.00643000,331.50000000,12376924,12376924,1782907282034380,False,True
5925040,0.00642000,1136.90000000,12376925,12376925,1782907282422297,True,True
5925041,0.00641000,1200.10000000,12376926,12376926,1782907353697681,False,True
5925042,0.00642000,1352.70000000,12376927,12376927,1782907375252319,False,True
5925043,0.00641000,12265.00000000,12376928,12376928,1782907387748385,True,True
5925044,0.00639000,7800.30000000,12376929,12376931,1782907514698786,True,True
5925045,0.00640000,4734.40000000,12376932,12376932,1782907560525627,False,True
5925046,0.00640000,8730.70000000,12376933,12376934,1782907560526718,False,True
5925047,0.00639000,1017.70000000,12376935,12376935,1782907635088226,True,True
5925048,0.00639000,982.20000000,12376936,12376936,1782907642719617,True,True
5925049,0.00640000,9164.70000000,12376937,12376938,1782907709063339,False,True
5925050,0.00640000,1385.00000000,12376939,12376939,1782907763621694,True,True
5925051,0.00640000,10880.00000000,12376940,12376940,1782907785285216,True,True
5925052,0.00639000,6982.80000000,12376941,12376945,1782907848780475,True,True
5925053,0.00639000,5727.00000000,12376946,12376946,1782907848784154,True,True
5925054,0.00639000,14146.10000000,12376947,12376947,1782907861322335,True,True
5925055,0.00641000,7812.50000000,12376948,12376948,1782908183757642,False,True
5925056,0.00640000,2755.50000000,12376949,12376949,1782908238922071,True,True
5925057,0.00641000,2028.00000000,12376950,12376950,1782908399858598,False,True
5925058,0.00640000,2025.90000000,12376951,12376951,1782908405787906,True,True
