89892210,0.07230000,872.62000000,249219606,249219612,1782864001239764,False,True
89892211,0.07240000,31759.92000000,249219613,249219619,1782864004066923,False,True
89892212,0.07240000,21289.12000000,249219620,249219626,1782864004068195,False,True
89892213,0.07240000,29597.57000000,249219627,249219628,1782864004232027,True,True
89892214,0.07240000,971.71000000,249219629,249219632,1782864004241655,True,True
89892215,0.07240000,31627.14000000,249219633,249219638,1782864004750583,False,True
89892216,0.07240000,42199.13000000,249219639,249219643,1782864005102865,True,True
89892217,0.07230000,1132.58000000,249219644,249219649,1782864010299823,True,True
89892218,0.07230000,69135.35000000,249219650,249219661,1782864016229883,False,True
89892219,0.07230000,73.89000000,249219662,249219662,1782864016231224,False,True
89892220,0.07230000,14825.23000000,249219663,249219663,1782864021117765,True,True
89892221,0.07240000,3230.00000000,249219664,249219675,1782864023361263,False,True
89892222,0.07240000,213.16000000,249219676,249219678,1782864023364514,False,True
89892223,0.07240000,110.30000000,249219679,249219679,1782864025100490,True,True
89892224,0.07250000,138.10000000,249219680,249219681,1782864025144407,False,True
89892225,0.07240000,3202.98000000,249219682,249219684,1782864025687763,True,True
89892226,0.07230000,69.99000000,249219685,249219685,1782864027642648,True,True
89892227,0.07240000,20060.00000000,249219686,249219693,1782864032084604,False,True
89892228,0.07240000,73.45000000,249219694,249219694,1782864032084779,False,True
89892229,0.07240000,14444.53000000,249219695,249219702,1782864036074482,True,True
89892230,0.07230000,5761.00000000,249219703,249219709,1782864053021785,True,True
89892231,0.07230000,2917.13000000,249219710,249219713,1782864053022053,True,True
89892232,0.07230000,221.67000000,249219714,249219716,1782864054858529,False,True
89892233,0.07240000,2568.69000000,249219717,249219717,1782864054858529,False,True
89892234,0.07230000,124.30000000,249219718,249219718,1782864056742083,True,True
89892235,0.07230000,138.10000000,249219719,249219719,1782864056799022,True,True
89892236,0.07230000,42648.70000000,249219720,249219723,1782864061563625,True,True
89892237,0.07230000,23021.93000000,249219724,249219730,1782864065633163,False,True
89892238,0.07230000,43475.16000000,249219731,249219735,1782864068632493,True,True
89892239,0.07230000,12550.00000000,249219736,249219740,1782864082111144,False,True
89892240,0.07230000,210.97000000,249219741,249219741,1782864083321014,True,True
89892241,0.07230000,640.01000000,249219742,249219742,1782864092586282,True,True
89892242,0.07220000,838.47000000,249219743,249219743,1782864096137152,True,True
89892243,0.07230000,248.93000000,249219744,249219746,1782864103249002,False,True
89892244,0.07230000,74.00000000,249219747,249219748,1782864103251489,False,True
89892245,0.07230000,147.89000000,249219749,249219750,1782864103251890,False,True
89892246,0.07230000,56933.89000000,249219751,249219755,1782864104317512,True,True
89892247,0.07230000,697.94000000,249219756,249219757,1782864104319029,True,True
89892248,0.07220000,5051.80000000,249219758,249219758,1782864105014116,True,True
89892249,0.07230000,12883.90000000,249219759,249219762,1782864111083992,False,True
89892250,0.07230000,74.00000000,249219763,249219764,1782864111086588,False,True
89892251,0.07230000,147.89000000,249219765,249219766,1782864111086900,False,True
89892252,0.07240000,359.07000000,249219767,249219767,1782864114879105,False,True
89892253,0.07240000,1649.46000000,249219768,249219768,1782864119277534,False,True
89892254,0.07230000,87.66000000,249219769,249219769,1782864140521412,True,True
89892255,0.07240000,1374.62000000,249219770,249219770,1782864144669614,False,True
89892256,0.07230000,515.71000000,249219771,249219771,1782864152361915,True,True
89892257,0.07230000,6299.01000000,249219772,249219773,1782864155000383,True,True
89892258,0.07240000,143.26000000,249219774,249219774,1782864155583324,False,True
89892259,0.07240000,2203.02000000,249219775,249219775,1782864156571168,False,True
89892260,0.07240000,2734.71000000,249219776,249219776,1782864156571288,False,True
89892261,0.07240000,16063.00000000,249219777,249219781,1782864156571435,False,True
89892262,0.07240000,15745.56000000,249219782,249219790,1782864156572108,False,True
89892263,0.07250000,416.28000000,249219791,249219791,1782864163895865,False,True
89892264,0.07240000,416.74000000,249219792,249219792,1782864170168635,False,True
89892265,0.07230000,19317.88000000,249219793,249219795,1782864170543183,True,True
89892266,0.07230000,23273.02000000,249219796,249219807,1782864180322578,True,True
89892267,0.07230000,481.67000000,249219808,249219811,1782864180680751,False,True
89892268,0.07230000,17848.89000000,249219812,249219813,1782864181946854,True,True
89892269,0.07230000,1383.12000000,249219814,249219814,1782864184112127,False,True
89892270,0.07220000,112522.62000000,249219815,249219871,1782864195186255,True,True
89892271,0.07220000,148.00000000,249219872,249219873,1782864196839137,False,True
89892272,0.07220000,138.51000000,249219874,249219874,1782864197962824,True,True
89892273,0.07220000,138.51000000,249219875,249219875,1782864197984286,False,True
89892274,0.07220000,6235.22000000,249219876,249219876,1782864199127133,False,True
89892275,0.07220000,5137.15000000,249219877,249219877,1782864200226867,False,True
89892276,0.07220000,384.92000000,249219878,249219878,1782864201303821,False,True
89892277,0.07220000,13828.49000000,249219879,249219884,1782864208036273,False,True
89892278,0.07220000,71455.53000000,249219885,249219892,1782864213959441,False,True
89892279,0.07220000,33168.27000000,249219893,249219896,1782864217203810,True,True
89892280,0.07220000,6925.20000000,249219897,249219897,1782864222445092,True,True
89892281,0.07220000,9139.48000000,249219898,249219898,1782864231159529,True,True
89892282,0.07230000,61862.38000000,249219899,249219909,1782864241444872,False,True
89892283,0.07230000,221.89000000,249219910,249219912,1782864241446211,False,True
89892284,0.07230000,3317.28000000,249219913,249219916,1782864243513376,True,True
89892285,0.07240000,138.13000000,249219917,249219917,1782864255543508,False,True
89892286,0.07230000,1623.76000000,249219918,249219918,1782864260084546,True,True
89892287,0.07230000,22325.71000000,249219919,249219927,1782864282302697,False,True
89892288,0.07230000,10275.94000000,249219928,249219928,1782864282964715,True,True
89892289,0.07220000,3462.60000000,249219929,249219930,1782864305846267,True,True
89892290,0.07230000,1158.01000000,249219931,249219931,1782864306496371,False,True
89892291,0.07230000,137.74000000,249219932,249219932,1782864307127687,False,True
89892292,0.07220000,54259.51000000,249219933,249219938,1782864332457569,True,True
89892293,0.07220000,14886.31000000,249219939,249219944,1782864332458895,True,True
89892294,0.07220000,1000.00000000,249219945,249219946,1782864332459673,True,True
89892295,0.07220000,9587.04000000,249219947,249219949,1782864332460583,True,True
89892296,0.07210000,6055.18000000,249219950,249219950,1782864332465641,True,True
89892297,0.07210000,17526.65000000,249219951,249219958,1782864338058226,True,True
89892298,0.07210000,39133.99000000,249219959,249219959,1782864338059339,True,True
89892299,0.07210000,17674.87000000,249219960,249219966,1782864338059615,True,True
89892300,0.07210000,138.79000000,249219967,249219968,1782864338158829,False,True
89892301,0.07220000,4155.10000000,249219969,249219969,1782864338460531,False,True
89892302,0.07210000,1902.60000000,249219970,249219970,1782864343230835,True,True
89892303,0.07210000,388.72000000,249219971,249219974,1782864348589077,False,True
89892304,0.07210000,218.26000000,249219975,249219975,1782864352061281,True,True
89892305,0.07200000,218.26000000,249219976,249219976,1782864352062900,True,True
89892306,0.07210000,7755.22000000,249219977,249219982,1782864360517104,False,True
89892307,0.07210000,376.46000000,249219983,249219986,1782864372645910,False,True
89892308,0.07210000,287.88000000,249219987,249219988,1782864380486813,False,True
89892309,0.07210000,144.42000000,249219989,249219989,1782864386089645,False,True
89892310,0.07210000,218.26000000,249219990,249219990,1782864386104277,True,True
89892311,0.07210000,27982.77000000,249219991,249219992,1782864386109767,True,True
89892312,0.07200000,4893.75000000,249219993,249219998,1782864406959510,True,True
89892313,0.07200000,4893.75000000,249219999,249219999,1782864408418882,True,True
89892314,0.07200000,4893.75000000,249220000,249220000,1782864408429717,True,True
89892315,0.07200000,50964.93000000,249220001,249220013,1782864411845970,True,True
89892316,0.07200000,5589.23000000,249220014,249220014,1782864411846362,True,True
89892317,0.07200000,28241.00000000,249220015,249220015,1782864411846670,True,True
89892318,0.07200000,23490.66000000,249220016,249220018,1782864411847257,True,True
89892319,0.07190000,16420.00000000,249220019,249220020,1782864411848823,True,True
89892320,0.07190000,12884.00000000,249220021,249220024,1782864411849199,True,True
89892321,0.07190000,1962.11000000,249220025,249220025,1782864412715215,True,True
89892322,0.07190000,3901.40000000,249220026,249220026,1782864413260219,True,True
89892323,0.07190000,6770.07000000,249220027,249220033,1782864414523920,True,True
89892324,0.07180000,5168.93000000,249220034,249220034,1782864414523920,True,True
89892325,0.07180000,11325.00000000,249220035,249220035,1782864414524332,True,True
89892326,0.07190000,831.27000000,249220036,249220036,1782864414997833,False,True
89892327,0.07190000,63442.00000000,249220037,249220043,1782864415003618,False,True
89892328,0.07200000,28241.00000000,249220044,249220054,1782864428118622,False,True
89892329,0.07190000,380.36000000,249220055,249220055,1782864437987477,True,True
89892330,0.07190000,220.82000000,249220056,249220056,1782864443218935,True,True
89892331,0.07200000,1824.71000000,249220057,249220057,1782864450532890,False,True
89892332,0.07200000,13626.21000000,249220058,249220062,1782864490026654,False,True
89892333,0.07200000,1222.99000000,249220063,249220063,1782864491314231,False,True
89892334,0.07200000,1675.35000000,249220064,249220064,1782864509989557,False,True
89892335,0.07190000,3893.75000000,249220065,249220065,1782864554731036,True,True
89892336,0.07190000,17775.00000000,249220066,249220066,1782864554732308,True,True
89892337,0.07190000,16068.52000000,249220067,249220075,1782864554733784,True,True
89892338,0.07190000,138.89000000,249220076,249220076,1782864555837530,False,True
89892339,0.07190000,595.03000000,249220077,249220077,1782864556783890,False,True
89892340,0.07190000,804.71000000,249220078,249220078,1782864564821426,False,True
89892341,0.07180000,230.93000000,249220079,249220081,1782864590943881,True,True
89892342,0.07180000,4266.44000000,249220082,249220093,1782864590944695,True,True
89892343,0.07180000,25664.64000000,249220094,249220104,1782864595769986,False,True
89892344,0.07190000,12209.43000000,249220105,249220115,1782864613786213,False,True
89892345,0.07190000,11407.57000000,249220116,249220121,1782864613786424,False,True
89892346,0.07190000,138.90000000,249220122,249220122,1782864615513921,True,True
89892347,0.07200000,125.20000000,249220123,249220123,1782864615569339,False,True
89892348,0.07190000,5955.13000000,249220124,249220127,1782864618347739,True,True
89892349,0.07190000,6202.24000000,249220128,249220128,1782864618348185,True,True
89892350,0.07180000,4893.75000000,249220129,249220129,1782864618353238,True,True
89892351,0.07180000,7641.86000000,249220130,249220130,1782864642524220,True,True
89892352,0.07180000,2100.75000000,249220131,249220131,1782864650108078,True,True
89892353,0.07180000,15189.64000000,249220132,249220132,1782864651185878,True,True
89892354,0.07180000,20303.98000000,249220133,249220145,1782864651186055,True,True
89892355,0.07180000,448.71000000,249220146,249220150,1782864657715094,False,True
89892356,0.07180000,3028.16000000,249220151,249220153,1782864667115967,True,True
89892357,0.07170000,23687.84000000,249220154,249220164,1782864668274951,True,True
89892358,0.07170000,1853.39000000,249220165,249220171,1782864668279096,True,True
89892359,0.07170000,74.55000000,249220172,249220172,1782864668279324,True,True
89892360,0.07160000,9112.00000000,249220173,249220174,1782864668279382,True,True
89892361,0.07160000,16511.00000000,249220175,249220175,1782864668279455,True,True
89892362,0.07170000,83.71000000,249220176,249220176,1782864668299422,False,True
89892363,0.07160000,104.68000000,249220177,249220177,1782864668323315,True,True
89892364,0.07160000,21637.32000000,249220178,249220194,1782864668357118,True,True
89892365,0.07160000,1250.39000000,249220195,249220195,1782864668402110,False,True
89892366,0.07160000,679.69000000,249220196,249220196,1782864668402250,False,True
89892367,0.07160000,606.13000000,249220197,249220197,1782864668402493,False,True
89892368,0.07160000,5602.03000000,249220198,249220198,1782864668402532,False,True
89892369,0.07160000,50160.00000000,249220199,249220208,1782864668402560,False,True
89892370,0.07160000,2769.55000000,249220209,249220210,1782864668402812,False,True
89892371,0.07160000,1836.26000000,249220211,249220211,1782864668403156,False,True
89892372,0.07160000,37060.00000000,249220212,249220216,1782864668403379,False,True
89892373,0.07160000,1288.56000000,249220217,249220217,1782864668404014,False,True
89892374,0.07160000,125.50000000,249220218,249220219,1782864668763106,False,True
89892375,0.07160000,111.60000000,249220220,249220221,1782864668845893,False,True
89892376,0.07160000,130.00000000,249220222,249220222,1782864671786435,False,True
89892377,0.07150000,3794.97000000,249220223,249220223,1782864675875161,True,True
89892378,0.07150000,6409.61000000,249220224,249220239,1782864689765161,True,True
89892379,0.07150000,5867.00000000,249220240,249220240,1782864689799086,False,True
89892380,0.07150000,15080.26000000,249220241,249220241,1782864691595045,False,True
89892381,0.07150000,18829.64000000,249220242,249220247,1782864692838864,False,True
89892382,0.07150000,224.53000000,249220248,249220250,1782864692843886,False,True
89892383,0.07160000,690.05000000,249220251,249220251,1782864694148262,False,True
89892384,0.07160000,39965.75000000,249220252,249220253,1782864694887092,False,True
89892385,0.07150000,42520.00000000,249220254,249220264,1782864706205777,True,True
89892386,0.07150000,7336.28000000,249220265,249220270,1782864706210403,True,True
89892387,0.07150000,1000.00000000,249220271,249220271,1782864706215902,False,True
89892388,0.07150000,7862.60000000,249220272,249220276,1782864711707644,False,True
89892389,0.07150000,5985.35000000,249220277,249220278,1782864711707930,False,True
89892390,0.07160000,46224.22000000,249220279,249220291,1782864720734295,False,True
89892391,0.07170000,22716.91000000,249220292,249220292,1782864721108434,False,True
89892392,0.07170000,42700.63000000,249220293,249220308,1782864727464521,False,True
89892393,0.07170000,42700.63000000,249220309,249220311,1782864733210110,True,True
89892394,0.07170000,28606.56000000,249220312,249220320,1782864733212274,True,True
89892395,0.07170000,28704.87000000,249220321,249220327,1782864737021089,False,True
89892396,0.07170000,74.55000000,249220328,249220328,1782864737021135,False,True
89892397,0.07170000,208.52000000,249220329,249220330,1782864737132896,True,True
89892398,0.07170000,55809.60000000,249220331,249220334,1782864738024254,True,True
89892399,0.07160000,116.38000000,249220335,249220335,1782864738720912,True,True
89892400,0.07170000,223.65000000,249220336,249220338,1782864740569502,False,True
89892401,0.07180000,3817.33000000,249220339,249220339,1782864740569502,False,True
89892402,0.07170000,414.25000000,249220340,249220342,1782864748357252,True,True
89892403,0.07170000,76.29000000,249220343,249220344,1782864749049081,False,True
89892404,0.07170000,675.43000000,249220345,249220347,1782864750495821,False,True
89892405,0.07170000,74.66000000,249220348,249220349,1782864750498617,False,True
89892406,0.07170000,149.21000000,249220350,249220351,1782864750498640,False,True
89892407,0.07170000,1129.60000000,249220352,249220353,1782864769060184,True,True
89892408,0.07170000,74.55000000,249220354,249220354,1782864770481029,True,True
89892409,0.07160000,527.94000000,249220355,249220355,1782864773304554,True,True
89892410,0.07170000,21516.36000000,249220356,249220362,1782864796894873,False,True
89892411,0.07170000,6964.81000000,249220363,249220363,1782864801084008,True,True
89892412,0.07170000,4295.75000000,249220364,249220366,1782864812904120,True,True
89892413,0.07180000,13488.91000000,249220367,249220379,1782864821060869,False,True
89892414,0.07180000,299.21000000,249220380,249220380,1782864821248159,True,True
89892415,0.07190000,295.67000000,249220381,249220383,1782864835801182,False,True
89892416,0.07190000,89171.99000000,249220384,249220397,1782864836090350,False,True
89892417,0.07200000,53790.67000000,249220398,249220410,1782864838497948,False,True
89892418,0.07200000,40277.81000000,249220411,249220417,1782864838506773,True,True
89892419,0.07200000,25209.33000000,249220418,249220418,1782864838624140,False,True
89892420,0.07200000,222.99000000,249220419,249220421,1782864838625394,False,True
89892421,0.07200000,35936.87000000,249220422,249220427,1782864838698594,False,True
89892422,0.07200000,15200.01000000,249220428,249220428,1782864840749633,False,True
89892423,0.07200000,148.44000000,249220429,249220430,1782864840751103,False,True
89892424,0.07200000,11503.97000000,249220431,249220431,1782864840751244,False,True
89892425,0.07200000,6345.25000000,249220432,249220433,1782864840751430,False,True
89892426,0.07200000,42728.37000000,249220434,249220439,1782864845254248,False,True
89892427,0.07200000,74.22000000,249220440,249220440,1782864845255356,False,True
89892428,0.07200000,13042.82000000,249220441,249220443,1782864845255399,False,True
89892429,0.07210000,138.69000000,249220444,249220444,1782864862284901,False,True
89892430,0.07200000,139.59000000,249220445,249220445,1782864872385506,True,True
89892431,0.07200000,26164.31000000,249220446,249220452,1782864878689661,False,True
89892432,0.07200000,12929.64000000,249220453,249220454,1782864879506191,True,True
89892433,0.07200000,5259.82000000,249220455,249220456,1782864879506448,True,True
89892434,0.07200000,19033.87000000,249220457,249220462,1782864884561449,False,True
89892435,0.07200000,74.33000000,249220463,249220463,1782864886491563,True,True
89892436,0.07200000,11810.14000000,249220464,249220464,1782864890642526,False,True
89892437,0.07200000,847.39000000,249220465,249220468,1782864890644245,False,True
89892438,0.07200000,222.77000000,249220469,249220471,1782864893563265,True,True
89892439,0.07190000,40794.85000000,249220472,249220485,1782864895466100,True,True
89892440,0.07190000,25811.69000000,249220486,249220490,1782864898075402,False,True
89892441,0.07190000,23224.03000000,249220491,249220497,1782864900545650,False,True
89892442,0.07200000,19293.24000000,249220498,249220506,1782864910774503,False,True
89892443,0.07200000,13888.88000000,249220507,249220507,1782864916564221,True,True
89892444,0.07200000,2503.42000000,249220508,249220510,1782864925378502,True,True
89892445,0.07200000,2328.31000000,249220511,249220511,1782864925379070,True,True
89892446,0.07200000,25204.97000000,249220512,249220516,1782864925381704,True,True
89892447,0.07200000,957.19000000,249220517,249220517,1782864925382063,True,True
89892448,0.07200000,74.22000000,249220518,249220518,1782864925385195,True,True
89892449,0.07200000,14803.70000000,249220519,249220523,1782864926656496,False,True
89892450,0.07200000,416.97000000,249220524,249220525,1782864944365459,True,True
89892451,0.07200000,838.37000000,249220526,249220526,1782864948907048,False,True
89892452,0.07200000,4023.26000000,249220527,249220532,1782864961938477,False,True
89892453,0.07200000,222.66000000,249220533,249220535,1782864962844556,False,True
89892454,0.07200000,28463.66000000,249220536,249220539,1782864962915043,False,True
89892455,0.07200000,7638.88000000,249220540,249220540,1782864987488270,True,True
89892456,0.07210000,160889.74000000,249220541,249220564,1782865014791275,False,True
89892457,0.07210000,595.03000000,249220565,249220568,1782865016778609,True,True
89892458,0.07210000,9381.12000000,249220569,249220571,1782865017150713,True,True
89892459,0.07200000,5578.48000000,249220572,249220572,1782865017736130,True,True
89892460,0.07210000,22620.00000000,249220573,249220579,1782865018472956,False,True
89892461,0.07210000,17994.17000000,249220580,249220583,1782865018476130,False,True
89892462,0.07220000,7063.59000000,249220584,249220584,1782865031148885,False,True
89892463,0.07210000,138.50000000,249220585,249220586,1782865031778379,True,True
89892464,0.07210000,110.80000000,249220587,249220588,1782865031985495,True,True
89892465,0.07210000,148.22000000,249220589,249220590,1782865032283069,True,True
89892466,0.07210000,74.11000000,249220591,249220591,1782865032286016,True,True
89892467,0.07210000,74.11000000,249220592,249220592,1782865032287847,True,True
89892468,0.07210000,6276.35000000,249220593,249220594,1782865032290235,True,True
89892469,0.07200000,148.22000000,249220595,249220595,1782865032290538,True,True
89892470,0.07210000,8591.04000000,249220596,249220597,1782865032292555,False,True
89892471,0.07210000,24125.46000000,249220598,249220601,1782865032294036,False,True
89892472,0.07210000,74.11000000,249220602,249220602,1782865032295490,False,True
89892473,0.07220000,594.53000000,249220603,249220603,1782865035448184,False,True
89892474,0.07210000,80495.46000000,249220604,249220608,1782865050482184,True,True
89892475,0.07200000,64728.50000000,249220609,249220614,1782865050482184,True,True
89892476,0.07210000,5905.07000000,249220615,249220615,1782865050483696,False,True
89892477,0.07210000,1000.00000000,249220616,249220616,1782865050483751,False,True
89892478,0.07210000,25193.05000000,249220617,249220619,1782865050484448,False,True
89892479,0.07210000,17775.00000000,249220620,249220620,1782865050484510,False,True
89892480,0.07210000,12539.68000000,249220621,249220624,1782865050484750,False,True
89892481,0.07200000,41522.81000000,249220625,249220634,1782865079422969,True,True
89892482,0.07200000,2952.54000000,249220635,249220635,1782865082465190,False,True
89892483,0.07200000,1476.27000000,249220636,249220636,1782865082466676,False,True
89892484,0.07200000,738.13000000,249220637,249220639,1782865082468262,False,True
89892485,0.07200000,74.22000000,249220640,249220640,1782865082469404,False,True
89892486,0.07200000,294.85000000,249220641,249220642,1782865082469548,False,True
89892487,0.07200000,129.85000000,249220643,249220643,1782865082470649,False,True
89892488,0.07200000,119.61000000,249220644,249220644,1782865082472000,False,True
89892489,0.07190000,4352.88000000,249220645,249220645,1782865102649676,True,True
89892490,0.07200000,76.23000000,249220646,249220646,1782865106915194,False,True
89892491,0.07190000,3893.75000000,249220647,249220654,1782865122626924,True,True
89892492,0.07190000,17827.86000000,249220655,249220662,1782865122629615,True,True
89892493,0.07180000,10134.00000000,249220663,249220663,1782865122632845,True,True
89892494,0.07190000,595.03000000,249220664,249220664,1782865127193185,False,True
89892495,0.07190000,69248.05000000,249220665,249220682,1782865143112736,False,True
89892496,0.07190000,1161.43000000,249220683,249220683,1782865149846456,True,True
89892497,0.07190000,104.24000000,249220684,249220684,1782865182577961,True,True
89892498,0.07190000,5982.00000000,249220685,249220685,1782865183209431,True,True
89892499,0.07190000,9802.79000000,249220686,249220686,1782865183209750,True,True
89892500,0.07180000,1188.21000000,249220687,249220687,1782865183209750,True,True
89892501,0.07180000,14727.63000000,249220688,249220688,1782865183210010,True,True
89892502,0.07180000,20915.00000000,249220689,249220693,1782865183211305,True,True
89892503,0.07180000,20919.31000000,249220694,249220694,1782865183213128,True,True
89892504,0.07180000,2442.69000000,249220695,249220695,1782865193673761,True,True
89892505,0.07190000,146869.86000000,249220696,249220721,1782865206921891,False,True
89892506,0.07190000,1000.00000000,249220722,249220722,1782865206924681,True,True
89892507,0.07200000,6587.57000000,249220723,249220726,1782865208966614,False,True
89892508,0.07190000,4893.75000000,249220727,249220727,1782865239470347,True,True
89892509,0.07190000,4893.75000000,249220728,249220728,1782865239509568,True,True
89892510,0.07180000,2128.54000000,249220729,249220729,1782865239516839,True,True
89892511,0.07190000,757.73000000,249220730,249220730,1782865248719404,False,True
89892512,0.07180000,221.77000000,249220731,249220731,1782865283229671,True,True
89892513,0.07180000,34071.94000000,249220732,249220736,1782865291800575,True,True
89892514,0.07180000,16511.00000000,249220737,249220743,1782865292269680,True,True
89892515,0.07180000,252272.98000000,249220744,249220749,1782865292272201,True,True
89892516,0.07180000,223.21000000,249220750,249220752,1782865292273781,True,True
89892517,0.07170000,2092.00000000,249220753,249220753,1782865292276440,True,True
89892518,0.07170000,8901.00000000,249220754,249220754,1782865292276990,True,True
89892519,0.07170000,9081.00000000,249220755,249220755,1782865292277508,True,True
89892520,0.07170000,3087.00000000,249220756,249220756,1782865292277892,True,True
89892521,0.07170000,4962.00000000,249220757,249220758,1782865292278085,True,True
89892522,0.07180000,176484.47000000,249220759,249220769,1782865292282975,False,True
89892523,0.07190000,151714.46000000,249220770,249220791,1782865294828164,False,True
89892524,0.07190000,336.00000000,249220792,249220792,1782865294833708,True,True
89892525,0.07190000,2926.42000000,249220793,249220793,1782865295019848,True,True
89892526,0.07190000,3783.45000000,249220794,249220798,1782865295021255,True,True
89892527,0.07180000,7222.55000000,249220799,249220799,1782865295021255,True,True
89892528,0.07180000,4256.71000000,249220800,249220800,1782865295024230,True,True
89892529,0.07190000,17720.73000000,249220801,249220808,1782865298569439,False,True
89892530,0.07190000,74.44000000,249220809,249220809,1782865298569449,False,True
89892531,0.07190000,1840.00000000,249220810,249220811,1782865298656291,True,True
89892532,0.07190000,1227.90000000,249220812,249220815,1782865298656767,True,True
89892533,0.07180000,1981.10000000,249220816,249220816,1782865298656767,True,True
89892534,0.07180000,12238.00000000,249220817,249220818,1782865298656966,True,True
89892535,0.07180000,18801.00000000,249220819,249220819,1782865298657057,True,True
89892536,0.07180000,15178.36000000,249220820,249220827,1782865312602162,True,True
89892537,0.07180000,474.96000000,249220828,249220828,1782865312606109,True,True
89892538,0.07180000,1707.67000000,249220829,249220829,1782865312607324,True,True
89892539,0.07180000,366.17000000,249220830,249220833,1782865312613016,True,True
89892540,0.07170000,252.00000000,249220834,249220834,1782865312635590,True,True
89892541,0.07170000,1951.00000000,249220835,249220835,1782865312635638,True,True
89892542,0.07170000,3203.99000000,249220836,249220836,1782865312635701,True,True
89892543,0.07180000,7446.51000000,249220837,249220837,1782865313160152,False,True
89892544,0.07180000,1000.00000000,249220838,249220838,1782865313532216,False,True
89892545,0.07180000,928.31000000,249220839,249220839,1782865313544318,False,True
89892546,0.07180000,861.75000000,249220840,249220840,1782865313561685,False,True
89892547,0.07180000,63770.31000000,249220841,249220843,1782865313569803,False,True
89892548,0.07180000,74.44000000,249220844,249220844,1782865313570964,False,True
89892549,0.07180000,223.65000000,249220845,249220847,1782865316341444,True,True
89892550,0.07180000,25551.38000000,249220848,249220849,1782865316493198,True,True
89892551,0.07180000,8292.39000000,249220850,249220854,1782865316494342,True,True
89892552,0.07180000,354.41000000,249220855,249220858,1782865318934005,False,True
89892553,0.07180000,217.70000000,249220859,249220860,1782865328261051,True,True
89892554,0.07170000,9540.00000000,249220861,249220865,1782865340852677,True,True
89892555,0.07170000,3959.00000000,249220866,249220866,1782865340853372,True,True
89892556,0.07170000,3943.00000000,249220867,249220867,1782865340853439,True,True
89892557,0.07170000,23687.80000000,249220868,249220868,1782865340854759,True,True
89892558,0.07170000,6823.22000000,249220869,249220876,1782865340856184,True,True
89892559,0.07160000,149.00000000,249220877,249220877,1782865340856413,True,True
89892560,0.07170000,149666.42000000,249220878,249220901,1782865356338518,False,True
89892561,0.07170000,1000.00000000,249220902,249220902,1782865356346612,True,True
89892562,0.07170000,336.00000000,249220903,249220903,1782865356356571,True,True
89892563,0.07180000,21262.23000000,249220904,249220912,1782865379534151,False,True
89892564,0.07180000,139.40000000,249220913,249220913,1782865379540014,True,True
89892565,0.07180000,2830.00000000,249220914,249220917,1782865380409934,True,True
89892566,0.07180000,69.32000000,249220918,249220918,1782865380409989,True,True
89892567,0.07170000,9788.68000000,249220919,249220919,1782865380409989,True,True
89892568,0.07170000,11086.00000000,249220920,249220920,1782865380410252,True,True
89892569,0.07170000,3695.86000000,249220921,249220922,1782865380413039,True,True
89892570,0.07170000,12884.00000000,249220923,249220923,1782865380413249,True,True
89892571,0.07180000,9241.02000000,249220924,249220929,1782865381128825,False,True
89892572,0.07180000,2899.32000000,249220930,249220933,1782865384116178,True,True
89892573,0.07180000,24243.24000000,249220934,249220937,1782865384615308,False,True
89892574,0.07190000,100.58000000,249220938,249220938,1782865391068284,False,True
89892575,0.07180000,43977.61000000,249220939,249220942,1782865394746782,True,True
89892576,0.07170000,1070.08000000,249220943,249220948,1782865400241025,True,True
89892577,0.07170000,28674.14000000,249220949,249220958,1782865413558656,False,True
89892578,0.07170000,1000.00000000,249220959,249220959,1782865413567171,True,True
89892579,0.07170000,24464.27000000,249220960,249220961,1782865422857441,True,True
89892580,0.07170000,23687.00000000,249220962,249220965,1782865422863888,True,True
89892581,0.07170000,5822.65000000,249220966,249220967,1782865422869305,True,True
89892582,0.07170000,82.32000000,249220968,249220968,1782865424187840,False,True
89892583,0.07170000,3529.84000000,249220969,249220978,1782865432590507,False,True
89892584,0.07170000,503.87000000,249220979,249220979,1782865459900577,True,True
89892585,0.07170000,2871.25000000,249220980,249220982,1782865459900782,True,True
89892586,0.07160000,2780.40000000,249220983,249220983,1782865459904619,True,True
89892587,0.07160000,823.53000000,249220984,249220984,1782865461533354,True,True
89892588,0.07170000,26068.56000000,249220985,249220985,1782865469578685,False,True
89892589,0.07170000,65483.08000000,249220986,249220999,1782865469578778,False,True
89892590,0.07170000,74.55000000,249221000,249221000,1782865469579346,False,True
89892591,0.07170000,3627.27000000,249221001,249221005,1782865472266261,True,True
89892592,0.07160000,2780.40000000,249221006,249221006,1782865472267774,True,True
89892593,0.07170000,11767.60000000,249221007,249221031,1782865477714451,False,True
89892594,0.07180000,112498.90000000,249221032,249221052,1782865518340954,False,True
89892595,0.07180000,711.29000000,249221053,249221053,1782865523585633,True,True
89892596,0.07180000,3515.00000000,249221054,249221057,1782865525977286,True,True
89892597,0.07180000,6780.93000000,249221058,249221062,1782865525991204,True,True
89892598,0.07180000,710.57000000,249221063,249221063,1782865529992764,False,True
89892599,0.07180000,14056.24000000,249221064,249221068,1782865533125336,False,True
89892600,0.07180000,817.17000000,249221069,249221072,1782865533126572,False,True
89892601,0.07180000,8559.00000000,249221073,249221075,1782865537822756,True,True
89892602,0.07180000,4672.98000000,249221076,249221082,1782865537825907,True,True
89892603,0.07170000,5604.02000000,249221083,249221083,1782865537825907,True,True
89892604,0.07180000,14084.25000000,249221084,249221089,1782865539050681,False,True
89892605,0.07180000,7676.01000000,249221090,249221090,1782865539905666,True,True
89892606,0.07180000,25395.39000000,249221091,249221092,1782865539910926,True,True
89892607,0.07180000,21035.10000000,249221093,249221095,1782865539910963,True,True
89892608,0.07180000,683.74000000,249221096,249221096,1782865539911238,True,True
89892609,0.07180000,2180.04000000,249221097,249221099,1782865539911526,True,True
89892610,0.07170000,43390.00000000,249221100,249221105,1782865539924626,True,True
89892611,0.07170000,1538.42000000,249221106,249221106,1782865539928173,True,True
89892612,0.07170000,18832.00000000,249221107,249221109,1782865539946172,True,True
89892613,0.07170000,1805.75000000,249221110,249221110,1782865539961845,True,True
89892614,0.07170000,601.92000000,249221111,249221113,1782865540074093,True,True
89892615,0.07180000,49430.46000000,249221114,249221117,1782865547773719,False,True
89892616,0.07180000,76876.49000000,249221118,249221130,1782865547774802,False,True
89892617,0.07180000,1000.00000000,249221131,249221131,1782865547776605,True,True
89892618,0.07180000,14130.12000000,249221132,249221132,1782865552941681,True,True
89892619,0.07180000,352.83000000,249221133,249221134,1782865554616603,True,True
89892620,0.07180000,2898.99000000,249221135,249221138,1782865554687666,False,True
89892621,0.07180000,3664.25000000,249221139,249221141,1782865562203145,True,True
89892622,0.07180000,3820.00000000,249221142,249221143,1782865562232024,False,True
89892623,0.07180000,51410.00000000,249221144,249221149,1782865562264995,False,True
89892624,0.07180000,148.88000000,249221150,249221151,1782865562266680,False,True
89892625,0.07180000,696.37000000,249221152,249221152,1782865579448591,True,True
89892626,0.07180000,104.39000000,249221153,249221153,1782865582028110,True,True
89892627,0.07180000,104.39000000,249221154,249221155,1782865582028262,True,True
89892628,0.07180000,104.39000000,249221156,249221156,1782865582029854,True,True
89892629,0.07170000,784.99000000,249221157,249221160,1782865598504981,True,True
89892630,0.07180000,5017.58000000,249221161,249221164,1782865598701371,False,True
89892631,0.07170000,200000.00000000,249221165,249221177,1782865607734802,True,True
89892632,0.07170000,9939.19000000,249221178,249221185,1782865609500470,True,True
89892633,0.07170000,40514.45000000,249221186,249221187,1782865609502026,False,True
89892634,0.07170000,223.65000000,249221188,249221190,1782865609503342,False,True
89892635,0.07170000,41250.00000000,249221191,249221195,1782865618303962,True,True
89892636,0.07170000,14065.43000000,249221196,249221198,1782865618317764,True,True
89892637,0.07170000,74.55000000,249221199,249221199,1782865618326706,True,True
89892638,0.07170000,36543.32000000,249221200,249221207,1782865620742207,False,True
89892639,0.07170000,4065.74000000,249221208,249221208,1782865631919421,False,True
89892640,0.07170000,7168.75000000,249221209,249221212,1782865632138661,False,True
89892641,0.07170000,223.87000000,249221213,249221215,1782865632141664,False,True
89892642,0.07170000,2797.69000000,249221216,249221216,1782865647912991,True,True
89892643,0.07170000,74.55000000,249221217,249221217,1782865650666061,True,True
89892644,0.07170000,150831.25000000,249221218,249221227,1782865666076906,False,True
89892645,0.07170000,7508.18000000,249221228,249221230,1782865666078138,False,True
89892646,0.07170000,11387.24000000,249221231,249221231,1782865666079927,False,True
89892647,0.07170000,5011.37000000,249221232,249221233,1782865667211715,True,True
89892648,0.07180000,696.37000000,249221234,249221237,1782865669295350,False,True
89892649,0.07170000,5000.63000000,249221238,249221238,1782865710416166,True,True
89892650,0.07170000,711.29000000,249221239,249221239,1782865719955479,True,True
89892651,0.07170000,13449.95000000,249221240,249221240,1782865729896152,True,True
89892652,0.07180000,328301.12000000,249221241,249221284,1782865731054389,False,True
89892653,0.07180000,1000.00000000,249221285,249221285,1782865731056716,True,True
89892654,0.07180000,15738.11000000,249221286,249221286,1782865731056893,True,True
89892655,0.07180000,1211.68000000,249221287,249221287,1782865731057257,True,True
89892656,0.07180000,336.00000000,249221288,249221288,1782865731060175,True,True
89892657,0.07180000,1191.80000000,249221289,249221289,1782865731074706,True,True
89892658,0.07180000,1152.61000000,249221290,249221290,1782865731123824,True,True
89892659,0.07180000,1479.40000000,249221291,249221291,1782865755810861,True,True
89892660,0.07190000,269.12000000,249221292,249221292,1782865767557878,False,True
89892661,0.07190000,708.60000000,249221293,249221293,1782865767715726,False,True
89892662,0.07190000,58304.93000000,249221294,249221317,1782865778499580,False,True
89892663,0.07190000,3726.73000000,249221318,249221322,1782865778501123,False,True
89892664,0.07200000,104.24000000,249221323,249221323,1782865806104957,False,True
89892665,0.07190000,6003.35000000,249221324,249221324,1782865814501284,True,True
89892666,0.07190000,711.00000000,249221325,249221325,1782865824148207,True,True
89892667,0.07200000,57285.46000000,249221326,249221361,1782865838393612,False,True
89892668,0.07210000,152.80000000,249221362,249221362,1782865843456046,False,True
89892669,0.07210000,111.10000000,249221363,249221363,1782865843669960,False,True
89892670,0.07210000,138696.25000000,249221364,249221372,1782865845485139,False,True
89892671,0.07200000,11116.00000000,249221373,249221373,1782865860622234,True,True
89892672,0.07200000,90.38000000,249221374,249221374,1782865865149342,True,True
89892673,0.07210000,6052.04000000,249221375,249221377,1782865866208308,False,True
89892674,0.07210000,18949.59000000,249221378,249221381,1782865866209935,False,True
89892675,0.07210000,2751.83000000,249221382,249221386,1782865866210395,False,True
89892676,0.07210000,595.05000000,249221387,249221387,1782865867781051,True,True
89892677,0.07210000,11693.17000000,249221388,249221388,1782865868431782,True,True
89892678,0.07210000,1376.00000000,249221389,249221390,1782865870221307,True,True
89892679,0.07210000,15557.39000000,249221391,249221394,1782865871972912,True,True
89892680,0.07210000,946.66000000,249221395,249221397,1782865879486069,True,True
89892681,0.07200000,7512.34000000,249221398,249221398,1782865879486069,True,True
89892682,0.07210000,116675.99000000,249221399,249221410,1782865880767148,False,True
89892683,0.07210000,10581.95000000,249221411,249221411,1782865880992389,True,True
89892684,0.07210000,5820.00000000,249221412,249221412,1782865883067242,True,True
89892685,0.07210000,11138.00000000,249221413,249221413,1782865883070277,True,True
89892686,0.07210000,2916.00000000,249221414,249221414,1782865883166241,True,True
89892687,0.07210000,8181.00000000,249221415,249221415,1782865883169589,True,True
89892688,0.07210000,1760.00000000,249221416,249221416,1782865883330015,True,True
89892689,0.07210000,10404.00000000,249221417,249221417,1782865883333240,True,True
89892690,0.07220000,138.70000000,249221418,249221418,1782865890931898,False,True
89892691,0.07210000,110.80000000,249221419,249221419,1782865890977322,True,True
89892692,0.07210000,7628.29000000,249221420,249221420,1782865901657383,True,True
89892693,0.07220000,33889.00000000,249221421,249221437,1782865905658550,False,True
89892694,0.07220000,1008.00000000,249221438,249221438,1782865905659970,False,True
89892695,0.07220000,9682.48000000,249221439,249221447,1782865905660083,False,True
89892696,0.07220000,26835.09000000,249221448,249221449,1782865906147378,True,True
89892697,0.07220000,4646.03000000,249221450,249221453,1782865906149795,True,True
89892698,0.07210000,1855.00000000,249221454,249221454,1782865906150615,True,True
89892699,0.07210000,9055.84000000,249221455,249221455,1782865906151358,True,True
89892700,0.07210000,693.48000000,249221456,249221456,1782865907916258,True,True
89892701,0.07220000,20891.37000000,249221457,249221461,1782865908158463,False,True
89892702,0.07220000,74.11000000,249221462,249221462,1782865908160654,False,True
89892703,0.07230000,461.74000000,249221463,249221463,1782865909151895,False,True
89892704,0.07230000,142.88000000,249221464,249221464,1782865913278029,False,True
89892705,0.07220000,11136.00000000,249221465,249221465,1782865914780866,True,True
89892706,0.07220000,472.48000000,249221466,249221466,1782865920566726,False,True
89892707,0.07220000,33889.00000000,249221467,249221475,1782865921725342,False,True
89892708,0.07220000,923.39000000,249221476,249221477,1782865921726555,False,True
89892709,0.07230000,50000.00000000,249221478,249221483,1782865934329407,False,True
89892710,0.07230000,9084.63000000,249221484,249221484,1782865938010632,False,True
89892711,0.07220000,2818.52000000,249221485,249221486,1782865940690900,True,True
89892712,0.07220000,9670.00000000,249221487,249221494,1782865950775808,False,True
89892713,0.07220000,336.00000000,249221495,249221495,1782865950818393,True,True
89892714,0.07230000,91462.23000000,249221496,249221513,1782865981020124,False,True
89892715,0.07230000,74.11000000,249221514,249221514,1782865981022367,False,True
89892716,0.07230000,23573.48000000,249221515,249221515,1782865981056242,True,True
89892717,0.07220000,103.63000000,249221516,249221516,1782865998274717,True,True
89892718,0.07220000,514.01000000,249221517,249221517,1782866000293917,True,True
89892719,0.07220000,4095.82000000,249221518,249221521,1782866000297582,True,True
89892720,0.07220000,1392.00000000,249221522,249221523,1782866000297849,True,True
89892721,0.07220000,12309.00000000,249221524,249221528,1782866000703220,True,True
89892722,0.07220000,8479.65000000,249221529,249221535,1782866000703368,True,True
89892723,0.07210000,2649.35000000,249221536,249221536,1782866000703368,True,True
89892724,0.07220000,69.25000000,249221537,249221537,1782866000804322,False,True
89892725,0.07220000,2970.00000000,249221538,249221542,1782866001442190,False,True
89892726,0.07220000,7929.10000000,249221543,249221543,1782866002813598,True,True
89892727,0.07220000,1044.59000000,249221544,249221544,1782866021248724,True,True
89892728,0.07230000,2220.00000000,249221545,249221555,1782866023906905,False,True
89892729,0.07230000,146.73000000,249221556,249221557,1782866023915230,False,True
89892730,0.07230000,148.00000000,249221558,249221559,1782866023924405,False,True
89892731,0.07230000,222.00000000,249221560,249221562,1782866023928321,False,True
89892732,0.07230000,884.48000000,249221563,249221566,1782866024241973,True,True
89892733,0.07220000,9075.55000000,249221567,249221567,1782866030963843,True,True
89892734,0.07230000,6560.00000000,249221568,249221573,1782866037380822,False,True
89892735,0.07230000,74.00000000,249221574,249221574,1782866037382236,False,True
89892736,0.07230000,4623.00000000,249221575,249221575,1782866039265846,True,True
89892737,0.07240000,1149.43000000,249221576,249221576,1782866040388855,False,True
89892738,0.07230000,2749.67000000,249221577,249221578,1782866046575075,True,True
89892739,0.07220000,2094.33000000,249221579,249221579,1782866046575075,True,True
89892740,0.07220000,6297.00000000,249221580,249221581,1782866046575277,True,True
89892741,0.07230000,296.85000000,249221582,249221584,1782866086493102,False,True
89892742,0.07220000,104.15000000,249221585,249221585,1782866110827728,True,True
89892743,0.07220000,3884.59000000,249221586,249221591,1782866112321151,True,True
89892744,0.07220000,33230.89000000,249221592,249221597,1782866122000024,False,True
89892745,0.07210000,101.34000000,249221598,249221598,1782866122376883,True,True
89892746,0.07210000,9913.00000000,249221599,249221599,1782866127876885,True,True
89892747,0.07210000,1115.00000000,249221600,249221600,1782866133007784,True,True
89892748,0.07210000,1045.82000000,249221601,249221601,1782866133017611,True,True
89892749,0.07210000,1239.00000000,249221602,249221602,1782866136752479,True,True
89892750,0.07210000,37000.00000000,249221603,249221603,1782866138673736,True,True
89892751,0.07210000,200000.00000000,249221604,249221604,1782866138673747,True,True
89892752,0.07210000,14748.36000000,249221605,249221605,1782866138673860,True,True
89892753,0.07210000,200000.00000000,249221606,249221606,1782866138674116,True,True
89892754,0.07210000,80303.37000000,249221607,249221607,1782866138674333,True,True
89892755,0.07210000,14748.36000000,249221608,249221608,1782866138674344,True,True
89892756,0.07210000,123503.28000000,249221609,249221613,1782866138674889,True,True
89892757,0.07210000,4260.29000000,249221614,249221620,1782866138675936,True,True
89892758,0.07200000,9222.99000000,249221621,249221621,1782866138676038,True,True
89892759,0.07200000,3173.00000000,249221622,249221625,1782866138678916,True,True
89892760,0.07200000,9900.00000000,249221626,249221626,1782866138680041,True,True
89892761,0.07200000,7994.00000000,249221627,249221627,1782866138680807,True,True
89892762,0.07210000,15748.67000000,249221628,249221637,1782866148447936,False,True
89892763,0.07210000,74.11000000,249221638,249221638,1782866148449194,False,True
89892764,0.07210000,333.41000000,249221639,249221639,1782866154081281,True,True
89892765,0.07200000,333.41000000,249221640,249221640,1782866154085284,True,True
89892766,0.07210000,930.80000000,249221641,249221644,1782866160776530,False,True
89892767,0.07210000,10700.56000000,249221645,249221645,1782866161164166,True,True
89892768,0.07210000,18755.06000000,249221646,249221649,1782866166230579,True,True
89892769,0.07210000,16380.91000000,249221650,249221650,1782866168227468,False,True
89892770,0.07210000,18108.78000000,249221651,249221655,1782866170481804,True,True
89892771,0.07210000,1301.22000000,249221656,249221659,1782866173181069,False,True
89892772,0.07210000,148.33000000,249221660,249221661,1782866182773443,False,True
89892773,0.07210000,222.66000000,249221662,249221664,1782866182776914,False,True
89892774,0.07210000,1461.18000000,249221665,249221666,1782866199331365,True,True
89892775,0.07210000,1000.00000000,249221667,249221667,1782866199332774,False,True
89892776,0.07210000,5710.00000000,249221668,249221673,1782866202272968,False,True
89892777,0.07210000,17406.84000000,249221674,249221680,1782866209922570,False,True
89892778,0.07210000,74.22000000,249221681,249221681,1782866211764402,True,True
89892779,0.07210000,18918.57000000,249221682,249221686,1782866223985012,False,True
89892780,0.07210000,90.35000000,249221687,249221687,1782866227487737,True,True
89892781,0.07210000,124.63000000,249221688,249221688,1782866248123069,True,True
89892782,0.07210000,1311.01000000,249221689,249221689,1782866249065222,True,True
89892783,0.07220000,769.48000000,249221690,249221692,1782866262889669,False,True
89892784,0.07210000,267.07000000,249221693,249221693,1782866299921094,True,True
89892785,0.07220000,88.06000000,249221694,249221694,1782866299921564,False,True
89892786,0.07210000,500.22000000,249221695,249221698,1782866326008854,True,True
89892787,0.07200000,1174.00000000,249221699,249221699,1782866328927771,True,True
89892788,0.07200000,20995.46000000,249221700,249221709,1782866328930729,True,True
89892789,0.07200000,6954.00000000,249221710,249221710,1782866333778898,True,True
89892790,0.07200000,2666.00000000,249221711,249221712,1782866333780307,True,True
89892791,0.07200000,1317.01000000,249221713,249221720,1782866333780534,True,True
89892792,0.07200000,960.19000000,249221721,249221725,1782866338316345,False,True
89892793,0.07200000,845.95000000,249221726,249221728,1782866363502940,True,True
89892794,0.07200000,899.00000000,249221729,249221732,1782866365708690,False,True
89892795,0.07200000,74.22000000,249221733,249221733,1782866365708868,False,True
89892796,0.07200000,2776.76000000,249221734,249221735,1782866368864668,True,True
89892797,0.07200000,12610.00000000,249221736,249221740,1782866371959247,False,True
89892798,0.07200000,67.50000000,249221741,249221741,1782866371959934,False,True
89892799,0.07210000,148.40000000,249221742,249221742,1782866398591203,False,True
89892800,0.07210000,98.45000000,249221743,249221743,1782866398928424,False,True
89892801,0.07210000,46958.21000000,249221744,249221754,1782866401369101,False,True
89892802,0.07210000,222.55000000,249221755,249221757,1782866401370319,False,True
89892803,0.07210000,1616.63000000,249221758,249221761,1782866421616468,True,True
89892804,0.07210000,72404.21000000,249221762,249221769,1782866439125869,False,True
89892805,0.07210000,1000.00000000,249221770,249221770,1782866439127773,True,True
89892806,0.07210000,719.07000000,249221771,249221771,1782866439199303,True,True
89892807,0.07210000,1000.00000000,249221772,249221772,1782866440216340,True,True
89892808,0.07210000,928.01000000,249221773,249221773,1782866440229676,True,True
89892809,0.07210000,861.20000000,249221774,249221774,1782866440241138,True,True
89892810,0.07210000,799.20000000,249221775,249221775,1782866440251431,True,True
89892811,0.07210000,741.67000000,249221776,249221776,1782866440284156,True,True
89892812,0.07210000,688.28000000,249221777,249221777,1782866440349908,True,True
89892813,0.07210000,638.73000000,249221778,249221778,1782866440385315,True,True
89892814,0.07210000,592.75000000,249221779,249221779,1782866440457560,True,True
89892815,0.07210000,550.08000000,249221780,249221780,1782866440486097,True,True
89892816,0.07210000,510.48000000,249221781,249221781,1782866440499022,True,True
89892817,0.07210000,8378.06000000,249221782,249221782,1782866447250371,True,True
89892818,0.07210000,18949.26000000,249221783,249221783,1782866447252318,True,True
89892819,0.07210000,18949.00000000,249221784,249221784,1782866447253806,True,True
89892820,0.07210000,754.99000000,249221785,249221785,1782866447253810,True,True
89892821,0.07210000,18949.00000000,249221786,249221786,1782866447255215,True,True
89892822,0.07210000,85.36000000,249221787,249221787,1782866447256562,True,True
89892823,0.07210000,103.96000000,249221788,249221788,1782866447432779,True,True
89892824,0.07210000,266.65000000,249221789,249221789,1782866458922310,True,True
89892825,0.07210000,21328.90000000,249221790,249221794,1782866463324994,True,True
89892826,0.07210000,15949.33000000,249221795,249221795,1782866463324997,True,True
89892827,0.07200000,11134.00000000,249221796,249221796,1782866463325696,True,True
89892828,0.07210000,693.48000000,249221797,249221797,1782866492168910,False,True
89892829,0.07200000,1382.48000000,249221798,249221803,1782866508645369,True,True
89892830,0.07200000,1494.56000000,249221804,249221805,1782866508645957,True,True
89892831,0.07200000,709.71000000,249221806,249221808,1782866508646261,True,True
89892832,0.07200000,52579.89000000,249221809,249221811,1782866508664697,False,True
89892833,0.07200000,45183.10000000,249221812,249221816,1782866508666164,False,True
89892834,0.07200000,336.00000000,249221817,249221817,1782866508669201,True,True
89892835,0.07200000,336.00000000,249221818,249221819,1782866508751434,True,True
89892836,0.07200000,8271.91000000,249221820,249221820,1782866512877673,True,True
89892837,0.07200000,734.28000000,249221821,249221822,1782866519542145,True,True
89892838,0.07190000,12777.01000000,249221823,249221823,1782866531619541,True,True
89892839,0.07190000,6987.00000000,249221824,249221824,1782866531619832,True,True
89892840,0.07190000,4423.31000000,249221825,249221835,1782866532062160,True,True
89892841,0.07180000,5705.69000000,249221836,249221836,1782866532062160,True,True
89892842,0.07180000,10715.99000000,249221837,249221837,1782866532062164,True,True
89892843,0.07190000,595.05000000,249221838,249221838,1782866534783171,False,True
89892844,0.07190000,5711.49000000,249221839,249221845,1782866537133560,False,True
89892845,0.07190000,223.21000000,249221846,249221848,1782866537136776,False,True
89892846,0.07200000,583.74000000,249221849,249221849,1782866544445523,False,True
89892847,0.07190000,74.44000000,249221850,249221850,1782866551066770,True,True
89892848,0.07190000,487.13000000,249221851,249221851,1782866551512915,False,True
89892849,0.07190000,19347.55000000,249221852,249221858,1782866554919245,False,True
89892850,0.07190000,5291.40000000,249221859,249221861,1782866556884480,True,True
89892851,0.07190000,487.13000000,249221862,249221862,1782866568972750,False,True
89892852,0.07190000,31837.10000000,249221863,249221874,1782866570046771,False,True
89892853,0.07190000,1000.00000000,249221875,249221875,1782866570049235,True,True
89892854,0.07200000,486.45000000,249221876,249221876,1782866577080487,False,True
89892855,0.07200000,1662.04000000,249221877,249221877,1782866578936488,False,True
89892856,0.07200000,291.87000000,249221878,249221878,1782866597573531,False,True
89892857,0.07190000,9688.66000000,249221879,249221879,1782866602491187,True,True
89892858,0.07200000,389.16000000,249221880,249221880,1782866604868174,False,True
89892859,0.07190000,1086.42000000,249221881,249221881,1782866612623852,True,True
89892860,0.07200000,291.87000000,249221882,249221882,1782866616481540,False,True
89892861,0.07200000,194.58000000,249221883,249221883,1782866622871924,False,True
89892862,0.07200000,97.29000000,249221884,249221884,1782866631083407,False,True
89892863,0.07200000,8935.25000000,249221885,249221886,1782866636046814,False,True
89892864,0.07190000,51611.91000000,249221887,249221891,1782866655304634,True,True
89892865,0.07180000,10433.00000000,249221892,249221894,1782866655308708,True,True
89892866,0.07180000,9909.00000000,249221895,249221901,1782866655535546,True,True
89892867,0.07180000,10812.00000000,249221902,249221904,1782866655538301,True,True
89892868,0.07180000,11100.00000000,249221905,249221906,1782866655617361,True,True
89892869,0.07180000,11669.00000000,249221907,249221907,1782866655617596,True,True
89892870,0.07180000,259.05000000,249221908,249221908,1782866655625005,True,True
89892871,0.07180000,3135.83000000,249221909,249221913,1782866657308610,False,True
89892872,0.07180000,149.10000000,249221914,249221915,1782866667650792,True,True
89892873,0.07170000,149.10000000,249221916,249221916,1782866667654612,True,True
89892874,0.07180000,6310.06000000,249221917,249221922,1782866681195640,False,True
89892875,0.07190000,527.17000000,249221923,249221923,1782866699941632,False,True
89892876,0.07190000,52671.47000000,249221924,249221938,1782866701418943,False,True
89892877,0.07190000,9570.28000000,249221939,249221939,1782866701421147,True,True
89892878,0.07190000,18949.74000000,249221940,249221941,1782866701421196,True,True
89892879,0.07190000,18099.44000000,249221942,249221943,1782866701421324,True,True
89892880,0.07190000,1393.56000000,249221944,249221946,1782866716780636,False,True
89892881,0.07180000,9092.12000000,249221947,249221947,1782866719200570,True,True
89892882,0.07180000,436.53000000,249221948,249221948,1782866720182300,True,True
89892883,0.07180000,552.00000000,249221949,249221949,1782866721180773,True,True
89892884,0.07180000,16338.00000000,249221950,249221950,1782866728012748,True,True
89892885,0.07180000,10687.00000000,249221951,249221952,1782866728013168,True,True
89892886,0.07190000,83.11000000,249221953,249221953,1782866729824038,False,True
89892887,0.07180000,27626.66000000,249221954,249221960,1782866737836763,True,True
89892888,0.07180000,74.55000000,249221961,249221961,1782866737837933,True,True
89892889,0.07170000,11233.00000000,249221962,249221962,1782866737839776,True,True
89892890,0.07170000,9148.00000000,249221963,249221964,1782866737839894,True,True
89892891,0.07180000,35741.48000000,249221965,249221968,1782866752396122,False,True
89892892,0.07180000,10065.51000000,249221969,249221972,1782866752398631,False,True
89892893,0.07180000,43117.73000000,249221973,249221977,1782866752398708,False,True
89892894,0.07180000,16556.22000000,249221978,249221978,1782866752474221,True,True
89892895,0.07180000,24436.73000000,249221979,249221980,1782866752475645,True,True
89892896,0.07180000,6517.69000000,249221981,249221986,1782866752477341,True,True
89892897,0.07180000,422.35000000,249221987,249221990,1782866753032636,False,True
89892898,0.07180000,152.93000000,249221991,249221991,1782866753134575,True,True
89892899,0.07190000,34757.55000000,249221992,249222006,1782866769568317,False,True
89892900,0.07190000,74.44000000,249222007,249222007,1782866769570370,False,True
89892901,0.07190000,3777.92000000,249222008,249222012,1782866769814574,True,True
89892902,0.07190000,139.08000000,249222013,249222014,1782866794567405,False,True
89892903,0.07190000,2047.89000000,249222015,249222021,1782866810098765,False,True
89892904,0.07200000,106909.91000000,249222022,249222039,1782866820991032,False,True
89892905,0.07200000,231.90000000,249222040,249222040,1782866821260904,True,True
89892906,0.07210000,138.90000000,249222041,249222041,1782866823073108,False,True
89892907,0.07210000,125.00000000,249222042,249222042,1782866823116807,False,True
89892908,0.07210000,612.54000000,249222043,249222049,1782866824449383,False,True
89892909,0.07210000,595.05000000,249222050,249222052,1782866829177397,True,True
89892910,0.07220000,51101.18000000,249222053,249222066,1782866867576739,False,True
89892911,0.07220000,74.33000000,249222067,249222067,1782866867577925,False,True
89892912,0.07220000,402.62000000,249222068,249222068,1782866868349187,True,True
89892913,0.07220000,3862.67000000,249222069,249222069,1782866905578097,False,True
89892914,0.07220000,37840.55000000,249222070,249222075,1782866919080722,False,True
89892915,0.07220000,275.41000000,249222076,249222077,1782866919402515,True,True
89892916,0.07220000,18949.41000000,249222078,249222080,1782866922635879,False,True
89892917,0.07220000,518.95000000,249222081,249222084,1782866922637489,False,True
89892918,0.07220000,2776.33000000,249222085,249222086,1782866927561875,True,True
89892919,0.07220000,2823.67000000,249222087,249222089,1782866932611736,False,True
89892920,0.07220000,701.14000000,249222090,249222091,1782866961080511,True,True
89892921,0.07220000,15482.44000000,249222092,249222097,1782866989293519,False,True
89892922,0.07230000,12972.89000000,249222098,249222098,1782867010267482,False,True
89892923,0.07220000,16620.49000000,249222099,249222099,1782867011534790,True,True
89892924,0.07220000,428.74000000,249222100,249222100,1782867019896571,True,True
89892925,0.07230000,104.09000000,249222101,249222101,1782867026441318,False,True
89892926,0.07230000,37489.89000000,249222102,249222114,1782867032090245,False,True
89892927,0.07230000,699.00000000,249222115,249222115,1782867037042313,True,True
89892928,0.07230000,19878.52000000,249222116,249222116,1782867037676168,True,True
89892929,0.07240000,744.27000000,249222117,249222117,1782867083004395,False,True
89892930,0.07240000,2001.12000000,249222118,249222118,1782867111144117,False,True
89892931,0.07240000,1906.08000000,249222119,249222119,1782867111144152,False,True
89892932,0.07240000,27336.26000000,249222120,249222133,1782867111144249,False,True
89892933,0.07240000,7332.95000000,249222134,249222135,1782867111145509,False,True
89892934,0.07240000,15835.19000000,249222136,249222141,1782867113707236,True,True
89892935,0.07240000,1074.83000000,249222142,249222143,1782867113707675,True,True
89892936,0.07240000,418.92000000,249222144,249222144,1782867114001515,False,True
89892937,0.07240000,2897.01000000,249222145,249222148,1782867114201885,False,True
89892938,0.07240000,43476.00000000,249222149,249222152,1782867116568280,True,True
89892939,0.07240000,7465.24000000,249222153,249222158,1782867132356974,True,True
89892940,0.07230000,69.99000000,249222159,249222159,1782867135371833,True,True
89892941,0.07240000,14345.43000000,249222160,249222163,1782867138932701,False,True
89892942,0.07240000,100251.82000000,249222164,249222177,1782867162174826,True,True
89892943,0.07240000,221.34000000,249222178,249222180,1782867162179351,True,True
89892944,0.07240000,84005.08000000,249222181,249222193,1782867165721409,False,True
89892945,0.07240000,73.78000000,249222194,249222194,1782867165722975,False,True
89892946,0.07240000,73.78000000,249222195,249222195,1782867165723485,False,True
89892947,0.07240000,73.89000000,249222196,249222197,1782867165724051,False,True
89892948,0.07240000,74.00000000,249222198,249222199,1782867165724439,False,True
89892949,0.07240000,1469.78000000,249222200,249222204,1782867178377533,False,True
89892950,0.07240000,138.44000000,249222205,249222205,1782867179257880,True,True
89892951,0.07240000,82660.35000000,249222206,249222215,1782867183259940,False,True
89892952,0.07250000,12019.84000000,249222216,249222222,1782867183259940,False,True
89892953,0.07240000,1000.00000000,249222223,249222223,1782867183261961,True,True
89892954,0.07240000,3040.19000000,249222224,249222228,1782867186532785,True,True
89892955,0.07240000,16452.57000000,249222229,249222234,1782867192820145,False,True
89892956,0.07240000,38669.27000000,249222235,249222244,1782867205225048,True,True
89892957,0.07240000,1000.00000000,249222245,249222245,1782867205228896,False,True
89892958,0.07240000,3526.28000000,249222246,249222246,1782867230306500,False,True
89892959,0.07240000,13512.06000000,249222247,249222252,1782867234369334,False,True
89892960,0.07240000,1627.61000000,249222253,249222253,1782867234403215,True,True
89892961,0.07240000,221.34000000,249222254,249222256,1782867235138611,False,True
89892962,0.07240000,2897.01000000,249222257,249222260,1782867236042693,True,True
89892963,0.07240000,18949.36000000,249222261,249222261,1782867237210752,False,True
89892964,0.07240000,2897.01000000,249222262,249222265,1782867237212176,False,True
89892965,0.07230000,2703.49000000,249222266,249222267,1782867242449906,True,True
89892966,0.07240000,12432.02000000,249222268,249222269,1782867248658503,False,True
89892967,0.07230000,59459.72000000,249222270,249222272,1782867256124133,True,True
89892968,0.07230000,11012.40000000,249222273,249222281,1782867256124183,True,True
89892969,0.07220000,14977.29000000,249222282,249222283,1782867256124570,True,True
89892970,0.07220000,14977.54000000,249222284,249222285,1782867256124902,True,True
89892971,0.07220000,1728.97000000,249222286,249222286,1782867256165362,True,True
89892972,0.07230000,49520.46000000,249222287,249222294,1782867257142898,False,True
89892973,0.07230000,209.73000000,249222295,249222295,1782867270381651,True,True
89892974,0.07240000,5425.90000000,249222296,249222297,1782867278441893,False,True
89892975,0.07240000,112288.26000000,249222298,249222310,1782867296729579,False,True
89892976,0.07230000,18278.18000000,249222311,249222312,1782867297714858,True,True
89892977,0.07230000,142.12000000,249222313,249222313,1782867299048807,True,True
89892978,0.07240000,13742.71000000,249222314,249222314,1782867308099284,False,True
89892979,0.07240000,51898.49000000,249222315,249222327,1782867308099296,False,True
89892980,0.07240000,5542.33000000,249222328,249222330,1782867308099325,False,True
89892981,0.07240000,1523.61000000,249222331,249222331,1782867354454971,True,True
89892982,0.07240000,976.25000000,249222332,249222332,1782867364466757,True,True
89892983,0.07240000,83.59000000,249222333,249222333,1782867375589683,True,True
89892984,0.07240000,242.11000000,249222334,249222334,1782867375976571,True,True
89892985,0.07240000,82783.72000000,249222335,249222343,1782867393747612,True,True
89892986,0.07230000,5111.72000000,249222344,249222345,1782867430780599,True,True
89892987,0.07240000,1419.99000000,249222346,249222346,1782867435908064,False,True
89892988,0.07230000,6055.18000000,249222347,249222353,1782867560959473,True,True
89892989,0.07230000,1763.02000000,249222354,249222354,1782867561436638,True,True
89892990,0.07230000,933.00000000,249222355,249222355,1782867563339830,True,True
89892991,0.07230000,183.29000000,249222356,249222356,1782867572698674,True,True
89892992,0.07240000,103.81000000,249222357,249222358,1782867615225696,False,True
89892993,0.07230000,173166.80000000,249222359,249222365,1782867618896390,True,True
89892994,0.07230000,436.85000000,249222366,249222370,1782867618897829,True,True
89892995,0.07220000,5763.00000000,249222371,249222372,1782867618901303,True,True
89892996,0.07230000,33889.00000000,249222373,249222380,1782867636441860,False,True
89892997,0.07230000,1815.68000000,249222381,249222382,1782867636442548,False,True
89892998,0.07230000,10871.07000000,249222383,249222384,1782867636443068,False,True
89892999,0.07230000,12778.67000000,249222385,249222385,1782867636755304,True,True
89893000,0.07230000,2256.00000000,249222386,249222387,1782867649949455,True,True
89893001,0.07230000,671.80000000,249222388,249222391,1782867663073995,True,True
89893002,0.07230000,708.75000000,249222392,249222394,1782867663301522,False,True
89893003,0.07230000,112.50000000,249222395,249222395,1782867663302747,False,True
89893004,0.07240000,708.75000000,249222396,249222396,1782867663325784,False,True
89893005,0.07240000,6909.21000000,249222397,249222400,1782867681658478,False,True
89893006,0.07230000,11856.60000000,249222401,249222404,1782867689502513,True,True
89893007,0.07220000,4893.75000000,249222405,249222405,1782867689508462,True,True
89893008,0.07230000,298.17000000,249222406,249222409,1782867694732451,False,True
89893009,0.07230000,22362.45000000,249222410,249222413,1782867696540207,True,True
89893010,0.07230000,79000.00000000,249222414,249222423,1782867698393966,False,True
89893011,0.07230000,138.68000000,249222424,249222424,1782867698393994,False,True
89893012,0.07230000,221.89000000,249222425,249222427,1782867698395446,False,True
89893013,0.07230000,6276.24000000,249222428,249222429,1782867698557510,True,True
89893014,0.07230000,14764.24000000,249222430,249222435,1782867700452451,False,True
89893015,0.07230000,498.28000000,249222436,249222436,1782867701187024,True,True
89893016,0.07240000,13738.82000000,249222437,249222445,1782867710839089,False,True
89893017,0.07240000,7334.82000000,249222446,249222449,1782867710840253,False,True
89893018,0.07240000,221.67000000,249222450,249222452,1782867710841774,False,True
89893019,0.07250000,56900.94000000,249222453,249222458,1782867710869882,False,True
89893020,0.07250000,79000.00000000,249222459,249222464,1782867710871304,False,True
89893021,0.07250000,29466.90000000,249222465,249222470,1782867710872448,False,True
89893022,0.07250000,17848.89000000,249222471,249222472,1782867710872819,False,True
89893023,0.07250000,1000.00000000,249222473,249222473,1782867711166525,True,True
89893024,0.07250000,3172.04000000,249222474,249222478,1782867711772184,True,True
89893025,0.07250000,24124.58000000,249222479,249222482,1782867712602183,True,True
89893026,0.07250000,73.67000000,249222483,249222483,1782867712603314,True,True
89893027,0.07240000,5103.08000000,249222484,249222484,1782867713036967,True,True
89893028,0.07250000,3571.06000000,249222485,249222485,1782867714169484,False,True
89893029,0.07250000,103.52000000,249222486,249222487,1782867722256044,False,True
89893030,0.07250000,103.52000000,249222488,249222489,1782867722256109,False,True
89893031,0.07250000,103.52000000,249222490,249222490,1782867722256133,False,True
89893032,0.07250000,103.52000000,249222491,249222491,1782867722256266,False,True
89893033,0.07250000,103.52000000,249222492,249222492,1782867722256404,False,True
89893034,0.07250000,103.52000000,249222493,249222493,1782867722256636,False,True
89893035,0.07250000,12426.54000000,249222494,249222497,1782867722257970,False,True
89893036,0.07250000,6561.80000000,249222498,249222502,1782867730499213,True,True
89893037,0.07250000,137.93000000,249222503,249222503,1782867735570646,False,True
89893038,0.07240000,492.92000000,249222504,249222504,1782867751008168,True,True
89893039,0.07240000,23961.74000000,249222505,249222514,1782867751008177,True,True
89893040,0.07240000,413.23000000,249222515,249222516,1782867751009001,True,True
89893041,0.07230000,16419.17000000,249222517,249222517,1782867751011176,True,True
89893042,0.07240000,688.70000000,249222518,249222518,1782867775859327,False,True
89893043,0.07230000,4847.39000000,249222519,249222519,1782867784051680,True,True
89893044,0.07230000,66466.90000000,249222520,249222525,1782867846136533,True,True
89893045,0.07230000,2838.40000000,249222526,249222533,1782867846137796,True,True
89893046,0.07220000,9018.00000000,249222534,249222536,1782867846139299,True,True
89893047,0.07220000,5949.00000000,249222537,249222537,1782867846140920,True,True
89893048,0.07220000,118882.49000000,249222538,249222554,1782867857357059,True,True
89893049,0.07210000,20220.00000000,249222555,249222564,1782867863111669,True,True
89893050,0.07200000,3030.14000000,249222565,249222565,1782867864121178,True,True
89893051,0.07210000,693.48000000,249222566,249222566,1782867869397080,False,True
89893052,0.07210000,7498.71000000,249222567,249222567,1782867876233072,False,True
89893053,0.07200000,37440.39000000,249222568,249222580,1782867899577634,True,True
89893054,0.07190000,16419.14000000,249222581,249222581,1782867899577870,True,True
89893055,0.07190000,16442.00000000,249222582,249222583,1782867899577945,True,True
89893056,0.07190000,1301.23000000,249222584,249222584,1782867904789153,True,True
89893057,0.07200000,12065.30000000,249222585,249222585,1782867905120815,False,True
89893058,0.07190000,2704.59000000,249222586,249222596,1782867915313740,True,True
89893059,0.07190000,66127.42000000,249222597,249222605,1782867915333433,False,True
89893060,0.07190000,4521.00000000,249222606,249222606,1782867917178801,True,True
89893061,0.07190000,73.76000000,249222607,249222607,1782867917181770,True,True
89893062,0.07190000,10430.00000000,249222608,249222614,1782867917183483,True,True
89893063,0.07190000,222.99000000,249222615,249222617,1782867918074021,False,True
89893064,0.07190000,3817.07000000,249222618,249222621,1782867924291582,True,True
89893065,0.07180000,3064.00000000,249222622,249222622,1782867924571248,True,True
89893066,0.07180000,2786.00000000,249222623,249222623,1782867924629055,True,True
89893067,0.07190000,760.31000000,249222624,249222626,1782867925403304,False,True
89893068,0.07190000,223.21000000,249222627,249222629,1782867925411082,False,True
89893069,0.07190000,87479.61000000,249222630,249222640,1782867936866700,True,True
89893070,0.07200000,1109.65000000,249222641,249222643,1782867955960912,False,True
89893071,0.07200000,3045.06000000,249222644,249222645,1782867955962016,False,True
89893072,0.07200000,17545.32000000,249222646,249222655,1782867955963110,False,True
89893073,0.07200000,1003.74000000,249222656,249222660,1782867969895784,True,True
89893074,0.07190000,4488.65000000,249222661,249222669,1782867996175824,True,True
89893075,0.07190000,595.05000000,249222670,249222672,1782867997590376,False,True
89893076,0.07190000,459.09000000,249222673,249222677,1782868002716348,False,True
89893077,0.07190000,1017.43000000,249222678,249222682,1782868006194098,True,True
89893078,0.07180000,2141.94000000,249222683,249222695,1782868009287205,True,True
89893079,0.07180000,1056.29000000,249222696,249222696,1782868009291939,False,True
89893080,0.07180000,61870.95000000,249222697,249222703,1782868009452773,False,True
89893081,0.07190000,154123.86000000,249222704,249222719,1782868009452773,False,True
89893082,0.07180000,4130.00000000,249222720,249222724,1782868011796606,True,True
89893083,0.07180000,26286.00000000,249222725,249222732,1782868021256944,False,True
89893084,0.07180000,1000.00000000,249222733,249222733,1782868021258801,True,True
89893085,0.07180000,2899.32000000,249222734,249222737,1782868021343904,True,True
89893086,0.07170000,85.77000000,249222738,249222738,1782868028879887,True,True
89893087,0.07170000,151.39000000,249222739,249222739,1782868037681084,True,True
89893088,0.07170000,5599.85000000,249222740,249222748,1782868045139454,True,True
89893089,0.07170000,49888.79000000,249222749,249222756,1782868045139464,True,True
89893090,0.07160000,16488.00000000,249222757,249222757,1782868045142471,True,True
89893091,0.07160000,3073.00000000,249222758,249222766,1782868045393549,True,True
89893092,0.07160000,2794.00000000,249222767,249222767,1782868045418753,True,True
89893093,0.07160000,22374.36000000,249222768,249222769,1782868051855619,True,True
89893094,0.07160000,41174.55000000,249222770,249222778,1782868054345765,True,True
89893095,0.07160000,42905.02000000,249222779,249222781,1782868054490714,False,True
89893096,0.07150000,279.32000000,249222782,249222782,1782868054530908,True,True
89893097,0.07160000,16088.00000000,249222783,249222789,1782868057581796,False,True
89893098,0.07160000,40635.26000000,249222790,249222796,1782868059129683,True,True
89893099,0.07160000,1092.67000000,249222797,249222797,1782868071354486,False,True
89893100,0.07160000,114790.13000000,249222798,249222814,1782868077910791,False,True
89893101,0.07160000,1000.00000000,249222815,249222815,1782868077912984,True,True
89893102,0.07160000,56031.63000000,249222816,249222816,1782868082773228,True,True
89893103,0.07160000,46237.31000000,249222817,249222821,1782868082773506,True,True
89893104,0.07160000,46723.52000000,249222822,249222829,1782868086009102,False,True
89893105,0.07160000,29970.00000000,249222830,249222830,1782868089796690,True,True
89893106,0.07160000,4893.75000000,249222831,249222831,1782868089807927,True,True
89893107,0.07160000,29660.00000000,249222832,249222832,1782868089821996,True,True
89893108,0.07160000,4893.75000000,249222833,249222833,1782868089844557,True,True
89893109,0.07160000,1161.43000000,249222834,249222834,1782868093091622,True,True
89893110,0.07160000,2322.86000000,249222835,249222835,1782868093347149,True,True
89893111,0.07160000,32762.69000000,249222836,249222836,1782868095193418,True,True
89893112,0.07160000,158000.00000000,249222837,249222837,1782868095193474,True,True
89893113,0.07160000,79000.00000000,249222838,249222838,1782868095193518,True,True
89893114,0.07160000,26355.76000000,249222839,249222839,1782868095193873,True,True
89893115,0.07160000,79000.00000000,249222840,249222840,1782868095194760,True,True
89893116,0.07160000,79000.00000000,249222841,249222841,1782868095194902,True,True
89893117,0.07160000,79000.00000000,249222842,249222842,1782868095194935,True,True
89893118,0.07160000,2418.29000000,249222843,249222843,1782868095195017,True,True
89893119,0.07160000,33889.00000000,249222844,249222844,1782868095195028,True,True
89893120,0.07160000,38637.85000000,249222845,249222849,1782868095195035,True,True
89893121,0.07150000,96.93000000,249222850,249222850,1782868099123447,True,True
89893122,0.07150000,5102.66000000,249222851,249222864,1782868118757872,True,True
89893123,0.07150000,6760.00000000,249222865,249222870,1782868119803402,False,True
89893124,0.07150000,68.08000000,249222871,249222871,1782868119805270,False,True
89893125,0.07150000,224.64000000,249222872,249222874,1782868120441321,True,True
89893126,0.07140000,2802.00000000,249222875,249222877,1782868120633153,True,True
89893127,0.07140000,3082.00000000,249222878,249222878,1782868120645981,True,True
89893128,0.07140000,2787.79000000,249222879,249222879,1782868124261855,True,True
89893129,0.07140000,23596.67000000,249222880,249222888,1782868127952203,True,True
89893130,0.07140000,795.05000000,249222889,249222892,1782868131402180,True,True
89893131,0.07130000,16580.00000000,249222893,249222897,1782868131404920,True,True
89893132,0.07140000,36051.95000000,249222898,249222909,1782868132942629,False,True
89893133,0.07150000,3498.22000000,249222910,249222910,1782868135578390,False,True
89893134,0.07150000,25863.48000000,249222911,249222921,1782868141451803,False,True
89893135,0.07160000,835.00000000,249222922,249222922,1782868149913021,False,True
89893136,0.07150000,116.36000000,249222923,249222923,1782868153358606,True,True
89893137,0.07150000,1267.71000000,249222924,249222929,1782868170941204,True,True
89893138,0.07150000,699.30000000,249222930,249222930,1782868172026628,False,True
89893139,0.07150000,4156.70000000,249222931,249222936,1782868172247110,False,True
89893140,0.07150000,514.75000000,249222937,249222940,1782868175541181,True,True
89893141,0.07140000,2802.00000000,249222941,249222941,1782868175709449,True,True
89893142,0.07150000,20517.03000000,249222942,249222949,1782868187087737,False,True
89893143,0.07160000,2261.51000000,249222950,249222953,1782868187498623,False,True
89893144,0.07150000,1000.00000000,249222954,249222956,1782868188876239,True,True
89893145,0.07150000,928.60000000,249222957,249222959,1782868188887898,True,True
89893146,0.07150000,23709.23000000,249222960,249222965,1782868192968308,True,True
89893147,0.07150000,55125.60000000,249222966,249222971,1782868192973090,False,True
89893148,0.07150000,74.77000000,249222972,249222972,1782868192974950,False,True
89893149,0.07150000,74.77000000,249222973,249222973,1782868192976283,False,True
89893150,0.07150000,74.77000000,249222974,249222974,1782868192977165,False,True
89893151,0.07150000,1414.11000000,249222975,249222975,1782868198439981,True,True
89893152,0.07150000,246.72000000,249222976,249222976,1782868200288495,True,True
89893153,0.07150000,109.59000000,249222977,249222977,1782868200306230,True,True
89893154,0.07150000,633.81000000,249222978,249222982,1782868211889858,True,True
89893155,0.07140000,2168.19000000,249222983,249222983,1782868211889858,True,True
89893156,0.07140000,4663.16000000,249222984,249222993,1782868217235837,True,True
89893157,0.07140000,74.99000000,249222994,249222994,1782868217235911,True,True
89893158,0.07130000,16580.00000000,249222995,249222998,1782868217237558,True,True
89893159,0.07130000,16602.28000000,249222999,249223000,1782868217237562,True,True
89893160,0.07130000,2801.00000000,249223001,249223001,1782868217399690,True,True
89893161,0.07130000,2807.00000000,249223002,249223002,1782868217464354,True,True
89893162,0.07140000,598.19000000,249223003,249223003,1782868218387391,False,True
89893163,0.07130000,6380.01000000,249223004,249223005,1782868223789851,True,True
89893164,0.07130000,6386.00000000,249223006,249223009,1782868227919370,True,True
89893165,0.07130000,8523.00000000,249223010,249223017,1782868227962012,True,True
89893166,0.07130000,809.52000000,249223018,249223021,1782868230089568,True,True
89893167,0.07120000,9640.48000000,249223022,249223022,1782868230089568,True,True
89893168,0.07120000,6413.00000000,249223023,249223023,1782868230089831,True,True
89893169,0.07130000,23096.58000000,249223024,249223028,1782868230123513,False,True
89893170,0.07130000,133.00000000,249223029,249223030,1782868233193468,True,True
89893171,0.07130000,101.00000000,249223031,249223032,1782868233549808,True,True
89893172,0.07130000,7804.00000000,249223033,249223036,1782868235230248,True,True
89893173,0.07130000,978.13000000,249223037,249223038,1782868235233970,True,True
89893174,0.07120000,3802.87000000,249223039,249223040,1782868235233970,True,True
89893175,0.07130000,25377.07000000,249223041,249223042,1782868235270450,False,True
89893176,0.07130000,235.96000000,249223043,249223043,1782868235320935,False,True
89893177,0.07130000,1392.17000000,249223044,249223044,1782868235893997,True,True
89893178,0.07130000,224.97000000,249223045,249223047,1782868236224492,True,True
89893179,0.07120000,7863.03000000,249223048,249223048,1782868236224492,True,True
89893180,0.07130000,875.15000000,249223049,249223054,1782868236832198,False,True
89893181,0.07140000,39277.63000000,249223055,249223059,1782868236832198,False,True
89893182,0.07130000,3336.58000000,249223060,249223063,1782868238152761,True,True
89893183,0.07130000,5208.77000000,249223064,249223067,1782868238865035,False,True
89893184,0.07130000,12782.04000000,249223068,249223072,1782868241517654,False,True
89893185,0.07130000,82.70000000,249223073,249223074,1782868242178484,True,True
89893186,0.07130000,1430.00000000,249223075,249223079,1782868244105655,False,True
89893187,0.07130000,69.45000000,249223080,249223080,1782868244105708,False,True
89893188,0.07130000,2901.00000000,249223081,249223084,1782868244574501,True,True
89893189,0.07120000,9652.43000000,249223085,249223085,1782868245229466,True,True
89893190,0.07120000,14394.16000000,249223086,249223097,1782868245330138,True,True
89893191,0.07120000,65633.58000000,249223098,249223103,1782868245330179,True,True
89893192,0.07110000,6086.00000000,249223104,249223107,1782868245331890,True,True
89893193,0.07110000,50299.30000000,249223108,249223114,1782868245331890,True,True
89893194,0.07110000,9309.00000000,249223115,249223115,1782868245332126,True,True
89893195,0.07120000,84.30000000,249223116,249223117,1782868245510032,False,True
89893196,0.07120000,28810.81000000,249223118,249223125,1782868245779240,False,True
89893197,0.07120000,3852.10000000,249223126,249223126,1782868249013006,True,True
89893198,0.07120000,20926.71000000,249223127,249223127,1782868249013540,True,True
89893199,0.07120000,10380.01000000,249223128,249223133,1782868249013598,True,True
89893200,0.07120000,6202.24000000,249223134,249223134,1782868249016349,False,True
89893201,0.07120000,26216.37000000,249223135,249223139,1782868249016354,False,True
89893202,0.07120000,150.22000000,249223140,249223141,1782868249019138,False,True
89893203,0.07120000,691.44000000,249223142,249223143,1782868249020008,False,True
89893204,0.07130000,5610.09000000,249223144,249223144,1782868250198888,False,True
89893205,0.07120000,105.27000000,249223145,249223146,1782868250624263,True,True
89893206,0.07120000,2898.44000000,249223147,249223150,1782868250629033,True,True
89893207,0.07120000,42777.57000000,249223151,249223155,1782868250823536,False,True
89893208,0.07120000,252.93000000,249223156,249223158,1782868250865955,False,True
89893209,0.07120000,808.09000000,249223159,249223163,1782868251247451,False,True
89893210,0.07120000,12040.00000000,249223164,249223168,1782868251725588,True,True
89893211,0.07120000,84.27000000,249223169,249223169,1782868252941692,False,True
89893212,0.07120000,69.30000000,249223170,249223170,1782868254050235,False,True
89893213,0.07110000,1368.00000000,249223171,249223171,1782868255409434,True,True
89893214,0.07110000,1408.00000000,249223172,249223173,1782868255414850,True,True
89893215,0.07110000,37952.88000000,249223174,249223184,1782868255859341,True,True
89893216,0.07100000,4580.00000000,249223185,249223190,1782868255859701,True,True
89893217,0.07100000,45787.49000000,249223191,249223197,1782868255859701,True,True
89893218,0.07100000,141.44000000,249223198,249223198,1782868255859701,True,True
89893219,0.07100000,2899.00000000,249223199,249223199,1782868255859759,True,True
89893220,0.07100000,78.00000000,249223200,249223200,1782868255860612,True,True
89893221,0.07110000,75506.09000000,249223201,249223214,1782868256124180,False,True
89893222,0.07110000,5086.00000000,249223215,249223215,1782868256155939,True,True
89893223,0.07110000,5090.56000000,249223216,249223216,1782868256156211,True,True
89893224,0.07110000,2819.00000000,249223217,249223217,1782868256451123,True,True
89893225,0.07110000,1019.17000000,249223218,249223222,1782868257077075,True,True
89893226,0.07100000,2800.00000000,249223223,249223223,1782868257077482,True,True
89893227,0.07110000,35189.62000000,249223224,249223228,1782868257186475,False,True
89893228,0.07110000,140.78000000,249223229,249223229,1782868257544434,False,True
89893229,0.07110000,1835.00000000,249223230,249223230,1782868257578490,True,True
89893230,0.07110000,4840.00000000,249223231,249223232,1782868257578729,True,True
89893231,0.07110000,7342.00000000,249223233,249223235,1782868257578768,True,True
89893232,0.07110000,18905.00000000,249223236,249223236,1782868257578844,True,True
89893233,0.07110000,3138.00000000,249223237,249223237,1782868257578930,True,True
89893234,0.07110000,2936.00000000,249223238,249223238,1782868257578933,True,True
89893235,0.07110000,676.50000000,249223239,249223240,1782868257580169,True,True
89893236,0.07110000,54340.05000000,249223241,249223250,1782868258724504,False,True
89893237,0.07110000,2618.00000000,249223251,249223251,1782868259009228,True,True
89893238,0.07110000,2360.11000000,249223252,249223252,1782868259009268,True,True
89893239,0.07110000,2367.61000000,249223253,249223258,1782868259095933,True,True
89893240,0.07100000,7415.39000000,249223259,249223261,1782868259095933,True,True
89893241,0.07100000,2818.00000000,249223262,249223264,1782868259396995,True,True
89893242,0.07110000,114716.45000000,249223265,249223276,1782868260240474,False,True
89893243,0.07120000,23903.01000000,249223277,249223278,1782868260240474,False,True
89893244,0.07110000,6428.23000000,249223279,249223282,1782868260243095,True,True
89893245,0.07110000,11629.25000000,249223283,249223283,1782868260245802,False,True
89893246,0.07110000,6202.24000000,249223284,249223284,1782868260516915,False,True
89893247,0.07120000,26123.75000000,249223285,249223295,1782868261253962,False,True
89893248,0.07120000,6231.29000000,249223296,249223296,1782868261390575,True,True
89893249,0.07130000,98.61000000,249223297,249223297,1782868262307808,False,True
89893250,0.07120000,1885.00000000,249223298,249223302,1782868262399786,True,True
89893251,0.07120000,128.00000000,249223303,249223303,1782868262416049,True,True
89893252,0.07120000,1361.00000000,249223304,249223309,1782868264070694,True,True
89893253,0.07120000,651.00000000,249223310,249223310,1782868264079070,True,True
89893254,0.07120000,721.58000000,249223311,249223313,1782868264124036,True,True
89893255,0.07110000,2814.00000000,249223314,249223314,1782868264551484,True,True
89893256,0.07120000,150.22000000,249223315,249223316,1782868264956522,False,True
89893257,0.07120000,225.55000000,249223317,249223319,1782868264959268,False,True
89893258,0.07130000,1149.85000000,249223320,249223323,1782868269925357,False,True
89893259,0.07130000,22158.93000000,249223324,249223335,1782868269927679,False,True
89893260,0.07130000,847.94000000,249223336,249223337,1782868273091179,True,True
89893261,0.07130000,3456.24000000,249223338,249223343,1782868273162588,True,True
89893262,0.07120000,5773.17000000,249223344,249223344,1782868273162588,True,True
89893263,0.07130000,3545.88000000,249223345,249223350,1782868276963785,False,True
89893264,0.07130000,7035.21000000,249223351,249223355,1782868283949937,True,True
89893265,0.07130000,883.33000000,249223356,249223360,1782868284439912,False,True
89893266,0.07140000,34686.14000000,249223361,249223362,1782868309953588,False,True
89893267,0.07130000,3099.40000000,249223363,249223368,1782868313672809,True,True
89893268,0.07140000,30049.47000000,249223369,249223388,1782868319828263,False,True
89893269,0.07140000,84.24000000,249223389,249223389,1782868320049981,True,True
89893270,0.07140000,9156.24000000,249223390,249223390,1782868341917325,True,True
89893271,0.07140000,5348.45000000,249223391,249223391,1782868341920204,True,True
89893272,0.07140000,5975.61000000,249223392,249223399,1782868341920556,True,True
89893273,0.07140000,160.66000000,249223400,249223400,1782868348979764,False,True
89893274,0.07130000,10999.00000000,249223401,249223401,1782868355360796,True,True
89893275,0.07130000,105.12000000,249223402,249223402,1782868363778665,True,True
89893276,0.07130000,105.12000000,249223403,249223403,1782868363778692,True,True
89893277,0.07130000,105.12000000,249223404,249223404,1782868363779400,True,True
89893278,0.07130000,3046.22000000,249223405,249223414,1782868364509884,True,True
89893279,0.07120000,8338.77000000,249223415,249223415,1782868364509884,True,True
89893280,0.07120000,2355.00000000,249223416,249223416,1782868364984706,True,True
89893281,0.07120000,398.21000000,249223417,249223417,1782868365051657,True,True
89893282,0.07120000,3328.27000000,249223418,249223418,1782868365051991,True,True
89893283,0.07120000,295.49000000,249223419,249223419,1782868365052392,True,True
89893284,0.07120000,1112.01000000,249223420,249223420,1782868365052548,True,True
89893285,0.07120000,4605.81000000,249223421,249223428,1782868365053146,True,True
89893286,0.07120000,2746.81000000,249223429,249223433,1782868365056391,True,True
89893287,0.07110000,6912.00000000,249223434,249223435,1782868365067511,True,True
89893288,0.07110000,1149.85000000,249223436,249223436,1782868365450447,True,True
89893289,0.07110000,1010.20000000,249223437,249223444,1782868365615126,True,True
89893290,0.07110000,75.11000000,249223445,249223445,1782868365617142,True,True
89893291,0.07100000,984.10000000,249223446,249223446,1782868365894148,True,True
89893292,0.07100000,23942.72000000,249223447,249223459,1782868365928599,True,True
89893293,0.07090000,1432.82000000,249223460,249223460,1782868366107644,True,True
89893294,0.07100000,3000.00000000,249223461,249223463,1782868366349144,False,True
89893295,0.07090000,19632.19000000,249223464,249223481,1782868366601741,True,True
89893296,0.07090000,1560.79000000,249223482,249223490,1782868366638996,True,True
89893297,0.07080000,11399.21000000,249223491,249223494,1782868366638996,True,True
89893298,0.07080000,1287.43000000,249223495,249223495,1782868366642461,True,True
89893299,0.07080000,1256.52000000,249223496,249223496,1782868366642811,True,True
89893300,0.07090000,76.46000000,249223497,249223497,1782868366645880,False,True
89893301,0.07090000,2830.00000000,249223498,249223501,1782868366706082,False,True
89893302,0.07100000,102131.55000000,249223502,249223512,1782868366985892,False,True
89893303,0.07110000,30444.91000000,249223513,249223514,1782868367023588,False,True
89893304,0.07100000,6699.70000000,249223515,249223519,1782868367394910,True,True
89893305,0.07100000,8322.59000000,249223520,249223521,1782868367689536,False,True
89893306,0.07100000,12778.67000000,249223522,249223522,1782868369145111,True,True
89893307,0.07100000,10880.00000000,249223523,249223524,1782868369182577,True,True
89893308,0.07100000,15861.64000000,249223525,249223532,1782868369622923,True,True
89893309,0.07100000,14057.13000000,249223533,249223536,1782868369864144,True,True
89893310,0.07100000,225.99000000,249223537,249223539,1782868369961311,True,True
89893311,0.07090000,150.66000000,249223540,249223540,1782868369970536,True,True
89893312,0.07090000,2822.00000000,249223541,249223541,1782868370027448,True,True
89893313,0.07100000,6202.24000000,249223542,249223542,1782868370144898,True,True
89893314,0.07100000,6202.24000000,249223543,249223543,1782868370196423,True,True
89893315,0.07100000,8187.00000000,249223544,249223544,1782868370941452,True,True
89893316,0.07100000,521.00000000,249223545,249223545,1782868371196895,True,True
89893317,0.07100000,2667.00000000,249223546,249223546,1782868372471891,True,True
89893318,0.07100000,1115.00000000,249223547,249223547,1782868372472151,True,True
89893319,0.07100000,140.74000000,249223548,249223549,1782868372491032,True,True
89893320,0.07100000,4669.05000000,249223550,249223553,1782868372559224,True,True
89893321,0.07100000,75.33000000,249223554,249223554,1782868372560013,True,True
89893322,0.07100000,1467.55000000,249223555,249223555,1782868373247108,False,True
89893323,0.07100000,16880.39000000,249223556,249223561,1782868373708179,False,True
89893324,0.07100000,33889.00000000,249223562,249223566,1782868375077901,True,True
89893325,0.07100000,3352.74000000,249223567,249223567,1782868375081603,True,True
89893326,0.07100000,10218.26000000,249223568,249223572,1782868375082235,True,True
89893327,0.07100000,10164.83000000,249223573,249223576,1782868375138616,False,True
89893328,0.07100000,75.33000000,249223577,249223577,1782868375139578,False,True
89893329,0.07100000,6428.23000000,249223578,249223581,1782868375413236,True,True
89893330,0.07090000,2822.00000000,249223582,249223582,1782868375628893,True,True
89893331,0.07090000,1230.44000000,249223583,249223588,1782868375796130,True,True
89893332,0.07090000,225.99000000,249223589,249223591,1782868375799042,True,True
89893333,0.07090000,771.03000000,249223592,249223595,1782868375939440,False,True
89893334,0.07100000,43324.56000000,249223596,249223599,1782868375998571,False,True
89893335,0.07090000,10164.83000000,249223600,249223600,1782868376613646,True,True
89893336,0.07090000,19140.57000000,249223601,249223601,1782868376613773,True,True
89893337,0.07090000,2532.81000000,249223602,249223605,1782868376615616,True,True
89893338,0.07080000,15655.01000000,249223606,249223609,1782868376617463,True,True
89893339,0.07090000,10000.00000000,249223610,249223614,1782868378988485,False,True
89893340,0.07080000,7029.00000000,249223615,249223622,1782868379173118,True,True
89893341,0.07080000,395.00000000,249223623,249223623,1782868379256663,True,True
89893342,0.07090000,599.35000000,249223624,249223624,1782868379385359,False,True
89893343,0.07090000,10481.36000000,249223625,249223629,1782868380128302,False,True
89893344,0.07090000,10133.85000000,249223630,249223630,1782868380245595,True,True
89893345,0.07090000,351.70000000,249223631,249223631,1782868380626548,True,True
89893346,0.07090000,2810.46000000,249223632,249223632,1782868381833984,True,True
89893347,0.07090000,3847.01000000,249223633,249223633,1782868381984889,True,True
89893348,0.07090000,397.11000000,249223634,249223637,1782868382553440,True,True
89893349,0.07090000,75.56000000,249223638,249223638,1782868382553500,True,True
89893350,0.07090000,5070.00000000,249223639,249223644,1782868382863589,False,True
89893351,0.07090000,6202.24000000,249223645,249223645,1782868382865429,False,True
89893352,0.07090000,2301.81000000,249223646,249223646,1782868384301846,True,True
89893353,0.07090000,1163.00000000,249223647,249223647,1782868384301853,True,True
89893354,0.07090000,9204.31000000,249223648,249223652,1782868384405794,True,True
89893355,0.07080000,1592.00000000,249223653,249223655,1782868384407585,True,True
89893356,0.07090000,6419.44000000,249223656,249223657,1782868384483590,False,True
89893357,0.07090000,827.47000000,249223658,249223661,1782868386850520,True,True
89893358,0.07080000,2825.00000000,249223662,249223665,1782868387028361,True,True
89893359,0.07090000,12696.14000000,249223666,249223667,1782868387030861,False,True
89893360,0.07090000,16664.74000000,249223668,249223671,1782868387685703,True,True
89893361,0.07090000,366.51000000,249223672,249223675,1782868388394384,False,True
89893362,0.07090000,36519.12000000,249223676,249223680,1782868389286829,True,True
89893363,0.07090000,20251.04000000,249223681,249223681,1782868389289906,True,True
89893364,0.07090000,150.88000000,249223682,249223683,1782868389350172,True,True
89893365,0.07080000,38452.78000000,249223684,249223687,1782868390493875,True,True
89893366,0.07090000,1013.38000000,249223688,249223692,1782868393471980,False,True
89893367,0.07090000,75.44000000,249223693,249223693,1782868393472669,False,True
89893368,0.07090000,366.87000000,249223694,249223697,1782868393628624,True,True
89893369,0.07080000,2825.00000000,249223698,249223698,1782868393896044,True,True
89893370,0.07080000,919.89000000,249223699,249223703,1782868394247031,True,True
89893371,0.07080000,4863.98000000,249223704,249223709,1782868394718161,False,True
89893372,0.07080000,7296.03000000,249223710,249223713,1782868394718337,False,True
89893373,0.07090000,1048.62000000,249223714,249223719,1782868396377197,False,True
89893374,0.07090000,16743.35000000,249223720,249223724,1782868396654245,True,True
89893375,0.07090000,10253.13000000,249223725,249223725,1782868396662841,False,True
89893376,0.07090000,6202.24000000,249223726,249223726,1782868396663051,False,True
89893377,0.07090000,226.68000000,249223727,249223729,1782868396665663,False,True
89893378,0.07090000,141.94000000,249223730,249223730,1782868396857434,True,True
89893379,0.07090000,329.82000000,249223731,249223734,1782868397399541,False,True
89893380,0.07090000,297.65000000,249223735,249223738,1782868397484883,True,True
89893381,0.07080000,950.10000000,249223739,249223743,1782868398489000,True,True
89893382,0.07080000,22326.43000000,249223744,249223749,1782868398989885,False,True
89893383,0.07080000,7479.00000000,249223750,249223752,1782868400167467,True,True
89893384,0.07080000,9209.00000000,249223753,249223753,1782868400167716,True,True
89893385,0.07080000,103.29000000,249223754,249223754,1782868401042834,True,True
89893386,0.07080000,43389.83000000,249223755,249223759,1782868401199981,False,True
89893387,0.07080000,103.29000000,249223760,249223760,1782868401203803,False,True
89893388,0.07080000,6532.21000000,249223761,249223765,1782868401507945,True,True
89893389,0.07070000,5628.00000000,249223766,249223771,1782868401517686,True,True
89893390,0.07080000,103.29000000,249223772,249223772,1782868401605458,False,True
89893391,0.07090000,4490.11000000,249223773,249223781,1782868402555125,False,True
89893392,0.07090000,1019.40000000,249223782,249223785,1782868402839668,True,True
89893393,0.07090000,75.56000000,249223786,249223786,1782868402840920,True,True
89893394,0.07080000,11881.96000000,249223787,249223789,1782868403143758,True,True
89893395,0.07080000,39209.44000000,249223790,249223807,1782868403143902,True,True
89893396,0.07070000,4235.00000000,249223808,249223808,1782868403144165,True,True
89893397,0.07080000,140.94000000,249223809,249223809,1782868403147320,False,True
89893398,0.07080000,141.34000000,249223810,249223810,1782868403148494,False,True
89893399,0.07080000,31954.63000000,249223811,249223821,1782868403148927,False,True
89893400,0.07080000,26065.71000000,249223822,249223823,1782868403213629,True,True
89893401,0.07080000,19927.04000000,249223824,249223828,1782868403214368,True,True
89893402,0.07080000,6428.92000000,249223829,249223832,1782868403255227,False,True
89893403,0.07080000,226.68000000,249223833,249223835,1782868403259676,False,True
89893404,0.07080000,226.68000000,249223836,249223838,1782868403402759,False,True
89893405,0.07080000,1430.00000000,249223839,249223842,1782868403442110,True,True
89893406,0.07070000,1905.00000000,249223843,249223843,1782868405906548,True,True
89893407,0.07080000,2862.83000000,249223844,249223850,1782868408494587,False,True
89893408,0.07080000,103.29000000,249223851,249223851,1782868408702185,True,True
89893409,0.07070000,2829.00000000,249223852,249223852,1782868408979483,True,True
89893410,0.07080000,901.87000000,249223853,249223857,1782868412084534,False,True
89893411,0.07080000,1402.52000000,249223858,249223858,1782868412099650,True,True
89893412,0.07090000,14870.53000000,249223859,249223867,1782868413051736,False,True
89893413,0.07090000,283.46000000,249223868,249223869,1782868413733199,True,True
89893414,0.07090000,967.17000000,249223870,249223874,1782868417991421,False,True
89893415,0.07090000,554.81000000,249223875,249223879,1782868418780329,True,True
89893416,0.07080000,773.66000000,249223880,249223880,1782868420283648,True,True
89893417,0.07090000,13406.57000000,249223881,249223888,1782868423271438,False,True
89893418,0.07090000,4095.57000000,249223889,249223893,1782868423599737,True,True
89893419,0.07090000,4443.02000000,249223894,249223897,1782868425235073,True,True
89893420,0.07100000,15719.76000000,249223898,249223901,1782868426268365,False,True
89893421,0.07100000,24285.09000000,249223902,249223909,1782868426269568,False,True
89893422,0.07100000,86.45000000,249223910,249223910,1782868427177764,True,True
89893423,0.07110000,1357.35000000,249223911,249223914,1782868428518544,False,True
89893424,0.07110000,2386.58000000,249223915,249223920,1782868428519590,False,True
89893425,0.07120000,14597.01000000,249223921,249223921,1782868429535319,False,True
89893426,0.07120000,1928.28000000,249223922,249223922,1782868429537862,False,True
89893427,0.07110000,41945.10000000,249223923,249223928,1782868429643523,True,True
89893428,0.07110000,62225.30000000,249223929,249223936,1782868429643599,True,True
89893429,0.07110000,5965.51000000,249223937,249223938,1782868429643818,True,True
89893430,0.07110000,21726.90000000,249223939,249223939,1782868429645447,False,True
89893431,0.07110000,6427.90000000,249223940,249223943,1782868429645672,False,True
89893432,0.07110000,334.79000000,249223944,249223944,1782868429987226,True,True
89893433,0.07120000,20782.14000000,249223945,249223952,1782868430528362,False,True
89893434,0.07120000,75.33000000,249223953,249223953,1782868430529009,False,True
89893435,0.07120000,33889.00000000,249223954,249223958,1782868430688385,True,True
89893436,0.07120000,24900.00000000,249223959,249223960,1782868430689826,True,True
89893437,0.07120000,27184.09000000,249223961,249223965,1782868430690028,True,True
89893438,0.07120000,15733.26000000,249223966,249223970,1782868431184387,False,True
