172458839,2.77900000,3.39000000,275754115,275754115,1782864001407936,False,True
172458840,2.77900000,5.39000000,275754116,275754116,1782864002399620,False,True
172458841,2.77900000,311.75000000,275754117,275754117,1782864002406214,False,True
172458842,2.77900000,51.81000000,275754118,275754119,1782864002407479,False,True
172458843,2.77800000,12.34000000,275754120,275754120,1782864017156282,True,True
172458844,2.77900000,2.24000000,275754121,275754121,1782864017872211,False,True
172458845,2.77800000,431.76000000,275754122,275754122,1782864021092844,True,True
172458846,2.77900000,129.97000000,275754123,275754123,1782864046317397,False,True
172458847,2.77900000,64.98000000,275754124,275754124,1782864046318898,False,True
172458848,2.77900000,32.49000000,275754125,275754125,1782864046320455,False,True
172458849,2.77900000,16.25000000,275754126,275754126,1782864046321833,False,True
172458850,2.77900000,8.12000000,275754127,275754127,1782864046324303,False,True
172458851,2.77900000,18.75000000,275754128,275754128,1782864046467850,True,True
172458852,2.78000000,752.19000000,275754129,275754135,1782864050483813,False,True
172458853,2.78000000,1.80000000,275754136,275754136,1782864052296221,True,True
172458854,2.78000000,83.25000000,275754137,275754137,1782864059874162,False,True
172458855,2.78000000,1.80000000,275754138,275754138,1782864061823522,True,True
172458856,2.78000000,4.06000000,275754139,275754139,1782864063968098,False,True
172458857,2.78000000,2.03000000,275754140,275754140,1782864063969342,False,True
172458858,2.78000000,32.00000000,275754141,275754141,1782864065689243,False,True
172458859,2.78000000,113.78000000,275754142,275754142,1782864068681908,True,True
172458860,2.78000000,19.21000000,275754143,275754143,1782864071170593,False,True
172458861,2.78000000,100.00000000,275754144,275754145,1782864079934988,False,True
172458862,2.78000000,126.46000000,275754146,275754147,1782864086210754,True,True
172458863,2.77900000,3.36000000,275754148,275754148,1782864100111744,True,True
172458864,2.78000000,3.16000000,275754149,275754149,1782864106010084,False,True
172458865,2.77900000,14.44000000,275754150,275754150,1782864111604629,True,True
172458866,2.77900000,75.26000000,275754151,275754151,1782864114146652,True,True
172458867,2.77800000,75.53000000,275754152,275754152,1782864115077997,True,True
172458868,2.78000000,56.43000000,275754153,275754153,1782864135075267,True,True
172458869,2.78000000,57.35000000,275754154,275754154,1782864135075360,True,True
172458870,2.78100000,7049.78000000,275754155,275754158,1782864159688722,False,True
172458871,2.78100000,113.78000000,275754159,275754159,1782864170147773,True,True
172458872,2.78000000,117.49000000,275754160,275754162,1782864175243567,True,True
172458873,2.77900000,25.25000000,275754163,275754163,1782864176009837,True,True
172458874,2.77900000,451.38000000,275754164,275754167,1782864177786149,True,True
172458875,2.77900000,27.58000000,275754168,275754168,1782864177786376,True,True
172458876,2.77900000,3.60000000,275754169,275754169,1782864192427270,False,True
172458877,2.78000000,1.79000000,275754170,275754170,1782864216853567,False,True
172458878,2.78000000,161.32000000,275754171,275754174,1782864225171254,False,True
172458879,2.78000000,19.95000000,275754175,275754175,1782864251478236,True,True
172458880,2.78100000,3.60000000,275754176,275754177,1782864255493918,False,True
172458881,2.78000000,288.70000000,275754178,275754181,1782864256013301,True,True
172458882,2.78100000,14.38000000,275754182,275754184,1782864285487516,False,True
172458883,2.78100000,61.39000000,275754185,275754185,1782864295439839,False,True
172458884,2.78100000,370.00000000,275754186,275754188,1782864295441261,False,True
172458885,2.78100000,239.10000000,275754189,275754189,1782864295441400,False,True
172458886,2.78100000,92.45000000,275754190,275754190,1782864295443439,True,True
172458887,2.78200000,435.72000000,275754191,275754198,1782864301477852,False,True
172458888,2.78300000,58.55000000,275754199,275754199,1782864302699459,False,True
172458889,2.78300000,332.68000000,275754200,275754206,1782864302699992,False,True
172458890,2.78400000,232.56000000,275754207,275754215,1782864309014076,False,True
172458891,2.78400000,35.93000000,275754216,275754217,1782864315325479,True,True
172458892,2.78500000,5.38000000,275754218,275754220,1782864324198745,False,True
172458893,2.78500000,35.90000000,275754221,275754222,1782864331287177,False,True
172458894,2.78400000,239.10000000,275754223,275754230,1782864336622987,True,True
172458895,2.78400000,7.07000000,275754231,275754231,1782864336623042,True,True
172458896,2.78400000,50.00000000,275754232,275754233,1782864339267542,False,True
172458897,2.78400000,312.25000000,275754234,275754234,1782864340353372,False,True
172458898,2.78400000,186.20000000,275754235,275754239,1782864344005893,True,True
172458899,2.78400000,32.00000000,275754240,275754240,1782864344009001,True,True
172458900,2.78400000,5.24000000,275754241,275754241,1782864344009085,True,True
172458901,2.78400000,7.44000000,275754242,275754242,1782864344011839,True,True
172458902,2.78400000,359.74000000,275754243,275754243,1782864349104730,False,True
172458903,2.78400000,37.03000000,275754244,275754244,1782864370982636,True,True
172458904,2.78400000,7.40000000,275754245,275754245,1782864370984415,True,True
172458905,2.78400000,1.95000000,275754246,275754246,1782864420070190,False,True
172458906,2.78400000,710.82000000,275754247,275754252,1782864427364552,False,True
172458907,2.78500000,625.97000000,275754253,275754262,1782864427373151,False,True
172458908,2.78500000,136.50000000,275754263,275754266,1782864427374576,False,True
172458909,2.78500000,39.05000000,275754267,275754267,1782864427375625,False,True
172458910,2.78500000,50.32000000,275754268,275754269,1782864427396410,False,True
172458911,2.78500000,222.97000000,275754270,275754270,1782864427396446,False,True
172458912,2.78400000,349.08000000,275754271,275754277,1782864428095585,True,True
172458913,2.78400000,162.76000000,275754278,275754278,1782864428115531,False,True
172458914,2.78400000,159.63000000,275754279,275754281,1782864428115937,False,True
172458915,2.78400000,55.19000000,275754282,275754284,1782864428708255,True,True
172458916,2.78400000,29.35000000,275754285,275754285,1782864432376429,True,True
172458917,2.78400000,5.87000000,275754286,275754286,1782864432379324,True,True
172458918,2.78400000,3.60000000,275754287,275754287,1782864435017897,False,True
172458919,2.78400000,32.24000000,275754288,275754288,1782864479195254,False,True
172458920,2.78300000,609.65000000,275754289,275754292,1782864529144581,True,True
172458921,2.78200000,3.84000000,275754293,275754294,1782864541779296,True,True
172458922,2.78100000,481.74000000,275754295,275754303,1782864554080343,True,True
172458923,2.78200000,11.24000000,275754304,275754304,1782864577309030,False,True
172458924,2.78100000,312.45000000,275754305,275754305,1782864582221205,True,True
172458925,2.78000000,10.83000000,275754306,275754309,1782864593795774,True,True
172458926,2.78000000,4.85000000,275754310,275754310,1782864596408543,False,True
172458927,2.78100000,116.58000000,275754311,275754316,1782864596412939,False,True
172458928,2.78100000,37.65000000,275754317,275754318,1782864607561883,True,True
172458929,2.78200000,56.23000000,275754319,275754322,1782864631525505,False,True
172458930,2.78200000,11.23000000,275754323,275754324,1782864631538926,False,True
172458931,2.78300000,23.90000000,275754325,275754329,1782864647676541,False,True
172458932,2.78400000,16.80000000,275754330,275754332,1782864664892401,False,True
172458933,2.78400000,15.54000000,275754333,275754333,1782864669926031,True,True
172458934,2.78300000,425.45000000,275754334,275754337,1782864711181976,True,True
172458935,2.78200000,6.39000000,275754338,275754338,1782864731129151,True,True
172458936,2.78300000,319.73000000,275754339,275754339,1782864745496958,False,True
172458937,2.78300000,1.80000000,275754340,275754340,1782864745498194,False,True
172458938,2.78300000,62.70000000,275754341,275754341,1782864758558389,True,True
172458939,2.78300000,42.46000000,275754342,275754342,1782864758558928,True,True
172458940,2.78300000,191.70000000,275754343,275754343,1782864758559070,True,True
172458941,2.78300000,142.67000000,275754344,275754348,1782864758559216,True,True
172458942,2.78200000,46.41000000,275754349,275754352,1782864778799426,True,True
172458943,2.78200000,360.00000000,275754353,275754353,1782864793740178,False,True
172458944,2.78300000,1.86000000,275754354,275754354,1782864812223732,False,True
172458945,2.78400000,13.84000000,275754355,275754358,1782864817092035,False,True
172458946,2.78500000,23.05000000,275754359,275754362,1782864835360248,False,True
172458947,2.78600000,130.76000000,275754363,275754366,1782864845518804,False,True
172458948,2.78600000,234.39000000,275754367,275754367,1782864845518975,False,True
172458949,2.78600000,65.96000000,275754368,275754370,1782864848476168,True,True
172458950,2.78600000,51.47000000,275754371,275754371,1782864858662993,True,True
172458951,2.78700000,4.66000000,275754372,275754374,1782864870170464,False,True
172458952,2.78600000,20.87000000,275754375,275754376,1782864877159596,True,True
172458953,2.78600000,3.54000000,275754377,275754378,1782864893280215,True,True
172458954,2.78600000,7.43000000,275754379,275754381,1782864893562693,True,True
172458955,2.78500000,1.79000000,275754382,275754382,1782864904607400,True,True
172458956,2.78600000,73.91000000,275754383,275754383,1782864907741213,False,True
172458957,2.78700000,3.71000000,275754384,275754385,1782864915750126,False,True
172458958,2.78800000,2.35000000,275754386,275754386,1782864915750126,False,True
172458959,2.78700000,3.76000000,275754387,275754387,1782864920726977,True,True
172458960,2.78700000,85.25000000,275754388,275754389,1782864950857620,False,True
172458961,2.78700000,8.96000000,275754390,275754390,1782864953243749,True,True
172458962,2.78700000,83.25000000,275754391,275754391,1782864960174207,False,True
172458963,2.78800000,4.86000000,275754392,275754394,1782864976445626,False,True
172458964,2.78700000,36.59000000,275754395,275754396,1782864993756664,True,True
172458965,2.78800000,121.86000000,275754397,275754399,1782865013435126,False,True
172458966,2.78800000,2.49000000,275754400,275754400,1782865020850701,True,True
172458967,2.78800000,64.46000000,275754401,275754403,1782865029023047,False,True
172458968,2.78800000,114.33000000,275754404,275754405,1782865043315597,False,True
172458969,2.78900000,45.19000000,275754406,275754406,1782865063423624,False,True
172458970,2.78800000,35.86000000,275754407,275754407,1782865108811272,False,True
172458971,2.78700000,13.28000000,275754408,275754411,1782865109129768,True,True
172458972,2.78700000,308.15000000,275754412,275754413,1782865149932610,True,True
172458973,2.78600000,9.23000000,275754414,275754417,1782865151290000,True,True
172458974,2.78700000,168.39000000,275754418,275754424,1782865167091249,False,True
172458975,2.78700000,34.98000000,275754425,275754425,1782865167091389,False,True
172458976,2.78800000,51.04000000,275754426,275754431,1782865167096422,False,True
172458977,2.78800000,12.31000000,275754432,275754432,1782865167691025,True,True
172458978,2.78800000,185.79000000,275754433,275754433,1782865186459020,True,True
172458979,2.78900000,47.26000000,275754434,275754436,1782865209888643,False,True
172458980,2.78900000,763.81000000,275754437,275754437,1782865209888859,False,True
172458981,2.78900000,125.62000000,275754438,275754438,1782865209889721,False,True
172458982,2.78900000,309.11000000,275754439,275754439,1782865209889866,False,True
172458983,2.78900000,36.09000000,275754440,275754442,1782865209890989,False,True
172458984,2.79000000,75.04000000,275754443,275754446,1782865231835917,False,True
172458985,2.79000000,33.48000000,275754447,275754449,1782865231837771,False,True
172458986,2.79100000,107.48000000,275754450,275754452,1782865239892545,False,True
172458987,2.79000000,20.44000000,275754453,275754453,1782865250083751,True,True
172458988,2.79000000,22.77000000,275754454,275754455,1782865259343209,True,True
172458989,2.79000000,612.45000000,275754456,275754457,1782865281884829,True,True
172458990,2.79000000,312.45000000,275754458,275754458,1782865281888696,True,True
172458991,2.78900000,16.65000000,275754459,275754462,1782865292247927,True,True
172458992,2.78900000,198.14000000,275754463,275754465,1782865295498675,False,True
172458993,2.78800000,406.65000000,275754466,275754474,1782865299508624,True,True
172458994,2.78800000,71.75000000,275754475,275754476,1782865311289135,False,True
172458995,2.78800000,309.10000000,275754477,275754477,1782865311289240,False,True
172458996,2.78900000,286.43000000,275754478,275754481,1782865311289638,False,True
172458997,2.79000000,933.69000000,275754482,275754492,1782865311289800,False,True
172458998,2.79000000,96.15000000,275754493,275754493,1782865311289821,False,True
172458999,2.79100000,714.53000000,275754494,275754499,1782865311290009,False,True
172459000,2.79100000,3.76000000,275754500,275754500,1782865311293314,True,True
172459001,2.79100000,145.81000000,275754501,275754501,1782865311305194,True,True
172459002,2.79100000,97.89000000,275754502,275754502,1782865311336447,True,True
172459003,2.79100000,468.55000000,275754503,275754503,1782865311336459,True,True
172459004,2.79100000,17.96000000,275754504,275754504,1782865311338723,True,True
172459005,2.79000000,5.38000000,275754505,275754506,1782865312441696,True,True
172459006,2.78900000,1673.75000000,275754507,275754516,1782865312444920,True,True
172459007,2.78800000,10.87000000,275754517,275754521,1782865312545374,True,True
172459008,2.78700000,347.59000000,275754522,275754529,1782865312611262,True,True
172459009,2.78600000,248.98000000,275754530,275754536,1782865312687168,True,True
172459010,2.78600000,126.51000000,275754537,275754537,1782865313154908,False,True
172459011,2.78600000,87.50000000,275754538,275754540,1782865316492655,True,True
172459012,2.78500000,9.24000000,275754541,275754544,1782865317055154,True,True
172459013,2.78500000,209.76000000,275754545,275754546,1782865329953226,False,True
172459014,2.78600000,11.28000000,275754547,275754548,1782865334329234,False,True
172459015,2.78700000,248.86000000,275754549,275754554,1782865356103026,False,True
172459016,2.78800000,729.36000000,275754555,275754564,1782865360965393,False,True
172459017,2.78800000,106.96000000,275754565,275754565,1782865360967656,True,True
172459018,2.78800000,420.41000000,275754566,275754566,1782865360969073,True,True
172459019,2.78800000,122.00000000,275754567,275754567,1782865370493114,False,True
172459020,2.78900000,25.20000000,275754568,275754571,1782865380025144,False,True
172459021,2.78900000,13.77000000,275754572,275754572,1782865380544549,True,True
172459022,2.78900000,8.03000000,275754573,275754573,1782865394079587,True,True
172459023,2.78800000,7.23000000,275754574,275754576,1782865396073934,True,True
172459024,2.78800000,9.43000000,275754577,275754577,1782865413623896,False,True
172459025,2.78900000,19.38000000,275754578,275754578,1782865414845845,False,True
172459026,2.78900000,8.25000000,275754579,275754579,1782865414846980,False,True
172459027,2.78900000,10.76000000,275754580,275754580,1782865415645696,False,True
172459028,2.78800000,9.43000000,275754581,275754583,1782865422855212,True,True
172459029,2.78900000,100.00000000,275754584,275754589,1782865439125675,False,True
172459030,2.78900000,10.72000000,275754590,275754590,1782865454248938,False,True
172459031,2.78900000,7.13000000,275754591,275754593,1782865484016698,False,True
172459032,2.78900000,204.10000000,275754594,275754594,1782865498512726,False,True
172459033,2.78900000,155.00000000,275754595,275754595,1782865498513683,False,True
172459034,2.79000000,114.10000000,275754596,275754601,1782865507932101,False,True
172459035,2.79000000,91.43000000,275754602,275754602,1782865507932302,False,True
172459036,2.79000000,125.43000000,275754603,275754603,1782865507933342,False,True
172459037,2.79000000,280.06000000,275754604,275754605,1782865507981340,True,True
172459038,2.78900000,729.00000000,275754606,275754614,1782865539919350,True,True
172459039,2.78800000,332.58000000,275754615,275754621,1782865539919350,True,True
172459040,2.78800000,1402.49000000,275754622,275754626,1782865539937464,True,True
172459041,2.78800000,42.84000000,275754627,275754627,1782865539938406,True,True
172459042,2.78900000,71.81000000,275754628,275754628,1782865539951169,False,True
172459043,2.78800000,222.70000000,275754629,275754630,1782865539955113,True,True
172459044,2.78800000,835.62000000,275754631,275754635,1782865539961388,True,True
172459045,2.78800000,150.37000000,275754636,275754636,1782865539976560,True,True
172459046,2.78800000,83.25000000,275754637,275754637,1782865540000744,True,True
172459047,2.78800000,36.38000000,275754638,275754638,1782865540001000,True,True
172459048,2.78800000,74.94000000,275754639,275754641,1782865540012291,True,True
172459049,2.78800000,8.97000000,275754642,275754642,1782865547702203,True,True
172459050,2.78800000,462.47000000,275754643,275754648,1782865549240073,True,True
172459051,2.78800000,158.19000000,275754649,275754652,1782865549739273,True,True
172459052,2.78800000,125.05000000,275754653,275754655,1782865550338779,True,True
172459053,2.78800000,25.01000000,275754656,275754656,1782865551010387,True,True
172459054,2.78800000,25.01000000,275754657,275754657,1782865551029125,True,True
172459055,2.78800000,75.03000000,275754658,275754660,1782865551041545,True,True
172459056,2.78700000,178.14000000,275754661,275754666,1782865562174184,True,True
172459057,2.78700000,2.36000000,275754667,275754667,1782865562180332,True,True
172459058,2.78700000,145.90000000,275754668,275754669,1782865562181457,True,True
172459059,2.78700000,25.22000000,275754670,275754670,1782865562694956,False,True
172459060,2.78600000,3.83000000,275754671,275754672,1782865581824606,True,True
172459061,2.78500000,8.47000000,275754673,275754675,1782865586840659,True,True
172459062,2.78400000,2.48000000,275754676,275754677,1782865604421114,True,True
172459063,2.78400000,2.36000000,275754678,275754679,1782865618298759,True,True
172459064,2.78400000,15.12000000,275754680,275754680,1782865618316727,True,True
172459065,2.78400000,392.88000000,275754681,275754683,1782865618413974,False,True
172459066,2.78500000,25.31000000,275754684,275754685,1782865621997024,False,True
172459067,2.78500000,25.22000000,275754686,275754686,1782865622670947,True,True
172459068,2.78600000,21.87000000,275754687,275754692,1782865625816854,False,True
172459069,2.78600000,125.05000000,275754693,275754695,1782865627214731,True,True
172459070,2.78500000,184.69000000,275754696,275754698,1782865627214731,True,True
172459071,2.78700000,26.66000000,275754699,275754699,1782865627466087,False,True
172459072,2.78700000,76.01000000,275754700,275754702,1782865636274123,False,True
172459073,2.78700000,106.72000000,275754703,275754704,1782865636274228,False,True
172459074,2.78800000,22.22000000,275754705,275754710,1782865639400220,False,True
172459075,2.78800000,36.53000000,275754711,275754711,1782865651313803,False,True
172459076,2.78800000,151.31000000,275754712,275754712,1782865660064597,False,True
172459077,2.78800000,32.92000000,275754713,275754715,1782865666261610,False,True
172459078,2.78900000,14.41000000,275754716,275754720,1782865688914744,False,True
172459079,2.79000000,13.94000000,275754721,275754725,1782865701851088,False,True
172459080,2.79100000,423.18000000,275754726,275754732,1782865717935266,False,True
172459081,2.79100000,306.12000000,275754733,275754737,1782865717935303,False,True
172459082,2.79200000,583.69000000,275754738,275754746,1782865721699751,False,True
172459083,2.79300000,274.31000000,275754747,275754755,1782865721699751,False,True
172459084,2.79200000,4.26000000,275754756,275754756,1782865724416038,False,True
172459085,2.79100000,5.38000000,275754757,275754758,1782865730986661,True,True
172459086,2.79100000,40.13000000,275754759,275754759,1782865740306686,False,True
172459087,2.79100000,180.53000000,275754760,275754760,1782865740309127,False,True
172459088,2.79100000,100.00000000,275754761,275754761,1782865740310170,False,True
172459089,2.79200000,91.65000000,275754762,275754763,1782865744772498,False,True
172459090,2.79200000,3.91000000,275754764,275754764,1782865784202773,False,True
172459091,2.79300000,6.10000000,275754765,275754767,1782865787967656,False,True
172459092,2.79400000,206.51000000,275754768,275754771,1782865787967958,False,True
172459093,2.79400000,43.06000000,275754772,275754772,1782865787968018,False,True
172459094,2.79500000,87.39000000,275754773,275754776,1782865787968078,False,True
172459095,2.79500000,143.04000000,275754777,275754780,1782865787968103,False,True
172459096,2.79500000,81.80000000,275754781,275754781,1782865787968182,False,True
172459097,2.79500000,139.28000000,275754782,275754782,1782865787968205,False,True
172459098,2.79500000,26.42000000,275754783,275754783,1782865787968209,False,True
172459099,2.79600000,176.00000000,275754784,275754792,1782865787968487,False,True
172459100,2.79600000,358.00000000,275754793,275754795,1782865787968752,False,True
172459101,2.79600000,83.25000000,275754796,275754796,1782865787970081,False,True
172459102,2.79600000,10.00000000,275754797,275754797,1782865787972215,False,True
172459103,2.79600000,25.97000000,275754798,275754798,1782865788203788,False,True
172459104,2.79600000,8.25000000,275754799,275754799,1782865788292493,False,True
172459105,2.79500000,20.55000000,275754800,275754801,1782865789544515,True,True
172459106,2.79500000,26.93000000,275754802,275754802,1782865789746689,True,True
172459107,2.79400000,58.62000000,275754803,275754804,1782865791339469,True,True
172459108,2.79400000,266.45000000,275754805,275754806,1782865791343202,False,True
172459109,2.79500000,131.77000000,275754807,275754808,1782865798134744,False,True
172459110,2.79500000,15.52000000,275754809,275754809,1782865799288770,False,True
172459111,2.79500000,400.81000000,275754810,275754813,1782865799815961,False,True
172459112,2.79400000,151.25000000,275754814,275754816,1782865802083497,True,True
172459113,2.79500000,6.49000000,275754817,275754818,1782865802295325,False,True
172459114,2.79600000,1.97000000,275754819,275754819,1782865804773162,False,True
172459115,2.79700000,48.94000000,275754820,275754822,1782865804773162,False,True
172459116,2.79600000,40.68000000,275754823,275754823,1782865814368956,False,True
172459117,2.79500000,180.82000000,275754824,275754825,1782865822666270,False,True
172459118,2.79500000,441.58000000,275754826,275754827,1782865822687334,False,True
172459119,2.79600000,61.14000000,275754828,275754829,1782865824772549,False,True
172459120,2.79500000,184.23000000,275754830,275754830,1782865828094308,True,True
172459121,2.79500000,14.54000000,275754831,275754831,1782865828096843,True,True
172459122,2.79500000,201.35000000,275754832,275754832,1782865828100483,False,True
172459123,2.79500000,358.33000000,275754833,275754833,1782865828112973,False,True
172459124,2.79500000,188.15000000,275754834,275754835,1782865829786286,False,True
172459125,2.79500000,188.15000000,275754836,275754837,1782865829870448,False,True
172459126,2.79600000,101.72000000,275754838,275754838,1782865830732806,False,True
172459127,2.79600000,180.14000000,275754839,275754839,1782865838263599,False,True
172459128,2.79700000,2.56000000,275754840,275754841,1782865849721465,False,True
172459129,2.79700000,370.00000000,275754842,275754846,1782865851832587,False,True
172459130,2.79700000,2.21000000,275754847,275754847,1782865852042925,False,True
172459131,2.79800000,92.14000000,275754848,275754850,1782865854773598,False,True
172459132,2.79900000,132.88000000,275754851,275754856,1782865857352987,False,True
172459133,2.79900000,370.00000000,275754857,275754858,1782865860140638,True,True
172459134,2.79900000,1.79000000,275754859,275754859,1782865860141916,True,True
172459135,2.79900000,43.39000000,275754860,275754860,1782865864772319,False,True
172459136,2.79900000,320.39000000,275754861,275754864,1782865866084493,False,True
172459137,2.80000000,355.30000000,275754865,275754871,1782865870654414,False,True
172459138,2.80100000,8.21000000,275754872,275754874,1782865871460953,False,True
172459139,2.80200000,33.14000000,275754875,275754878,1782865872553943,False,True
172459140,2.80200000,42.65000000,275754879,275754879,1782865872559994,False,True
172459141,2.80200000,25.31000000,275754880,275754880,1782865872562803,False,True
172459142,2.80200000,9.52000000,275754881,275754882,1782865872578173,False,True
172459143,2.80100000,9.03000000,275754883,275754886,1782865874716055,True,True
172459144,2.80000000,9.04000000,275754887,275754890,1782865879483190,True,True
172459145,2.79900000,3.82000000,275754891,275754892,1782865883335583,True,True
172459146,2.79900000,90.11000000,275754893,275754893,1782865883763269,False,True
172459147,2.79900000,36.63000000,275754894,275754894,1782865884773117,False,True
172459148,2.79900000,86.59000000,275754895,275754895,1782865894772214,False,True
172459149,2.79900000,92.26000000,275754896,275754896,1782865908157991,False,True
172459150,2.79900000,33.14000000,275754897,275754897,1782865908158253,False,True
172459151,2.79900000,3.47000000,275754898,275754898,1782865915135038,True,True
172459152,2.79800000,22.38000000,275754899,275754902,1782865918860169,True,True
172459153,2.79900000,21.16000000,275754903,275754903,1782865924772436,False,True
172459154,2.79900000,1.85000000,275754904,275754904,1782865949765187,False,True
172459155,2.80000000,3.82000000,275754905,275754906,1782865952186215,False,True
172459156,2.80100000,3.82000000,275754907,275754908,1782865953024535,False,True
172459157,2.80200000,111.53000000,275754909,275754909,1782865953024535,False,True
172459158,2.80200000,1.78000000,275754910,275754910,1782865957139764,False,True
172459159,2.80200000,13.99000000,275754911,275754914,1782865974109411,False,True
172459160,2.80200000,12.69000000,275754915,275754915,1782865974470004,True,True
172459161,2.80200000,14.27000000,275754916,275754916,1782865988122230,False,True
172459162,2.80100000,7.20000000,275754917,275754919,1782865991990175,True,True
172459163,2.80000000,11.01000000,275754920,275754924,1782865995291658,True,True
172459164,2.79900000,6.13000000,275754925,275754925,1782865996377780,True,True
172459165,2.79900000,184.85000000,275754926,275754933,1782866010720207,True,True
172459166,2.80000000,33.14000000,275754934,275754934,1782866023896304,False,True
172459167,2.80000000,113.23000000,275754935,275754935,1782866023906898,False,True
172459168,2.80100000,1.85000000,275754936,275754936,1782866029624646,False,True
172459169,2.80000000,9.04000000,275754937,275754940,1782866046660780,True,True
172459170,2.80000000,9.07000000,275754941,275754941,1782866076963658,False,True
172459171,2.80000000,105.54000000,275754942,275754942,1782866078095873,False,True
172459172,2.80000000,160.48000000,275754943,275754943,1782866078096258,False,True
172459173,2.80100000,1.85000000,275754944,275754944,1782866078650528,False,True
172459174,2.80100000,556.74000000,275754945,275754951,1782866078892429,True,True
172459175,2.80000000,1188.92000000,275754952,275754965,1782866078892429,True,True
172459176,2.80000000,30.38000000,275754966,275754966,1782866078893907,False,True
172459177,2.80000000,146.32000000,275754967,275754967,1782866078894143,False,True
172459178,2.80000000,30.34000000,275754968,275754968,1782866078894592,False,True
172459179,2.80000000,15.18000000,275754969,275754969,1782866078894743,False,True
172459180,2.80000000,2.35000000,275754970,275754970,1782866087191505,False,True
172459181,2.80000000,241.92000000,275754971,275754971,1782866090684245,False,True
172459182,2.80000000,91.29000000,275754972,275754972,1782866090684292,False,True
172459183,2.80000000,80.21000000,275754973,275754973,1782866090685483,False,True
172459184,2.80000000,81.39000000,275754974,275754974,1782866090685785,False,True
172459185,2.80000000,95.56000000,275754975,275754975,1782866090686780,False,True
172459186,2.79900000,165.65000000,275754976,275754976,1782866114255710,True,True
172459187,2.79900000,3.82000000,275754977,275754978,1782866114262314,True,True
172459188,2.79800000,9.18000000,275754979,275754982,1782866133326802,True,True
172459189,2.79800000,4.12000000,275754983,275754983,1782866148872927,False,True
172459190,2.79900000,655.89000000,275754984,275754991,1782866157997298,False,True
172459191,2.80000000,3686.23000000,275754992,275754993,1782866157997298,False,True
172459192,2.80000000,6.51000000,275754994,275754996,1782866160904442,False,True
172459193,2.80000000,188.32000000,275754997,275754998,1782866161924553,True,True
172459194,2.80000000,11.84000000,275754999,275754999,1782866166233677,True,True
172459195,2.80000000,480.94000000,275755000,275755002,1782866175614516,False,True
172459196,2.80000000,225.45000000,275755003,275755003,1782866175617951,True,True
172459197,2.80000000,123.62000000,275755004,275755007,1782866217527321,True,True
172459198,2.80000000,80.78000000,275755008,275755008,1782866223982116,False,True
172459199,2.80000000,228.71000000,275755009,275755009,1782866223982685,False,True
172459200,2.80000000,284.57000000,275755010,275755010,1782866223983138,False,True
172459201,2.80000000,151.97000000,275755011,275755011,1782866223983904,False,True
172459202,2.80000000,104.90000000,275755012,275755012,1782866223984204,False,True
172459203,2.80000000,69.38000000,275755013,275755013,1782866223985314,False,True
172459204,2.80000000,78.99000000,275755014,275755014,1782866223986310,False,True
172459205,2.80000000,165.02000000,275755015,275755015,1782866224750198,False,True
172459206,2.80000000,76.67000000,275755016,275755016,1782866224750360,False,True
172459207,2.80000000,1239.99000000,275755017,275755017,1782866224750564,False,True
172459208,2.80000000,118.39000000,275755018,275755018,1782866224753278,False,True
172459209,2.80000000,54.39000000,275755019,275755019,1782866224754759,False,True
172459210,2.80000000,235.29000000,275755020,275755020,1782866224757426,False,True
172459211,2.80000000,147.79000000,275755021,275755021,1782866224795623,False,True
172459212,2.80000000,441.22000000,275755022,275755022,1782866224796084,False,True
172459213,2.80000000,202.30000000,275755023,275755023,1782866224796571,False,True
172459214,2.80000000,188.09000000,275755024,275755024,1782866224797123,False,True
172459215,2.80000000,110.62000000,275755025,275755025,1782866224797636,False,True
172459216,2.80000000,105.47000000,275755026,275755026,1782866224798418,False,True
172459217,2.80000000,882.14000000,275755027,275755027,1782866224798487,False,True
172459218,2.80000000,102.81000000,275755028,275755028,1782866224799601,False,True
172459219,2.80000000,99.56000000,275755029,275755029,1782866224803377,False,True
172459220,2.80000000,114.73000000,275755030,275755030,1782866226131472,False,True
172459221,2.80000000,237.69000000,275755031,275755031,1782866226131476,False,True
172459222,2.80000000,229.26000000,275755032,275755032,1782866226131479,False,True
172459223,2.80000000,237.00000000,275755033,275755033,1782866226131519,False,True
172459224,2.80000000,1502.88000000,275755034,275755034,1782866226131566,False,True
172459225,2.80000000,662.23000000,275755035,275755035,1782866226131569,False,True
172459226,2.80000000,6.84000000,275755036,275755036,1782866231958574,False,True
172459227,2.80000000,18.85000000,275755037,275755037,1782866268892663,True,True
172459228,2.79900000,33.14000000,275755038,275755038,1782866272286678,True,True
172459229,2.79800000,135.36000000,275755039,275755044,1782866272288672,True,True
172459230,2.79700000,10.99000000,275755045,275755049,1782866272296041,True,True
172459231,2.79600000,17.00000000,275755050,275755055,1782866274141624,True,True
172459232,2.79600000,368.39000000,275755056,275755057,1782866301867667,False,True
172459233,2.79700000,90.60000000,275755058,275755061,1782866302043183,False,True
172459234,2.79800000,71.47000000,275755062,275755062,1782866311443405,False,True
172459235,2.79700000,180.80000000,275755063,275755064,1782866311732529,True,True
172459236,2.79600000,324.31000000,275755065,275755072,1782866311732529,True,True
172459237,2.79600000,74.07000000,275755073,275755074,1782866311732677,True,True
172459238,2.79600000,1.84000000,275755075,275755075,1782866311734080,True,True
172459239,2.79500000,1897.34000000,275755076,275755083,1782866311734080,True,True
172459240,2.79500000,242.90000000,275755084,275755086,1782866311734239,True,True
172459241,2.79500000,198.51000000,275755087,275755090,1782866311741654,False,True
172459242,2.79400000,53.86000000,275755091,275755095,1782866327255160,True,True
172459243,2.79400000,35.79000000,275755096,275755097,1782866328605435,False,True
172459244,2.79400000,5.47000000,275755098,275755098,1782866333932132,False,True
172459245,2.79300000,344.16000000,275755099,275755103,1782866364289862,True,True
172459246,2.79200000,17.68000000,275755104,275755110,1782866382049283,True,True
172459247,2.79200000,11.47000000,275755111,275755111,1782866404906895,True,True
172459248,2.79300000,12.44000000,275755112,275755115,1782866435371956,False,True
172459249,2.79400000,83.73000000,275755116,275755121,1782866441778882,False,True
172459250,2.79400000,2.99000000,275755122,275755122,1782866464824888,False,True
172459251,2.79400000,193.09000000,275755123,275755126,1782866475336655,True,True
172459252,2.79400000,1231.92000000,275755127,275755127,1782866476745700,False,True
172459253,2.79500000,5.79000000,275755128,275755130,1782866491724726,False,True
172459254,2.79500000,21.88000000,275755131,275755131,1782866508757876,True,True
172459255,2.79400000,130.48000000,275755132,275755136,1782866511850892,True,True
172459256,2.79300000,263.82000000,275755137,275755144,1782866511850892,True,True
172459257,2.79300000,81.30000000,275755145,275755145,1782866511865491,True,True
172459258,2.79300000,159.97000000,275755146,275755146,1782866511869896,True,True
172459259,2.79300000,19.88000000,275755147,275755148,1782866511871227,True,True
172459260,2.79200000,160.38000000,275755149,275755154,1782866511873966,True,True
172459261,2.79200000,43.86000000,275755155,275755159,1782866511928382,True,True
172459262,2.79200000,78.29000000,275755160,275755161,1782866515125611,True,True
172459263,2.79200000,191.45000000,275755162,275755162,1782866518684183,False,True
172459264,2.79200000,112.06000000,275755163,275755163,1782866518685426,False,True
172459265,2.79200000,257.94000000,275755164,275755165,1782866534676057,False,True
172459266,2.79200000,288.53000000,275755166,275755166,1782866534676649,False,True
172459267,2.79300000,52.71000000,275755167,275755172,1782866534699117,False,True
172459268,2.79400000,870.10000000,275755173,275755184,1782866534702299,False,True
172459269,2.79500000,268.66000000,275755185,275755193,1782866534706829,False,True
172459270,2.79500000,370.00000000,275755194,275755196,1782866534708205,False,True
172459271,2.79500000,1.80000000,275755197,275755197,1782866534710180,False,True
172459272,2.79500000,41.80000000,275755198,275755199,1782866534772617,False,True
172459273,2.79500000,1.80000000,275755200,275755200,1782866534920710,False,True
172459274,2.79500000,18.05000000,275755201,275755201,1782866535910163,False,True
172459275,2.79500000,70.17000000,275755202,275755205,1782866537202140,False,True
172459276,2.79400000,1.85000000,275755206,275755206,1782866590995101,True,True
172459277,2.79300000,1934.55000000,275755207,275755220,1782866601152331,True,True
172459278,2.79300000,90.76000000,275755221,275755221,1782866601153618,False,True
172459279,2.79300000,42.39000000,275755222,275755222,1782866602808941,False,True
172459280,2.79300000,1220.44000000,275755223,275755228,1782866617591974,True,True
172459281,2.79300000,124.11000000,275755229,275755229,1782866617593672,False,True
172459282,2.79300000,213.84000000,275755230,275755230,1782866617594777,False,True
172459283,2.79300000,740.00000000,275755231,275755231,1782866617594805,False,True
172459284,2.79300000,5.00000000,275755232,275755232,1782866618423147,False,True
172459285,2.79300000,8.50000000,275755233,275755233,1782866619633442,False,True
172459286,2.79300000,726.08000000,275755234,275755234,1782866620674036,False,True
172459287,2.79300000,100.00000000,275755235,275755237,1782866627566424,True,True
172459288,2.79300000,149.13000000,275755238,275755241,1782866638859541,True,True
172459289,2.79300000,173.10000000,275755242,275755242,1782866652147837,False,True
172459290,2.79300000,1123.92000000,275755243,275755243,1782866677562664,False,True
172459291,2.79300000,72.83000000,275755244,275755244,1782866677562762,False,True
172459292,2.79400000,4.54000000,275755245,275755246,1782866681642818,False,True
172459293,2.79400000,2.19000000,275755247,275755247,1782866691204395,True,True
172459294,2.79300000,589.30000000,275755248,275755253,1782866691204395,True,True
172459295,2.79400000,20.96000000,275755254,275755254,1782866710883788,False,True
172459296,2.79300000,1.85000000,275755255,275755255,1782866722575823,True,True
172459297,2.79200000,398.56000000,275755256,275755266,1782866722575823,True,True
172459298,2.79300000,154.36000000,275755267,275755271,1782866741251298,True,True
172459299,2.79300000,662.63000000,275755272,275755272,1782866761205780,False,True
172459300,2.79300000,740.00000000,275755273,275755273,1782866761206677,False,True
172459301,2.79300000,370.00000000,275755274,275755274,1782866761206747,False,True
172459302,2.79300000,11.93000000,275755275,275755275,1782866761206984,False,True
172459303,2.79300000,248.26000000,275755276,275755276,1782866761208301,False,True
172459304,2.79300000,113.42000000,275755277,275755277,1782866761208541,False,True
172459305,2.79300000,427.65000000,275755278,275755278,1782866761208790,False,True
172459306,2.79300000,274.58000000,275755279,275755279,1782866761208799,False,True
172459307,2.79300000,136.21000000,275755280,275755280,1782866761208901,False,True
172459308,2.79300000,33.14000000,275755281,275755281,1782866761209057,False,True
172459309,2.79300000,141.90000000,275755282,275755282,1782866761209223,False,True
172459310,2.79300000,41.79000000,275755283,275755283,1782866761209251,False,True
172459311,2.79300000,166.93000000,275755284,275755284,1782866761209403,False,True
172459312,2.79300000,48.28000000,275755285,275755285,1782866761209468,False,True
172459313,2.79300000,45.37000000,275755286,275755286,1782866761209838,False,True
172459314,2.79300000,18.14000000,275755287,275755287,1782866761210085,False,True
172459315,2.79400000,1.85000000,275755288,275755288,1782866769608840,False,True
172459316,2.79400000,312.41000000,275755289,275755292,1782866771204693,True,True
172459317,2.79300000,2655.14000000,275755293,275755307,1782866771204693,True,True
172459318,2.79300000,15.18000000,275755308,275755308,1782866771206803,False,True
172459319,2.79300000,32.18000000,275755309,275755309,1782866771206860,False,True
172459320,2.79300000,15.02000000,275755310,275755310,1782866771206904,False,True
172459321,2.79300000,238.93000000,275755311,275755311,1782866771206928,False,True
172459322,2.79300000,253.00000000,275755312,275755312,1782866771207303,False,True
172459323,2.79300000,15.18000000,275755313,275755313,1782866771207322,False,True
172459324,2.79300000,9.00000000,275755314,275755314,1782866771273121,False,True
172459325,2.79300000,9.00000000,275755315,275755315,1782866771388154,False,True
172459326,2.79300000,5.00000000,275755316,275755316,1782866771473219,False,True
172459327,2.79300000,7.00000000,275755317,275755317,1782866771602147,False,True
172459328,2.79200000,11.04000000,275755318,275755322,1782866785074716,True,True
172459329,2.79200000,3.70000000,275755323,275755323,1782866791536493,False,True
172459330,2.79200000,414.72000000,275755324,275755328,1782866804925719,True,True
172459331,2.79200000,129.74000000,275755329,275755329,1782866804927637,False,True
172459332,2.79200000,711.01000000,275755330,275755330,1782866805030987,False,True
172459333,2.79300000,9.84000000,275755331,275755331,1782866811900887,False,True
172459334,2.79300000,71.00000000,275755332,275755332,1782866818953484,False,True
172459335,2.79300000,21.00000000,275755333,275755333,1782866819164787,False,True
172459336,2.79300000,627.22000000,275755334,275755334,1782866828129424,False,True
172459337,2.79300000,370.00000000,275755335,275755335,1782866828129479,False,True
172459338,2.79300000,280.61000000,275755336,275755336,1782866828130090,False,True
172459339,2.79300000,88.08000000,275755337,275755337,1782866828130353,False,True
172459340,2.79300000,79.72000000,275755338,275755338,1782866828130639,False,True
172459341,2.79300000,149.55000000,275755339,275755339,1782866828131594,False,True
172459342,2.79300000,440.89000000,275755340,275755344,1782866828131701,False,True
172459343,2.79300000,469.46000000,275755345,275755354,1782866843909011,True,True
172459344,2.79200000,18.47000000,275755355,275755359,1782866888974328,True,True
172459345,2.79300000,7.08000000,275755360,275755360,1782866893811193,False,True
172459346,2.79200000,1657.33000000,275755361,275755372,1782866921709068,True,True
172459347,2.79200000,101.12000000,275755373,275755373,1782866921710723,False,True
172459348,2.79200000,30.93000000,275755374,275755374,1782866930393412,False,True
172459349,2.79200000,30.96000000,275755375,275755375,1782866930393471,False,True
172459350,2.79200000,740.00000000,275755376,275755376,1782866930393492,False,True
172459351,2.79200000,30.93000000,275755377,275755377,1782866930393702,False,True
172459352,2.79200000,30.93000000,275755378,275755378,1782866930393878,False,True
172459353,2.79200000,30.93000000,275755379,275755379,1782866930393990,False,True
172459354,2.79200000,30.93000000,275755380,275755380,1782866930394183,False,True
172459355,2.79200000,3.58000000,275755381,275755381,1782866930395948,False,True
172459356,2.79200000,3.58000000,275755382,275755382,1782866930396192,False,True
172459357,2.79200000,150.26000000,275755383,275755383,1782866930396496,False,True
172459358,2.79200000,65.73000000,275755384,275755384,1782866930397725,False,True
172459359,2.79200000,71.00000000,275755385,275755385,1782866930410287,False,True
172459360,2.79200000,515.69000000,275755386,275755386,1782866930484097,False,True
172459361,2.79200000,21.28000000,275755387,275755387,1782866930560396,False,True
172459362,2.79200000,71.00000000,275755388,275755388,1782866930611600,False,True
172459363,2.79200000,1630.51000000,275755389,275755389,1782866930612824,False,True
172459364,2.79200000,93.25000000,275755390,275755391,1782866971326794,True,True
172459365,2.79100000,56.14000000,275755392,275755396,1782866971326794,True,True
172459366,2.79100000,6.01000000,275755397,275755397,1782866975462082,True,True
172459367,2.79200000,10.74000000,275755398,275755398,1782866994289334,False,True
172459368,2.79100000,149.40000000,275755399,275755405,1782866996039304,True,True
172459369,2.79100000,115.23000000,275755406,275755406,1782867011236478,True,True
172459370,2.79200000,26.00000000,275755407,275755407,1782867015666162,False,True
172459371,2.79200000,3.00000000,275755408,275755408,1782867016335213,False,True
172459372,2.79200000,5.00000000,275755409,275755409,1782867018279227,False,True
172459373,2.79200000,5.00000000,275755410,275755410,1782867021280941,False,True
172459374,2.79200000,3.00000000,275755411,275755411,1782867021771651,False,True
172459375,2.79200000,3.00000000,275755412,275755412,1782867022924586,False,True
172459376,2.79200000,5.00000000,275755413,275755413,1782867024289634,False,True
172459377,2.79200000,4.00000000,275755414,275755414,1782867026956712,False,True
172459378,2.79200000,5.00000000,275755415,275755415,1782867027296753,False,True
172459379,2.79200000,3.00000000,275755416,275755416,1782867027379918,False,True
172459380,2.79200000,5.00000000,275755417,275755417,1782867030299575,False,True
172459381,2.79200000,3.00000000,275755418,275755418,1782867030526317,False,True
172459382,2.79200000,4.00000000,275755419,275755419,1782867032305422,False,True
172459383,2.79200000,3.00000000,275755420,275755420,1782867033534267,False,True
172459384,2.79200000,5.00000000,275755421,275755421,1782867035307270,False,True
172459385,2.79200000,3.00000000,275755422,275755422,1782867037985872,False,True
172459386,2.79200000,5.00000000,275755423,275755423,1782867038309612,False,True
172459387,2.79200000,170.46000000,275755424,275755427,1782867072771982,False,True
172459388,2.79100000,459.50000000,275755428,275755430,1782867073806479,True,True
172459389,2.79200000,83.25000000,275755431,275755431,1782867097771600,False,True
172459390,2.79300000,77.10000000,275755432,275755436,1782867097771600,False,True
172459391,2.79200000,126.76000000,275755437,275755439,1782867102707903,False,True
172459392,2.79300000,49.03000000,275755440,275755444,1782867102721469,False,True
172459393,2.79400000,52.97000000,275755445,275755448,1782867102850359,False,True
172459394,2.79500000,90.23000000,275755449,275755452,1782867121388588,False,True
172459395,2.79600000,384.93000000,275755453,275755461,1782867121388588,False,True
172459396,2.79600000,224.74000000,275755462,275755467,1782867127771832,False,True
172459397,2.79600000,13.33000000,275755468,275755469,1782867129978543,False,True
172459398,2.79500000,612.19000000,275755470,275755483,1782867133139014,True,True
172459399,2.79500000,117.99000000,275755484,275755484,1782867133140858,False,True
172459400,2.79400000,7.23000000,275755485,275755487,1782867149579799,True,True
172459401,2.79500000,20.00000000,275755488,275755488,1782867151216325,False,True
172459402,2.79500000,155.69000000,275755489,275755492,1782867162771692,False,True
172459403,2.79500000,1.85000000,275755493,275755493,1782867164126849,False,True
172459404,2.79500000,607.29000000,275755494,275755499,1782867166082770,True,True
172459405,2.79400000,765.56000000,275755500,275755509,1782867166082770,True,True
172459406,2.79500000,10.00000000,275755510,275755510,1782867167115104,True,True
172459407,2.79400000,128.23000000,275755511,275755515,1782867167784388,True,True
172459408,2.79500000,1.85000000,275755516,275755516,1782867177984695,False,True
172459409,2.79600000,238.09000000,275755517,275755524,1782867192771622,False,True
172459410,2.79500000,2.06000000,275755525,275755525,1782867196594206,True,True
172459411,2.79400000,17.23000000,275755526,275755529,1782867217854106,True,True
172459412,2.79400000,125.04000000,275755530,275755532,1782867218591739,False,True
172459413,2.79500000,274.35000000,275755533,275755535,1782867218591739,False,True
172459414,2.79500000,133.00000000,275755536,275755541,1782867225789155,False,True
172459415,2.79500000,2.46000000,275755542,275755542,1782867225789390,False,True
172459416,2.79600000,386.68000000,275755543,275755549,1782867225789641,False,True
172459417,2.79600000,5.92000000,275755550,275755550,1782867225789663,False,True
172459418,2.79700000,140.17000000,275755551,275755559,1782867225789867,False,True
172459419,2.79700000,321.99000000,275755560,275755561,1782867225789934,False,True
172459420,2.79800000,52.51000000,275755562,275755569,1782867225790795,False,True
172459421,2.79700000,671.56000000,275755570,275755573,1782867225792169,True,True
172459422,2.79700000,429.08000000,275755574,275755576,1782867225849063,False,True
172459423,2.79800000,135.99000000,275755577,275755579,1782867232772202,False,True
172459424,2.79800000,234.15000000,275755580,275755584,1782867252771815,False,True
172459425,2.79700000,374.62000000,275755585,275755587,1782867255805934,True,True
172459426,2.79600000,8.03000000,275755588,275755588,1782867256165052,True,True
172459427,2.79600000,7.35000000,275755589,275755589,1782867256975219,True,True
172459428,2.79700000,10.00000000,275755590,275755590,1782867270511574,True,True
172459429,2.79600000,240.84000000,275755591,275755601,1782867270513549,True,True
172459430,2.79600000,107.94000000,275755602,275755602,1782867270514534,True,True
172459431,2.79600000,370.00000000,275755603,275755603,1782867270514567,True,True
172459432,2.79600000,173.63000000,275755604,275755604,1782867270514605,True,True
172459433,2.79500000,1676.37000000,275755605,275755616,1782867270514605,True,True
172459434,2.79500000,370.00000000,275755617,275755619,1782867270516049,True,True
172459435,2.79500000,199.88000000,275755620,275755621,1782867270516316,True,True
172459436,2.79500000,83.34000000,275755622,275755623,1782867270516399,True,True
172459437,2.79500000,4.34000000,275755624,275755624,1782867270518033,True,True
172459438,2.79400000,9.45000000,275755625,275755627,1782867287261615,True,True
172459439,2.79400000,239.95000000,275755628,275755630,1782867292772449,False,True
172459440,2.79500000,11.23000000,275755631,275755632,1782867330902178,False,True
172459441,2.79600000,3.82000000,275755633,275755634,1782867332772537,False,True
172459442,2.79700000,171.38000000,275755635,275755638,1782867332772537,False,True
172459443,2.79700000,13.58000000,275755639,275755639,1782867358103377,False,True
172459444,2.79700000,31.74000000,275755640,275755642,1782867362776708,False,True
172459445,2.79800000,69.44000000,275755643,275755644,1782867362776708,False,True
172459446,2.79700000,195.91000000,275755645,275755647,1782867382771897,False,True
172459447,2.79800000,29.84000000,275755648,275755649,1782867382771897,False,True
172459448,2.79700000,83.25000000,275755650,275755650,1782867417771532,False,True
172459449,2.79800000,127.70000000,275755651,275755654,1782867417771532,False,True
172459450,2.79800000,191.75000000,275755655,275755660,1782867452771495,False,True
172459451,2.79900000,149.07000000,275755661,275755666,1782867487771574,False,True
172459452,2.79800000,7.00000000,275755667,275755667,1782867492814443,True,True
172459453,2.79900000,241.06000000,275755668,275755670,1782867512771524,False,True
172459454,2.79900000,35.72000000,275755671,275755675,1782867520662930,False,True
172459455,2.79800000,14.81000000,275755676,275755677,1782867535208099,True,True
172459456,2.79800000,123.25000000,275755678,275755679,1782867552771613,False,True
172459457,2.79900000,141.00000000,275755680,275755681,1782867552771613,False,True
172459458,2.79800000,24.88000000,275755682,275755682,1782867572458970,False,True
172459459,2.79800000,3.05000000,275755683,275755683,1782867585699853,True,True
172459460,2.79800000,1.79000000,275755684,275755684,1782867591338996,True,True
172459461,2.79900000,256.60000000,275755685,275755689,1782867597771499,False,True
172459462,2.79800000,19.41000000,275755690,275755690,1782867606094345,False,True
172459463,2.79800000,4.04000000,275755691,275755691,1782867610613763,True,True
172459464,2.79800000,2.00000000,275755692,275755692,1782867626814797,True,True
172459465,2.79900000,15.19000000,275755693,275755695,1782867633218669,False,True
172459466,2.79900000,10.00000000,275755696,275755696,1782867638991698,True,True
172459467,2.79900000,110.91000000,275755697,275755698,1782867642771677,False,True
172459468,2.80000000,35.96000000,275755699,275755700,1782867642771677,False,True
172459469,2.79900000,83.25000000,275755701,275755701,1782867652004132,False,True
172459470,2.79900000,218.61000000,275755702,275755704,1782867653498989,True,True
172459471,2.79900000,11.89000000,275755705,275755705,1782867661130295,False,True
172459472,2.79900000,83.25000000,275755706,275755706,1782867667771823,False,True
172459473,2.80000000,149.34000000,275755707,275755711,1782867667771823,False,True
172459474,2.79900000,10.00000000,275755712,275755712,1782867676403322,True,True
172459475,2.79900000,153.85000000,275755713,275755715,1782867691253741,False,True
172459476,2.79900000,47.59000000,275755716,275755717,1782867691563075,True,True
172459477,2.79900000,15.61000000,275755718,275755719,1782867695019367,True,True
172459478,2.79900000,155.85000000,275755720,275755722,1782867702772222,False,True
172459479,2.80000000,99.09000000,275755723,275755723,1782867702772222,False,True
172459480,2.79900000,41.43000000,275755724,275755724,1782867706832995,True,True
172459481,2.79900000,41.43000000,275755725,275755725,1782867706833311,True,True
172459482,2.79900000,0.39000000,275755726,275755726,1782867706833439,True,True
172459483,2.79800000,41.04000000,275755727,275755729,1782867706833439,True,True
172459484,2.80000000,403.46000000,275755730,275755736,1782867720483410,False,True
172459485,2.80100000,18.78000000,275755737,275755739,1782867720496272,False,True
172459486,2.80100000,142.31000000,275755740,275755743,1782867720504074,False,True
172459487,2.80100000,123.10000000,275755744,275755746,1782867720508913,False,True
172459488,2.80100000,10.60000000,275755747,275755747,1782867720661644,False,True
172459489,2.80200000,69.00000000,275755748,275755750,1782867722715850,False,True
172459490,2.80100000,25.28000000,275755751,275755751,1782867734078129,True,True
172459491,2.80100000,346.37000000,275755752,275755756,1782867736545678,True,True
172459492,2.80000000,126.02000000,275755757,275755763,1782867736548124,True,True
172459493,2.80000000,1.79000000,275755764,275755764,1782867736549675,True,True
172459494,2.79900000,3.82000000,275755765,275755766,1782867738304202,True,True
172459495,2.79900000,168.81000000,275755767,275755769,1782867747772246,False,True
172459496,2.79800000,3.82000000,275755770,275755771,1782867757991505,True,True
172459497,2.79800000,1.79000000,275755772,275755772,1782867763714385,True,True
172459498,2.79900000,86.84000000,275755773,275755778,1782867777771499,False,True
172459499,2.80000000,81.97000000,275755779,275755779,1782867777771499,False,True
172459500,2.79900000,3.58000000,275755780,275755780,1782867783377718,True,True
172459501,2.80000000,132.05000000,275755781,275755784,1782867807771801,False,True
172459502,2.80000000,266.75000000,275755785,275755786,1782867827771616,False,True
172459503,2.79900000,1.79000000,275755787,275755787,1782867833673641,True,True
172459504,2.79800000,588.95000000,275755788,275755789,1782867857883393,True,True
172459505,2.79800000,14313.94000000,275755790,275755790,1782867857885594,True,True
172459506,2.79800000,140.98000000,275755791,275755791,1782867857885746,True,True
172459507,2.79800000,446.18000000,275755792,275755794,1782867857886778,True,True
172459508,2.79700000,41.05000000,275755795,275755800,1782867857888442,True,True
172459509,2.79700000,33.14000000,275755801,275755801,1782867857891719,False,True
172459510,2.79700000,73.14000000,275755802,275755803,1782867858073433,True,True
172459511,2.79600000,123.89000000,275755804,275755813,1782867858073433,True,True
172459512,2.79600000,15.82000000,275755814,275755815,1782867858183487,True,True
172459513,2.79600000,19.00000000,275755816,275755816,1782867858186602,True,True
172459514,2.79600000,204.89000000,275755817,275755825,1782867858569626,True,True
172459515,2.79600000,24.10000000,275755826,275755826,1782867858588556,True,True
172459516,2.79700000,141.82000000,275755827,275755827,1782867872771633,False,True
172459517,2.79700000,2.52000000,275755828,275755828,1782867876624464,True,True
172459518,2.79600000,2.96000000,275755829,275755830,1782867884820895,True,True
172459519,2.79700000,246.75000000,275755831,275755834,1782867897771587,False,True
172459520,2.79600000,2.55000000,275755835,275755836,1782867897772678,True,True
172459521,2.79500000,50.62000000,275755837,275755842,1782867914111715,True,True
172459522,2.79400000,2.35000000,275755843,275755843,1782867917118156,True,True
172459523,2.79400000,336.57000000,275755844,275755846,1782867923419135,True,True
172459524,2.79400000,43.46000000,275755847,275755849,1782867923463460,True,True
172459525,2.79300000,3.82000000,275755850,275755851,1782867924247453,True,True
172459526,2.79300000,86.50000000,275755852,275755853,1782867926281168,False,True
172459527,2.79300000,150.66000000,275755854,275755854,1782867926283459,False,True
172459528,2.79200000,2.15000000,275755855,275755856,1782867937344382,True,True
172459529,2.79300000,132.50000000,275755857,275755859,1782867937771478,False,True
172459530,2.79400000,3.73000000,275755860,275755861,1782867937771478,False,True
172459531,2.79300000,10.45000000,275755862,275755862,1782867942899918,False,True
172459532,2.79200000,587.86000000,275755863,275755874,1782867945260354,True,True
172459533,2.79300000,7.16000000,275755875,275755875,1782867948459193,False,True
172459534,2.79300000,132.39000000,275755876,275755876,1782867952533396,False,True
172459535,2.79400000,146.16000000,275755877,275755879,1782867960086991,False,True
172459536,2.79400000,7.48000000,275755880,275755880,1782867960087167,False,True
172459537,2.79500000,13.18000000,275755881,275755883,1782867961512871,False,True
172459538,2.79600000,95.34000000,275755884,275755888,1782867962777433,False,True
172459539,2.79600000,10.00000000,275755889,275755889,1782867963770887,True,True
172459540,2.79700000,8.62000000,275755890,275755891,1782867972792696,False,True
172459541,2.79600000,365.25000000,275755892,275755895,1782867973588533,True,True
172459542,2.79600000,141.22000000,275755896,275755896,1782867977771651,False,True
172459543,2.79500000,918.20000000,275755897,275755902,1782867989949231,True,True
172459544,2.79500000,149.34000000,275755903,275755903,1782867989951063,True,True
172459545,2.79500000,1.79000000,275755904,275755904,1782867989954258,True,True
172459546,2.79400000,3.82000000,275755905,275755906,1782867997489422,True,True
172459547,2.79300000,3.82000000,275755907,275755908,1782867998513193,True,True
172459548,2.79400000,168.79000000,275755909,275755914,1782868002771617,False,True
172459549,2.79500000,0.80000000,275755915,275755915,1782868002771617,False,True
172459550,2.79400000,21.57000000,275755916,275755916,1782868025897943,False,True
172459551,2.79300000,95.39000000,275755917,275755919,1782868026250338,True,True
172459552,2.79200000,765.32000000,275755920,275755925,1782868026250634,True,True
172459553,2.79200000,188.18000000,275755926,275755926,1782868026250671,True,True
172459554,2.79200000,129.74000000,275755927,275755928,1782868026250931,True,True
172459555,2.79100000,9.32000000,275755929,275755931,1782868029147049,True,True
172459556,2.79000000,10.78000000,275755932,275755936,1782868032765042,True,True
172459557,2.79000000,3.65000000,275755937,275755937,1782868033830299,True,True
172459558,2.79100000,178.64000000,275755938,275755939,1782868034115918,True,True
172459559,2.79000000,161.80000000,275755940,275755943,1782868035212844,True,True
172459560,2.78900000,23.61000000,275755944,275755947,1782868035212942,True,True
172459561,2.78800000,250.92000000,275755948,275755953,1782868035213154,True,True
172459562,2.78800000,19.94000000,275755954,275755955,1782868035213238,True,True
172459563,2.78700000,217.63000000,275755956,275755961,1782868035213828,True,True
172459564,2.78800000,15.18000000,275755962,275755962,1782868035215131,False,True
172459565,2.78700000,209.25000000,275755963,275755964,1782868035216823,False,True
172459566,2.78800000,98.15000000,275755965,275755965,1782868035217618,False,True
172459567,2.78800000,49.41000000,275755966,275755966,1782868035217942,False,True
172459568,2.78800000,43.87000000,275755967,275755967,1782868035218151,False,True
172459569,2.78800000,148.62000000,275755968,275755968,1782868035218387,False,True
172459570,2.78800000,92.79000000,275755969,275755970,1782868035218728,False,True
172459571,2.78800000,33.14000000,275755971,275755971,1782868035219026,False,True
172459572,2.78800000,196.97000000,275755972,275755973,1782868035219184,False,True
172459573,2.78800000,269.95000000,275755974,275755976,1782868035256270,True,True
172459574,2.78800000,71.02000000,275755977,275755977,1782868035260823,True,True
172459575,2.78800000,45.09000000,275755978,275755979,1782868035282133,True,True
172459576,2.78900000,5.66000000,275755980,275755981,1782868035312417,False,True
172459577,2.79000000,42.46000000,275755982,275755984,1782868058290741,False,True
172459578,2.79000000,18.25000000,275755985,275755985,1782868058291729,False,True
172459579,2.79000000,2.69000000,275755986,275755986,1782868058292013,False,True
172459580,2.79000000,92.92000000,275755987,275755987,1782868061880938,True,True
172459581,2.79000000,373.54000000,275755988,275755991,1782868061881053,True,True
172459582,2.78900000,360.76000000,275755992,275756001,1782868061881287,True,True
172459583,2.78800000,11.05000000,275756002,275756006,1782868066550113,True,True
172459584,2.78800000,10.00000000,275756007,275756007,1782868082714454,True,True
172459585,2.78700000,33.77000000,275756008,275756011,1782868091062051,True,True
172459586,2.78700000,300.80000000,275756012,275756014,1782868091188560,False,True
172459587,2.78800000,1151.71000000,275756015,275756025,1782868091190163,False,True
172459588,2.78800000,320.88000000,275756026,275756029,1782868091191304,False,True
172459589,2.78800000,102.01000000,275756030,275756031,1782868091191821,False,True
172459590,2.78800000,230.20000000,275756032,275756033,1782868091191987,False,True
172459591,2.78800000,3.00000000,275756034,275756035,1782868099454737,False,True
172459592,2.78600000,16.10000000,275756036,275756039,1782868121588508,True,True
172459593,2.78500000,3.84000000,275756040,275756041,1782868127275965,True,True
172459594,2.78400000,33.14000000,275756042,275756045,1782868131402713,True,True
172459595,2.78400000,98.80000000,275756046,275756046,1782868132512111,True,True
172459596,2.78400000,152.96000000,275756047,275756047,1782868132513021,True,True
172459597,2.78400000,193.15000000,275756048,275756048,1782868132513308,True,True
172459598,2.78400000,542.63000000,275756049,275756049,1782868132520153,True,True
172459599,2.78400000,246.74000000,275756050,275756050,1782868132567306,True,True
172459600,2.78400000,721.42000000,275756051,275756051,1782868132568480,True,True
172459601,2.78400000,110.58000000,275756052,275756052,1782868132568523,True,True
172459602,2.78400000,4.45000000,275756053,275756053,1782868132569589,True,True
172459603,2.78400000,215.51000000,275756054,275756054,1782868132572127,False,True
172459604,2.78400000,215.51000000,275756055,275756057,1782868132572136,False,True
172459605,2.78400000,215.51000000,275756058,275756060,1782868132572229,False,True
172459606,2.78400000,6.69000000,275756061,275756061,1782868132572510,False,True
172459607,2.78400000,31.60000000,275756062,275756063,1782868132572801,False,True
172459608,2.78400000,8.10000000,275756064,275756064,1782868132572893,False,True
172459609,2.78400000,31.60000000,275756065,275756066,1782868132572901,False,True
172459610,2.78400000,35.56000000,275756067,275756067,1782868132572932,False,True
172459611,2.78400000,31.60000000,275756068,275756068,1782868132573000,False,True
172459612,2.78400000,35.56000000,275756069,275756069,1782868132573044,False,True
172459613,2.78400000,7.04000000,275756070,275756070,1782868132573123,False,True
172459614,2.78400000,7.40000000,275756071,275756071,1782868132573138,False,True
172459615,2.78400000,10.21000000,275756072,275756072,1782868132573202,False,True
172459616,2.78400000,35.56000000,275756073,275756073,1782868132573220,False,True
172459617,2.78400000,31.60000000,275756074,275756074,1782868132573528,False,True
172459618,2.78400000,94.54000000,275756075,275756076,1782868132574434,False,True
172459619,2.78400000,8.07000000,275756077,275756077,1782868132574880,False,True
172459620,2.78400000,7.90000000,275756078,275756078,1782868132576167,False,True
172459621,2.78400000,77.15000000,275756079,275756080,1782868132576771,False,True
172459622,2.78400000,76.38000000,275756081,275756081,1782868132579201,False,True
172459623,2.78400000,8.67000000,275756082,275756083,1782868132579460,False,True
172459624,2.78400000,82.97000000,275756084,275756084,1782868132582075,False,True
172459625,2.78400000,0.28000000,275756085,275756085,1782868132582121,False,True
172459626,2.78400000,84.77000000,275756086,275756087,1782868132586041,False,True
172459627,2.78400000,0.28000000,275756088,275756088,1782868132586072,False,True
172459628,2.78400000,100.99000000,275756089,275756091,1782868136579243,True,True
172459629,2.78400000,32.26000000,275756092,275756092,1782868136579944,True,True
172459630,2.78300000,110.74000000,275756093,275756098,1782868136579944,True,True
172459631,2.78500000,9.06000000,275756099,275756102,1782868153417839,False,True
172459632,2.78600000,13.37000000,275756103,275756107,1782868165737101,False,True
172459633,2.78600000,30.09000000,275756108,275756109,1782868214612285,True,True
172459634,2.78500000,1.86000000,275756110,275756110,1782868215712906,True,True
172459635,2.78400000,21.08000000,275756111,275756116,1782868215809960,True,True
172459636,2.78300000,13.84000000,275756117,275756119,1782868217159807,True,True
172459637,2.78200000,203.33000000,275756120,275756127,1782868220033187,True,True
172459638,2.78100000,195.66000000,275756128,275756129,1782868220033187,True,True
172459639,2.78100000,15.64000000,275756130,275756133,1782868222577254,True,True
172459640,2.78000000,32.31000000,275756134,275756139,1782868224398895,True,True
172459641,2.77900000,90.38000000,275756140,275756143,1782868227352674,True,True
172459642,2.77900000,13.00000000,275756144,275756144,1782868227591967,True,True
172459643,2.77900000,371.54000000,275756145,275756146,1782868227826930,False,True
172459644,2.77900000,3.60000000,275756147,275756147,1782868228129933,False,True
172459645,2.77800000,208.35000000,275756148,275756148,1782868235231986,True,True
172459646,2.77800000,370.00000000,275756149,275756149,1782868235232544,True,True
172459647,2.77800000,370.00000000,275756150,275756150,1782868235235084,True,True
172459648,2.77800000,370.00000000,275756151,275756151,1782868235235098,True,True
172459649,2.77800000,80.95000000,275756152,275756152,1782868235248500,True,True
172459650,2.77800000,33.14000000,275756153,275756153,1782868235249233,True,True
172459651,2.77800000,748.17000000,275756154,275756154,1782868235250881,True,True
172459652,2.77800000,3.58000000,275756155,275756155,1782868235252447,True,True
172459653,2.77800000,2.36000000,275756156,275756156,1782868235252590,True,True
172459654,2.77800000,44.45000000,275756157,275756157,1782868235258123,True,True
172459655,2.77800000,81.15000000,275756158,275756158,1782868235259973,True,True
172459656,2.77800000,3.58000000,275756159,275756159,1782868235266138,True,True
172459657,2.77800000,17.31000000,275756160,275756160,1782868235266707,True,True
172459658,2.77800000,453.11000000,275756161,275756161,1782868235269969,True,True
172459659,2.77800000,33.14000000,275756162,275756162,1782868235271012,True,True
172459660,2.77800000,201.94000000,275756163,275756163,1782868235271190,True,True
172459661,2.77800000,163.33000000,275756164,275756164,1782868235271766,True,True
172459662,2.77800000,263.56000000,275756165,275756165,1782868235273786,True,True
172459663,2.77800000,300.59000000,275756166,275756166,1782868235274691,True,True
172459664,2.77800000,168.29000000,275756167,275756167,1782868235276315,True,True
172459665,2.77800000,106.76000000,275756168,275756168,1782868235277353,True,True
172459666,2.77800000,94.08000000,275756169,275756169,1782868235278515,True,True
172459667,2.77800000,80.73000000,275756170,275756170,1782868235280063,True,True
172459668,2.77800000,45.93000000,275756171,275756171,1782868235283662,True,True
172459669,2.77800000,130.85000000,275756172,275756174,1782868235287126,True,True
172459670,2.77700000,8.73000000,275756175,275756177,1782868238167522,True,True
172459671,2.77600000,5.70000000,275756178,275756180,1782868238417035,True,True
172459672,2.77600000,15.58000000,275756181,275756183,1782868239433384,False,True
172459673,2.77500000,106.38000000,275756184,275756187,1782868239455161,True,True
172459674,2.77500000,138.04000000,275756188,275756188,1782868239455370,True,True
172459675,2.77500000,95.98000000,275756189,275756189,1782868239456147,True,True
172459676,2.77400000,33.29000000,275756190,275756194,1782868244673324,True,True
172459677,2.77400000,224.78000000,275756195,275756198,1782868245046223,False,True
172459678,2.77300000,179.74000000,275756199,275756206,1782868246488929,True,True
172459679,2.77300000,30.31000000,275756207,275756207,1782868247724858,False,True
172459680,2.77300000,1611.53000000,275756208,275756212,1782868249363463,False,True
172459681,2.77300000,3.72000000,275756213,275756213,1782868251060576,False,True
172459682,2.77300000,9.39000000,275756214,275756214,1782868251108369,True,True
172459683,2.77200000,5.68000000,275756215,275756217,1782868256530545,True,True
172459684,2.77100000,8.56000000,275756218,275756220,1782868257181732,True,True
172459685,2.77000000,2.02000000,275756221,275756222,1782868257759070,True,True
172459686,2.77000000,94.06000000,275756223,275756228,1782868258219635,True,True
172459687,2.77000000,108.06000000,275756229,275756229,1782868258219703,True,True
172459688,2.77000000,409.56000000,275756230,275756230,1782868258219750,True,True
172459689,2.77000000,210.27000000,275756231,275756231,1782868258219842,True,True
172459690,2.77000000,177.47000000,275756232,275756232,1782868258219906,True,True
172459691,2.77000000,108.53000000,275756233,275756233,1782868258230697,True,True
172459692,2.77000000,341.13000000,275756234,275756234,1782868258230943,True,True
172459693,2.76900000,2.37000000,275756235,275756235,1782868258305999,True,True
172459694,2.76900000,42.83000000,275756236,275756241,1782868258306044,True,True
172459695,2.76900000,146.94000000,275756242,275756243,1782868258307589,False,True
172459696,2.76900000,92.31000000,275756244,275756244,1782868258417371,False,True
172459697,2.77000000,11.92000000,275756245,275756246,1782868258728655,False,True
172459698,2.77000000,12.98000000,275756247,275756247,1782868263603183,False,True
172459699,2.77000000,238.39000000,275756248,275756252,1782868263605264,False,True
172459700,2.77000000,13.00000000,275756253,275756253,1782868264135658,True,True
172459701,2.77100000,13.29000000,275756254,275756258,1782868267519227,False,True
172459702,2.77200000,10.02000000,275756259,275756262,1782868269684083,False,True
172459703,2.77200000,13.00000000,275756263,275756263,1782868273593351,True,True
172459704,2.77200000,9.12000000,275756264,275756266,1782868279927838,False,True
172459705,2.77300000,14.79000000,275756267,275756272,1782868285439490,False,True
172459706,2.77400000,16.54000000,275756273,275756278,1782868289519051,False,True
172459707,2.77400000,512.98000000,275756279,275756285,1782868290066674,True,True
172459708,2.77300000,1718.07000000,275756286,275756300,1782868290066674,True,True
172459709,2.77200000,3550.75000000,275756301,275756318,1782868290066674,True,True
172459710,2.77100000,1769.91000000,275756319,275756332,1782868290066674,True,True
172459711,2.77000000,3035.49000000,275756333,275756350,1782868290066674,True,True
172459712,2.76900000,640.15000000,275756351,275756356,1782868290066674,True,True
172459713,2.77000000,71.48000000,275756357,275756357,1782868290068537,False,True
172459714,2.77000000,0.07000000,275756358,275756358,1782868290068644,False,True
172459715,2.77200000,5.69000000,275756359,275756360,1782868290069815,False,True
172459716,2.77300000,186.05000000,275756361,275756361,1782868290069815,False,True
172459717,2.77200000,30.37000000,275756362,275756362,1782868290070992,False,True
172459718,2.77200000,5.69000000,275756363,275756363,1782868290071094,False,True
172459719,2.77200000,135.65000000,275756364,275756364,1782868290072387,False,True
172459720,2.77300000,75.14000000,275756365,275756367,1782868290403071,False,True
172459721,2.77200000,41.61000000,275756368,275756370,1782868293465747,True,True
172459722,2.77100000,18.42000000,275756371,275756373,1782868293547871,True,True
172459723,2.77200000,5.42000000,275756374,275756375,1782868293886507,False,True
172459724,2.77300000,36.42000000,275756376,275756380,1782868299492649,False,True
172459725,2.77300000,13.00000000,275756381,275756381,1782868300799140,True,True
172459726,2.77200000,25.57000000,275756382,275756385,1782868303341851,True,True
172459727,2.77100000,16.85000000,275756386,275756388,1782868304597175,True,True
172459728,2.77000000,21.82000000,275756389,275756392,1782868304932030,True,True
172459729,2.77000000,9.22000000,275756393,275756393,1782868310819790,True,True
172459730,2.77000000,13.00000000,275756394,275756394,1782868310821801,True,True
172459731,2.77000000,18.00000000,275756395,275756395,1782868313375883,True,True
172459732,2.77100000,271.25000000,275756396,275756398,1782868314300815,False,True
172459733,2.77100000,92.60000000,275756399,275756399,1782868314301049,False,True
172459734,2.77100000,53.77000000,275756400,275756400,1782868314302546,False,True
172459735,2.77100000,83.15000000,275756401,275756401,1782868314304923,False,True
172459736,2.77100000,422.52000000,275756402,275756402,1782868314313550,False,True
172459737,2.77100000,175.77000000,275756403,275756403,1782868314313666,False,True
172459738,2.77100000,219.33000000,275756404,275756410,1782868314313675,False,True
172459739,2.77100000,388.51000000,275756411,275756412,1782868314315269,False,True
172459740,2.77100000,1.81000000,275756413,275756413,1782868314317388,False,True
172459741,2.77200000,9.28000000,275756414,275756417,1782868317373930,False,True
172459742,2.77300000,11.09000000,275756418,275756422,1782868319848593,False,True
172459743,2.77400000,32.06000000,275756423,275756428,1782868320399180,False,True
172459744,2.77500000,28.39000000,275756429,275756429,1782868325256492,False,True
172459745,2.77500000,122.49000000,275756430,275756439,1782868327844567,False,True
172459746,2.77500000,360.90000000,275756440,275756440,1782868327846157,False,True
172459747,2.77500000,1.81000000,275756441,275756441,1782868327847557,False,True
172459748,2.77500000,102.33000000,275756442,275756442,1782868332590713,False,True
172459749,2.77400000,1.86000000,275756443,275756443,1782868342293579,True,True
172459750,2.77300000,19.56000000,275756444,275756447,1782868344220558,True,True
172459751,2.77200000,18.70000000,275756448,275756451,1782868353346829,True,True
172459752,2.77200000,6.00000000,275756452,275756452,1782868354703834,False,True
172459753,2.77100000,55.03000000,275756453,275756457,1782868355330966,True,True
172459754,2.77000000,107.19000000,275756458,275756462,1782868361729677,True,True
172459755,2.76900000,20.39000000,275756463,275756466,1782868364350359,True,True
172459756,2.76800000,18.70000000,275756467,275756470,1782868364515262,True,True
172459757,2.76700000,18.69000000,275756471,275756474,1782868364790929,True,True
172459758,2.76600000,250.98000000,275756475,275756480,1782868364901421,True,True
172459759,2.76500000,38.76000000,275756481,275756487,1782868364993066,True,True
172459760,2.76400000,13.89000000,275756488,275756493,1782868365028773,True,True
172459761,2.76300000,9.57000000,275756494,275756498,1782868365052094,True,True
172459762,2.76300000,145.37000000,275756499,275756500,1782868365054569,True,True
172459763,2.76200000,126.30000000,275756501,275756508,1782868365080495,True,True
172459764,2.76200000,19.57000000,275756509,275756509,1782868365108359,True,True
172459765,2.76200000,83.25000000,275756510,275756510,1782868365119531,True,True
172459766,2.76200000,126.30000000,275756511,275756511,1782868365120576,True,True
172459767,2.76300000,9.73000000,275756512,275756512,1782868365145589,False,True
172459768,2.76200000,145.70000000,275756513,275756516,1782868365164361,True,True
172459769,2.76200000,186.90000000,275756517,275756517,1782868365211738,True,True
172459770,2.76200000,83.25000000,275756518,275756518,1782868365345972,True,True
172459771,2.76200000,77.01000000,275756519,275756519,1782868365393637,True,True
172459772,2.76100000,437.00000000,275756520,275756528,1782868365452130,True,True
172459773,2.76100000,18.39000000,275756529,275756529,1782868365670340,False,True
172459774,2.76000000,2.37000000,275756530,275756531,1782868365847717,True,True
172459775,2.76000000,19.40000000,275756532,275756534,1782868365879245,True,True
172459776,2.75900000,20.44000000,275756535,275756540,1782868365901481,True,True
172459777,2.75800000,147.13000000,275756541,275756543,1782868365946140,True,True
172459778,2.75900000,83.25000000,275756544,275756544,1782868365958389,False,True
172459779,2.75800000,60.61000000,275756545,275756549,1782868365964488,True,True
172459780,2.75800000,225.08000000,275756550,275756552,1782868365968603,True,True
172459781,2.75800000,29.54000000,275756553,275756553,1782868365983080,True,True
172459782,2.75800000,77.12000000,275756554,275756554,1782868365983099,True,True
172459783,2.75800000,33.14000000,275756555,275756555,1782868365985216,True,True
172459784,2.75800000,342.46000000,275756556,275756559,1782868365990549,True,True
172459785,2.75800000,558.80000000,275756560,275756564,1782868365992056,True,True
172459786,2.75800000,364.75000000,275756565,275756569,1782868365992412,True,True
172459787,2.75700000,552.78000000,275756570,275756578,1782868365995234,True,True
172459788,2.75900000,8.00000000,275756579,275756579,1782868366056941,False,True
172459789,2.75800000,118.15000000,275756580,275756580,1782868366138155,True,True
172459790,2.75800000,96.66000000,275756581,275756581,1782868366138409,True,True
172459791,2.75800000,114.91000000,275756582,275756584,1782868366151625,True,True
172459792,2.75800000,115.06000000,275756585,275756585,1782868366151741,True,True
172459793,2.75800000,32.00000000,275756586,275756586,1782868366193776,False,True
172459794,2.75800000,3.25000000,275756587,275756587,1782868366207921,False,True
172459795,2.75900000,174.11000000,275756588,275756589,1782868366207921,False,True
172459796,2.75800000,187.74000000,275756590,275756595,1782868366299114,True,True
172459797,2.75700000,163.70000000,275756596,275756601,1782868366299114,True,True
172459798,2.75700000,201.00000000,275756602,275756603,1782868366321550,False,True
172459799,2.75700000,182.93000000,275756604,275756604,1782868366321729,False,True
172459800,2.75700000,63.53000000,275756605,275756605,1782868366323386,False,True
172459801,2.75700000,1265.15000000,275756606,275756609,1782868366324371,False,True
172459802,2.75700000,43.96000000,275756610,275756610,1782868366324785,False,True
172459803,2.75700000,51.21000000,275756611,275756611,1782868366325300,False,True
172459804,2.75700000,95.31000000,275756612,275756612,1782868366327304,False,True
172459805,2.75600000,221.09000000,275756613,275756619,1782868366347489,True,True
172459806,2.75600000,28.77000000,275756620,275756621,1782868366351721,True,True
172459807,2.75700000,89.00000000,275756622,275756622,1782868366365447,False,True
172459808,2.75600000,29.60000000,275756623,275756623,1782868366365686,True,True
172459809,2.75700000,51.42000000,275756624,275756624,1782868366432397,False,True
172459810,2.75600000,436.94000000,275756625,275756626,1782868366599910,True,True
172459811,2.75600000,14.11000000,275756627,275756627,1782868366749189,True,True
172459812,2.75700000,91.67000000,275756628,275756628,1782868366775535,False,True
172459813,2.75700000,191.64000000,275756629,275756630,1782868366775577,False,True
172459814,2.75700000,109.14000000,275756631,275756631,1782868366776655,False,True
172459815,2.75700000,50.70000000,275756632,275756632,1782868366776933,False,True
172459816,2.75700000,275.05000000,275756633,275756633,1782868366779218,False,True
172459817,2.75700000,176.77000000,275756634,275756634,1782868366781271,False,True
172459818,2.75700000,67.72000000,275756635,275756635,1782868366782544,False,True
172459819,2.75700000,43.46000000,275756636,275756636,1782868366787902,False,True
172459820,2.75800000,90.59000000,275756637,275756640,1782868366965297,False,True
172459821,2.75900000,6.29000000,275756641,275756641,1782868366965297,False,True
172459822,2.75700000,102.30000000,275756642,275756643,1782868367196352,True,True
172459823,2.75700000,17.00000000,275756644,275756645,1782868367209655,True,True
172459824,2.75700000,15.00000000,275756646,275756646,1782868367209763,True,True
172459825,2.75700000,17.00000000,275756647,275756648,1782868367209777,True,True
172459826,2.75700000,17.00000000,275756649,275756650,1782868367209864,True,True
172459827,2.75700000,15.00000000,275756651,275756651,1782868367209912,True,True
172459828,2.75700000,15.00000000,275756652,275756653,1782868367209923,True,True
172459829,2.75700000,17.00000000,275756654,275756654,1782868367209934,True,True
172459830,2.75700000,15.00000000,275756655,275756655,1782868367209949,True,True
172459831,2.75700000,17.00000000,275756656,275756656,1782868367210023,True,True
172459832,2.75700000,17.00000000,275756657,275756657,1782868367210192,True,True
172459833,2.75700000,123.25000000,275756658,275756659,1782868367268438,True,True
172459834,2.75600000,410.98000000,275756660,275756663,1782868367268438,True,True
172459835,2.75500000,15.00000000,275756664,275756666,1782868367268700,True,True
172459836,2.75500000,15.00000000,275756667,275756667,1782868367268765,True,True
172459837,2.75500000,15.00000000,275756668,275756668,1782868367268837,True,True
172459838,2.75600000,71.55000000,275756669,275756669,1782868367270238,False,True
172459839,2.75500000,15.00000000,275756670,275756670,1782868367270259,True,True
172459840,2.75600000,15.00000000,275756671,275756671,1782868367271177,True,True
172459841,2.75600000,44.02000000,275756672,275756673,1782868367344836,True,True
172459842,2.75500000,33.14000000,275756674,275756675,1782868367396293,True,True
172459843,2.75500000,16.28000000,275756676,275756676,1782868367485730,True,True
172459844,2.75500000,2.37000000,275756677,275756677,1782868367512322,True,True
172459845,2.75500000,13.40000000,275756678,275756678,1782868367734508,True,True
172459846,2.75600000,221.56000000,275756679,275756680,1782868367797378,False,True
172459847,2.75600000,17.02000000,275756681,275756681,1782868367798277,False,True
172459848,2.75700000,18.27000000,275756682,275756682,1782868367818182,False,True
172459849,2.75700000,207.20000000,275756683,275756686,1782868367994228,False,True
172459850,2.75700000,11.05000000,275756687,275756687,1782868368078270,True,True
172459851,2.75600000,588.61000000,275756688,275756693,1782868368078270,True,True
172459852,2.75700000,2.37000000,275756694,275756694,1782868368102492,False,True
172459853,2.75700000,474.54000000,275756695,275756701,1782868368123810,False,True
172459854,2.75600000,35.02000000,275756702,275756703,1782868368584534,True,True
172459855,2.75700000,8.22000000,275756704,275756704,1782868368626015,False,True
172459856,2.75700000,10.72000000,275756705,275756705,1782868368626266,False,True
172459857,2.75700000,28.96000000,275756706,275756706,1782868368630017,False,True
172459858,2.75600000,47.80000000,275756707,275756707,1782868368823547,True,True
172459859,2.75700000,1.88000000,275756708,275756708,1782868369124813,False,True
172459860,2.75600000,1.88000000,275756709,275756709,1782868369635351,True,True
172459861,2.75600000,23.40000000,275756710,275756710,1782868369838486,False,True
172459862,2.75600000,4.92000000,275756711,275756711,1782868369848594,True,True
172459863,2.75600000,59.43000000,275756712,275756713,1782868369960014,True,True
172459864,2.75600000,286.16000000,275756714,275756714,1782868369960152,True,True
172459865,2.75700000,7.34000000,275756715,275756717,1782868370208560,False,True
172459866,2.75800000,370.00000000,275756718,275756724,1782868370252134,False,True
172459867,2.75800000,8.62000000,275756725,275756725,1782868370252675,False,True
172459868,2.75800000,571.04000000,275756726,275756727,1782868370254301,False,True
172459869,2.75800000,272.90000000,275756728,275756728,1782868370535797,True,True
172459870,2.75800000,83.25000000,275756729,275756729,1782868371068866,True,True
172459871,2.75700000,93.23000000,275756730,275756733,1782868371076731,True,True
172459872,2.75600000,85.13000000,275756734,275756735,1782868371077422,True,True
172459873,2.75500000,72.00000000,275756736,275756739,1782868371077655,True,True
172459874,2.75500000,72.00000000,275756740,275756741,1782868371077974,True,True
172459875,2.75500000,72.00000000,275756742,275756745,1782868371078062,True,True
172459876,2.75500000,72.00000000,275756746,275756746,1782868371078099,True,True
172459877,2.75500000,72.00000000,275756747,275756747,1782868371078392,True,True
172459878,2.75600000,71.55000000,275756748,275756748,1782868371079552,False,True
172459879,2.75400000,7.00000000,275756749,275756750,1782868371079694,True,True
172459880,2.75600000,80.41000000,275756751,275756751,1782868371081036,False,True
172459881,2.75600000,19.13000000,275756752,275756752,1782868371616989,False,True
172459882,2.75600000,11.39000000,275756753,275756753,1782868371617352,False,True
172459883,2.75700000,5.08000000,275756754,275756755,1782868371713660,False,True
172459884,2.75700000,5.44000000,275756756,275756757,1782868371722647,False,True
172459885,2.75700000,13.07000000,275756758,275756758,1782868371795058,False,True
172459886,2.75700000,17.06000000,275756759,275756759,1782868371797195,False,True
172459887,2.75600000,6.06000000,275756760,275756760,1782868371985831,True,True
172459888,2.75500000,1.87000000,275756761,275756761,1782868372470152,True,True
172459889,2.75400000,37.29000000,275756762,275756767,1782868372566040,True,True
172459890,2.75300000,383.52000000,275756768,275756774,1782868372577982,True,True
172459891,2.75300000,370.00000000,275756775,275756776,1782868372581916,True,True
172459892,2.75300000,370.00000000,275756777,275756777,1782868372583079,True,True
172459893,2.75300000,370.00000000,275756778,275756778,1782868372586020,True,True
172459894,2.75300000,7.77000000,275756779,275756780,1782868372605205,True,True
172459895,2.75200000,1531.63000000,275756781,275756783,1782868372853184,True,True
172459896,2.75200000,800.00000000,275756784,275756785,1782868372855514,True,True
172459897,2.75200000,6.71000000,275756786,275756786,1782868372856308,True,True
172459898,2.75200000,31.97000000,275756787,275756787,1782868372859224,False,True
172459899,2.75200000,31.97000000,275756788,275756788,1782868372859610,False,True
172459900,2.75200000,35.97000000,275756789,275756789,1782868372859639,False,True
172459901,2.75200000,31.97000000,275756790,275756790,1782868372859686,False,True
172459902,2.75200000,35.97000000,275756791,275756791,1782868372859747,False,True
172459903,2.75200000,10.33000000,275756792,275756793,1782868372860034,False,True
172459904,2.75200000,31.97000000,275756794,275756794,1782868372860067,False,True
172459905,2.75200000,7.48000000,275756795,275756795,1782868372860316,False,True
172459906,2.75200000,31.97000000,275756796,275756796,1782868372861317,False,True
172459907,2.75200000,88.26000000,275756797,275756800,1782868372862339,False,True
172459908,2.75200000,78.45000000,275756801,275756801,1782868372864193,False,True
172459909,2.75200000,106.66000000,275756802,275756804,1782868372866549,False,True
172459910,2.75200000,4.75000000,275756805,275756805,1782868372871057,False,True
172459911,2.75200000,31.97000000,275756806,275756806,1782868372879884,False,True
172459912,2.75200000,35.97000000,275756807,275756807,1782868372880220,False,True
172459913,2.75200000,35.97000000,275756808,275756808,1782868372880889,False,True
172459914,2.75200000,83.25000000,275756809,275756809,1782868372898405,True,True
172459915,2.75200000,82.42000000,275756810,275756810,1782868372902417,False,True
172459916,2.75200000,35.97000000,275756811,275756811,1782868372915132,False,True
172459917,2.75200000,35.97000000,275756812,275756812,1782868372915263,False,True
172459918,2.75200000,83.21000000,275756813,275756813,1782868372931710,False,True
172459919,2.75200000,83.25000000,275756814,275756814,1782868372939318,True,True
172459920,2.75200000,83.25000000,275756815,275756815,1782868372945808,True,True
172459921,2.75200000,83.25000000,275756816,275756816,1782868372949282,True,True
172459922,2.75200000,83.25000000,275756817,275756817,1782868372965105,False,True
172459923,2.75300000,370.00000000,275756818,275756818,1782868372996900,False,True
172459924,2.75300000,370.00000000,275756819,275756819,1782868372996910,False,True
172459925,2.75300000,370.00000000,275756820,275756820,1782868372996918,False,True
172459926,2.75300000,134.72000000,275756821,275756825,1782868372997311,False,True
172459927,2.75300000,605.28000000,275756826,275756826,1782868373010746,False,True
172459928,2.75300000,370.00000000,275756827,275756827,1782868373011165,False,True
172459929,2.75300000,105.92000000,275756828,275756828,1782868373012731,False,True
172459930,2.75300000,144.80000000,275756829,275756829,1782868373015376,False,True
172459931,2.75300000,75.74000000,275756830,275756830,1782868373018206,False,True
172459932,2.75300000,2.38000000,275756831,275756831,1782868373041028,True,True
172459933,2.75400000,43.54000000,275756832,275756835,1782868373176061,False,True
172459934,2.75400000,168.97000000,275756836,275756837,1782868373210975,False,True
172459935,2.75500000,201.03000000,275756838,275756841,1782868373521557,False,True
172459936,2.75500000,13.07000000,275756842,275756842,1782868373545183,False,True
172459937,2.75600000,10.00000000,275756843,275756843,1782868373781598,False,True
172459938,2.75600000,152.14000000,275756844,275756847,1782868374252951,False,True
172459939,2.75700000,11.20000000,275756848,275756851,1782868374564987,False,True
172459940,2.75800000,40.31000000,275756852,275756852,1782868374773311,False,True
172459941,2.75600000,260.49000000,275756853,275756853,1782868375084811,True,True
172459942,2.75600000,2.38000000,275756854,275756854,1782868375109411,True,True
172459943,2.75600000,6.81000000,275756855,275756858,1782868375123029,True,True
172459944,2.75500000,38.89000000,275756859,275756862,1782868375221102,True,True
172459945,2.75500000,40.00000000,275756863,275756863,1782868375221408,True,True
172459946,2.75400000,9.21000000,275756864,275756867,1782868375284889,True,True
172459947,2.75300000,45.82000000,275756868,275756870,1782868375515150,True,True
172459948,2.75200000,741.31000000,275756871,275756872,1782868375622799,True,True
172459949,2.75200000,30.09000000,275756873,275756873,1782868375625607,True,True
172459950,2.75200000,79.65000000,275756874,275756874,1782868375625951,True,True
172459951,2.75200000,3.87000000,275756875,275756876,1782868375630508,True,True
172459952,2.75100000,41.76000000,275756877,275756880,1782868375671896,True,True
172459953,2.75100000,74.42000000,275756881,275756885,1782868375673054,True,True
172459954,2.75100000,9.09000000,275756886,275756886,1782868375736891,False,True
172459955,2.75000000,722.89000000,275756887,275756892,1782868375798415,True,True
172459956,2.75000000,261.27000000,275756893,275756900,1782868375799771,True,True
172459957,2.75000000,245.01000000,275756901,275756901,1782868375800167,True,True
172459958,2.75000000,151.70000000,275756902,275756902,1782868375801425,True,True
172459959,2.75000000,232.76000000,275756903,275756903,1782868375805499,True,True
172459960,2.75000000,131.84000000,275756904,275756904,1782868375805552,True,True
172459961,2.75000000,51.57000000,275756905,275756905,1782868375807787,True,True
172459962,2.75000000,100.19000000,275756906,275756906,1782868375808643,True,True
172459963,2.75100000,123.25000000,275756907,275756908,1782868376038416,True,True
172459964,2.75000000,82.40000000,275756909,275756909,1782868376067066,True,True
172459965,2.75100000,10.00000000,275756910,275756910,1782868376192542,True,True
172459966,2.75200000,1450.02000000,275756911,275756917,1782868376261638,False,True
172459967,2.75300000,10.00000000,275756918,275756918,1782868376487998,False,True
172459968,2.75100000,233.99000000,275756919,275756919,1782868377075763,True,True
172459969,2.75200000,18.55000000,275756920,275756920,1782868377119504,False,True
172459970,2.75200000,3.63000000,275756921,275756921,1782868377205156,False,True
172459971,2.75200000,29.46000000,275756922,275756922,1782868377766003,False,True
172459972,2.75200000,3.63000000,275756923,275756924,1782868377768625,False,True
172459973,2.75100000,20.15000000,275756925,275756926,1782868378236665,False,True
172459974,2.75200000,10.00000000,275756927,275756929,1782868379154229,False,True
172459975,2.75100000,102.82000000,275756930,275756932,1782868379942869,False,True
172459976,2.75200000,5.46000000,275756933,275756934,1782868379985557,False,True
172459977,2.75200000,3.63000000,275756935,275756935,1782868380308735,True,True
172459978,2.75300000,7.46000000,275756936,275756938,1782868380755940,False,True
172459979,2.75300000,10.00000000,275756939,275756939,1782868380846281,True,True
172459980,2.75300000,10.00000000,275756940,275756941,1782868381559466,False,True
172459981,2.75200000,1.88000000,275756942,275756942,1782868382057958,True,True
172459982,2.75200000,4.36000000,275756943,275756943,1782868382081368,False,True
172459983,2.75100000,3.75000000,275756944,275756945,1782868382647139,True,True
172459984,2.75200000,8.84000000,275756946,275756948,1782868383004621,False,True
172459985,2.75200000,9.99000000,275756949,275756949,1782868383101047,True,True
172459986,2.75300000,7.34000000,275756950,275756952,1782868383958567,False,True
172459987,2.75200000,1.88000000,275756953,275756953,1782868384306451,True,True
172459988,2.75100000,14.30000000,275756954,275756956,1782868384306451,True,True
172459989,2.75100000,1.88000000,275756957,275756957,1782868384416182,True,True
172459990,2.75200000,7.89000000,275756958,275756960,1782868384889340,False,True
172459991,2.75000000,7.89000000,275756961,275756961,1782868387690972,True,True
172459992,2.75000000,403.83000000,275756962,275756967,1782868387692674,True,True
172459993,2.75000000,3.63000000,275756968,275756968,1782868387882501,False,True
172459994,2.75100000,9.79000000,275756969,275756972,1782868389078047,False,True
172459995,2.75100000,345.59000000,275756973,275756975,1782868389224562,True,True
172459996,2.75000000,4.38000000,275756976,275756977,1782868389486223,True,True
172459997,2.75000000,2.73000000,275756978,275756978,1782868390021542,True,True
172459998,2.75000000,2.73000000,275756979,275756979,1782868390022185,True,True
172459999,2.75000000,2.73000000,275756980,275756980,1782868390024883,True,True
172460000,2.74900000,22.33000000,275756981,275756985,1782868390362953,True,True
172460001,2.74900000,1.82000000,275756986,275756986,1782868390969500,False,True
172460002,2.75000000,7.34000000,275756987,275756989,1782868392261913,False,True
172460003,2.75100000,989.09000000,275756990,275757004,1782868392285467,False,True
172460004,2.75000000,2.39000000,275757005,275757005,1782868393624163,True,True
172460005,2.75000000,336.13000000,275757006,275757007,1782868393624730,True,True
172460006,2.75000000,29.84000000,275757008,275757008,1782868393624795,True,True
172460007,2.74900000,5.76000000,275757009,275757011,1782868393764477,True,True
172460008,2.74800000,220.24000000,275757012,275757012,1782868394191514,True,True
172460009,2.74800000,1110.00000000,275757013,275757013,1782868394228378,True,True
172460010,2.74800000,227.54000000,275757014,275757017,1782868394228433,True,True
172460011,2.74700000,12.05000000,275757018,275757021,1782868394356056,True,True
172460012,2.74700000,301.80000000,275757022,275757025,1782868394495590,False,True
172460013,2.74800000,181.81000000,275757026,275757029,1782868394726456,False,True
172460014,2.74800000,8.43000000,275757030,275757032,1782868394949479,False,True
172460015,2.74800000,211.96000000,275757033,275757033,1782868394950360,False,True
172460016,2.74900000,4.30000000,275757034,275757034,1782868395131057,False,True
172460017,2.74900000,7.34000000,275757035,275757037,1782868396087806,False,True
172460018,2.75000000,29.57000000,275757038,275757044,1782868396757210,False,True
172460019,2.74800000,1.88000000,275757045,275757045,1782868397843528,True,True
172460020,2.74700000,3.89000000,275757046,275757047,1782868398452561,True,True
172460021,2.74600000,275.74000000,275757048,275757049,1782868398463182,True,True
172460022,2.74600000,420.19000000,275757050,275757050,1782868398464848,True,True
172460023,2.74600000,33.14000000,275757051,275757052,1782868398473911,True,True
172460024,2.74600000,159.35000000,275757053,275757062,1782868398482150,True,True
172460025,2.74600000,40.00000000,275757063,275757063,1782868398486355,False,True
172460026,2.74500000,160.46000000,275757064,275757066,1782868398527028,True,True
172460027,2.74600000,7.28000000,275757067,275757067,1782868398677857,False,True
172460028,2.74700000,10.87000000,275757068,275757068,1782868398841832,False,True
172460029,2.74700000,7.36000000,275757069,275757071,1782868399097141,False,True
172460030,2.74800000,9.18000000,275757072,275757075,1782868400062534,False,True
172460031,2.74800000,96.56000000,275757076,275757078,1782868400823504,True,True
172460032,2.74700000,46.14000000,275757079,275757080,1782868400983981,True,True
172460033,2.74800000,22.03000000,275757081,275757081,1782868401316059,False,True
172460034,2.74700000,13.00000000,275757082,275757082,1782868401459444,True,True
172460035,2.74600000,14.58000000,275757083,275757088,1782868401513972,True,True
172460036,2.74600000,5.44000000,275757089,275757089,1782868401606212,False,True
172460037,2.74700000,1.88000000,275757090,275757090,1782868402217885,False,True
172460038,2.74800000,9.18000000,275757091,275757094,1782868402561214,False,True
172460039,2.74900000,166.28000000,275757095,275757101,1782868402666067,False,True
172460040,2.74800000,85.13000000,275757102,275757103,1782868403069319,True,True
172460041,2.74700000,1.88000000,275757104,275757104,1782868403428834,True,True
172460042,2.74600000,3.75000000,275757105,275757106,1782868403664865,True,True
172460043,2.74500000,168.56000000,275757107,275757107,1782868403911127,True,True
172460044,2.74600000,24.99000000,275757108,275757108,1782868404111315,False,True
172460045,2.74600000,2.47000000,275757109,275757109,1782868404450855,False,True
172460046,2.74500000,150.12000000,275757110,275757118,1782868405142101,True,True
172460047,2.74400000,42.15000000,275757119,275757122,1782868405258838,True,True
172460048,2.74300000,16.70000000,275757123,275757126,1782868405282760,True,True
172460049,2.74300000,7.23000000,275757127,275757127,1782868405282760,True,True
172460050,2.74300000,72.77000000,275757128,275757134,1782868405283258,True,True
172460051,2.74200000,2.39000000,275757135,275757135,1782868405376480,True,True
172460052,2.74200000,42.41000000,275757136,275757145,1782868405376480,True,True
172460053,2.74100000,64.69000000,275757146,275757147,1782868405376480,True,True
172460054,2.74200000,27.64000000,275757148,275757148,1782868405611799,True,True
172460055,2.74300000,3.00000000,275757149,275757149,1782868406039532,False,True
172460056,2.74300000,43.15000000,275757150,275757154,1782868406062108,False,True
172460057,2.74400000,13.85000000,275757155,275757155,1782868406366539,False,True
172460058,2.74400000,3.64000000,275757156,275757156,1782868406381228,False,True
172460059,2.74400000,9.48000000,275757157,275757157,1782868406382152,False,True
172460060,2.74400000,309.16000000,275757158,275757163,1782868406413361,False,True
172460061,2.74400000,158.06000000,275757164,275757164,1782868406705224,False,True
172460062,2.74400000,40.00000000,275757165,275757165,1782868407333547,True,True
172460063,2.74500000,7.37000000,275757166,275757168,1782868407531226,False,True
172460064,2.74600000,5.46000000,275757169,275757169,1782868407569958,False,True
172460065,2.74600000,12.39000000,275757170,275757170,1782868407675706,False,True
172460066,2.74600000,247.42000000,275757171,275757177,1782868408004313,False,True
172460067,2.74700000,42.78000000,275757178,275757182,1782868408013530,False,True
172460068,2.74700000,68.32000000,275757183,275757184,1782868408100674,False,True
172460069,2.74800000,9.37000000,275757185,275757188,1782868409459229,False,True
172460070,2.74700000,3.77000000,275757189,275757189,1782868409916179,True,True
172460071,2.74700000,1.87000000,275757190,275757190,1782868410435413,True,True
172460072,2.74600000,31.96000000,275757191,275757191,1782868410457116,True,True
172460073,2.74600000,3.63000000,275757192,275757193,1782868410657019,True,True
172460074,2.74600000,83.25000000,275757194,275757194,1782868411646255,True,True
172460075,2.74600000,83.25000000,275757195,275757195,1782868411865546,True,True
172460076,2.74700000,9.48000000,275757196,275757199,1782868412222034,False,True
