22276097,0.00141500,19750.00,49651592,49651594,1782864001649472,False,True
22276098,0.00141600,22310.00,49651595,49651599,1782864012208795,False,True
22276099,0.00141700,35907.00,49651600,49651604,1782864012484467,False,True
22276100,0.00141700,29994.00,49651605,49651605,1782864015614603,True,True
22276101,0.00141700,68379.00,49651606,49651608,1782864015614610,True,True
22276102,0.00141700,5206.00,49651609,49651609,1782864020125980,False,True
22276103,0.00141700,8331.00,49651610,49651611,1782864021776970,False,True
22276104,0.00141800,81271.00,49651612,49651618,1782864027875005,False,True
22276105,0.00141800,286650.00,49651619,49651620,1782864042230737,True,True
22276106,0.00141800,3702.00,49651621,49651621,1782864050482254,False,True
22276107,0.00141800,7047.00,49651622,49651623,1782864059312088,True,True
22276108,0.00141900,5288.00,49651624,49651625,1782864060245607,False,True
22276109,0.00141900,5288.00,49651626,49651627,1782864060245608,False,True
22276110,0.00141800,3702.00,49651628,49651628,1782864070617746,True,True
22276111,0.00141700,42661.00,49651629,49651629,1782864076010434,True,True
22276112,0.00141800,407335.00,49651630,49651632,1782864081643109,False,True
22276113,0.00141800,49055.00,49651633,49651633,1782864088019142,True,True
22276114,0.00141800,168750.00,49651634,49651634,1782864090015108,True,True
22276115,0.00141700,199804.00,49651635,49651638,1782864090015108,True,True
22276116,0.00141800,4650.00,49651639,49651639,1782864093285108,False,True
22276117,0.00141800,4231.00,49651640,49651640,1782864093338319,False,True
22276118,0.00141900,449034.00,49651641,49651644,1782864093571328,False,True
22276119,0.00141800,84188.00,49651645,49651646,1782864115228231,True,True
22276120,0.00141700,88418.00,49651647,49651649,1782864140113160,True,True
22276121,0.00141700,168750.00,49651650,49651650,1782864145646680,False,True
22276122,0.00141600,62700.00,49651651,49651655,1782864192369497,True,True
22276123,0.00141600,33480.00,49651656,49651656,1782864192369558,True,True
22276124,0.00141500,321061.00,49651657,49651661,1782864206763173,True,True
22276125,0.00141600,85111.00,49651662,49651665,1782864250532419,False,True
22276126,0.00141600,62700.00,49651666,49651666,1782864253618893,True,True
22276127,0.00141600,62700.00,49651667,49651667,1782864253620182,True,True
22276128,0.00141600,4239.00,49651668,49651668,1782864253621559,True,True
22276129,0.00141600,72111.00,49651669,49651670,1782864276514332,False,True
22276130,0.00141600,200000.00,49651671,49651672,1782864297770951,False,True
22276131,0.00141600,159915.00,49651673,49651674,1782864297771282,False,True
22276132,0.00141600,14748.00,49651675,49651675,1782864297771316,False,True
22276133,0.00141700,7768.00,49651676,49651676,1782864307480119,False,True
22276134,0.00141600,460208.00,49651677,49651683,1782864322039133,True,True
22276135,0.00141600,92041.00,49651684,49651684,1782864322041028,True,True
22276136,0.00141500,5299.00,49651685,49651686,1782864344609861,True,True
22276137,0.00141500,5299.00,49651687,49651687,1782864344609863,True,True
22276138,0.00141500,5299.00,49651688,49651688,1782864344610045,True,True
22276139,0.00141500,5299.00,49651689,49651689,1782864344610111,True,True
22276140,0.00141500,5299.00,49651690,49651690,1782864344610116,True,True
22276141,0.00141500,5299.00,49651691,49651691,1782864344610117,True,True
22276142,0.00141500,5299.00,49651692,49651692,1782864344610119,True,True
22276143,0.00141500,689779.00,49651693,49651695,1782864344681618,True,True
22276144,0.00141500,137955.00,49651696,49651696,1782864344682831,True,True
22276145,0.00141500,6364.00,49651697,49651697,1782864345387660,False,True
22276146,0.00141400,317236.00,49651698,49651702,1782864375499212,True,True
22276147,0.00141400,62700.00,49651703,49651703,1782864375500503,True,True
22276148,0.00141400,12689.00,49651704,49651705,1782864375505187,True,True
22276149,0.00141400,28786.00,49651706,49651706,1782864401831697,False,True
22276150,0.00141400,188006.00,49651707,49651709,1782864413352817,True,True
22276151,0.00141400,9990.00,49651710,49651710,1782864413356537,True,True
22276152,0.00141400,27611.00,49651711,49651711,1782864414026523,True,True
22276153,0.00141400,5522.00,49651712,49651712,1782864414030165,True,True
22276154,0.00141400,3599.00,49651713,49651713,1782864421685830,False,True
22276155,0.00141500,14350.00,49651714,49651716,1782864428994480,False,True
22276156,0.00141500,47154.00,49651717,49651718,1782864462401907,True,True
22276157,0.00141400,227046.00,49651719,49651719,1782864463284899,True,True
22276158,0.00141400,517493.00,49651720,49651720,1782864463285115,True,True
22276159,0.00141400,188988.00,49651721,49651721,1782864463286612,True,True
22276160,0.00141400,59468.00,49651722,49651722,1782864463327885,True,True
22276161,0.00141400,62700.00,49651723,49651723,1782864479949595,False,True
22276162,0.00141500,62700.00,49651724,49651724,1782864480980176,False,True
22276163,0.00141600,265412.00,49651725,49651729,1782864480981265,False,True
22276164,0.00141600,62700.00,49651730,49651732,1782864480982437,False,True
22276165,0.00141600,237277.00,49651733,49651735,1782864480982440,False,True
22276166,0.00141700,21790.00,49651736,49651740,1782864481288038,False,True
22276167,0.00141700,62700.00,49651741,49651741,1782864481289217,False,True
22276168,0.00141700,91378.00,49651742,49651742,1782864482397013,True,True
22276169,0.00141600,177633.00,49651743,49651744,1782864490567132,True,True
22276170,0.00141600,159644.00,49651745,49651745,1782864490568623,True,True
22276171,0.00141600,41118.00,49651746,49651746,1782864490568693,True,True
22276172,0.00141600,183460.00,49651747,49651747,1782864490568748,True,True
22276173,0.00141600,28992.00,49651748,49651748,1782864514144185,True,True
22276174,0.00141600,17298.00,49651749,49651749,1782864514144286,True,True
22276175,0.00141600,61745.00,49651750,49651750,1782864514344673,False,True
22276176,0.00141600,5575.00,49651751,49651752,1782864516617325,True,True
22276177,0.00141600,200000.00,49651753,49651754,1782864519413907,True,True
22276178,0.00141600,11017.00,49651755,49651755,1782864519413952,True,True
22276179,0.00141600,42203.00,49651756,49651756,1782864519416670,True,True
22276180,0.00141600,33750.00,49651757,49651757,1782864527289721,True,True
22276181,0.00141500,14748.00,49651758,49651760,1782864532416949,True,True
22276182,0.00141500,111218.00,49651761,49651761,1782864532416960,True,True
22276183,0.00141500,200000.00,49651762,49651762,1782864532417037,True,True
22276184,0.00141500,802229.00,49651763,49651764,1782864532417099,True,True
22276185,0.00141500,4240.00,49651765,49651765,1782864534330551,False,True
22276186,0.00141400,57659.00,49651766,49651768,1782864541785199,True,True
22276187,0.00141400,62700.00,49651769,49651769,1782864541785293,True,True
22276188,0.00141400,495580.00,49651770,49651771,1782864541785295,True,True
22276189,0.00141300,12737.00,49651772,49651774,1782864548764635,True,True
22276190,0.00141300,12737.00,49651775,49651775,1782864548764679,True,True
22276191,0.00141300,26470.00,49651776,49651776,1782864548765086,True,True
22276192,0.00141300,14153.00,49651777,49651777,1782864548768238,True,True
22276193,0.00141300,15377.00,49651778,49651778,1782864548788123,True,True
22276194,0.00141300,326206.00,49651779,49651779,1782864556272220,True,True
22276195,0.00141300,368240.00,49651780,49651781,1782864556272282,True,True
22276196,0.00141300,88775.00,49651782,49651783,1782864573207866,True,True
22276197,0.00141300,109669.00,49651784,49651784,1782864573209062,True,True
22276198,0.00141200,14748.00,49651785,49651788,1782864582444722,True,True
22276199,0.00141200,200000.00,49651789,49651789,1782864582444839,True,True
22276200,0.00141200,200000.00,49651790,49651790,1782864582444857,True,True
22276201,0.00141200,14748.00,49651791,49651791,1782864582444924,True,True
22276202,0.00141200,162079.00,49651792,49651792,1782864582444986,True,True
22276203,0.00141200,200000.00,49651793,49651793,1782864582445036,True,True
22276204,0.00141200,14748.00,49651794,49651794,1782864582445068,True,True
22276205,0.00141200,200000.00,49651795,49651795,1782864582445075,True,True
22276206,0.00141200,14748.00,49651796,49651797,1782864582445180,True,True
22276207,0.00141200,5665.00,49651798,49651798,1782864583336109,False,True
22276208,0.00141100,271465.00,49651799,49651801,1782864592938844,True,True
22276209,0.00141100,234326.00,49651802,49651802,1782864592939197,True,True
22276210,0.00141100,62700.00,49651803,49651803,1782864592940409,True,True
22276211,0.00141100,698218.00,49651804,49651805,1782864592940554,True,True
22276212,0.00141000,382752.00,49651806,49651811,1782864602163019,True,True
22276213,0.00141000,160699.00,49651812,49651814,1782864602874607,True,True
22276214,0.00141000,175272.00,49651815,49651817,1782864608760644,False,True
22276215,0.00141100,401516.00,49651818,49651823,1782864631431375,False,True
22276216,0.00141200,26578.00,49651824,49651829,1782864637229730,False,True
22276217,0.00141200,11010.00,49651830,49651830,1782864644326518,True,True
22276218,0.00141300,32455.00,49651831,49651837,1782864645325985,False,True
22276219,0.00141400,21759.00,49651838,49651838,1782864657403057,False,True
22276220,0.00141400,57217.00,49651839,49651839,1782864657991788,False,True
22276221,0.00141400,230964.00,49651840,49651846,1782864657993547,False,True
22276222,0.00141400,62700.00,49651847,49651849,1782864668975776,True,True
22276223,0.00141400,62700.00,49651850,49651851,1782864668978918,True,True
22276224,0.00141400,62700.00,49651852,49651852,1782864668990661,True,True
22276225,0.00141400,42220.00,49651853,49651854,1782864703404137,True,True
22276226,0.00141400,13301.00,49651855,49651855,1782864710734831,True,True
22276227,0.00141400,14748.00,49651856,49651856,1782864710737405,True,True
22276228,0.00141400,14748.00,49651857,49651857,1782864710737436,True,True
22276229,0.00141400,200000.00,49651858,49651859,1782864710737532,True,True
22276230,0.00141400,200000.00,49651860,49651862,1782864710737586,True,True
22276231,0.00141400,88771.00,49651863,49651864,1782864710741604,True,True
22276232,0.00141400,12456.00,49651865,49651865,1782864710866881,True,True
22276233,0.00141400,5653.00,49651866,49651867,1782864720066723,True,True
22276234,0.00141500,19379.00,49651868,49651872,1782864735645122,False,True
22276235,0.00141500,7768.00,49651873,49651873,1782864751969730,True,True
22276236,0.00141500,300153.00,49651874,49651877,1782864758559498,True,True
22276237,0.00141500,3709.00,49651878,49651878,1782864758767601,False,True
22276238,0.00141500,7720.00,49651879,49651879,1782864759457291,True,True
22276239,0.00141500,217652.00,49651880,49651885,1782864770437708,True,True
22276240,0.00141500,12822.00,49651886,49651886,1782864770440035,True,True
22276241,0.00141500,33272.00,49651887,49651887,1782864770441823,True,True
22276242,0.00141500,86944.00,49651888,49651888,1782864796345676,False,True
22276243,0.00141600,34188.00,49651889,49651895,1782864812093967,False,True
22276244,0.00141700,21777.00,49651896,49651900,1782864822374195,False,True
22276245,0.00141700,23388.00,49651901,49651901,1782864822617111,True,True
22276246,0.00141800,131352.00,49651902,49651909,1782864835366585,False,True
22276247,0.00141900,90192.00,49651910,49651913,1782864839224414,False,True
22276248,0.00141900,37366.00,49651914,49651915,1782864893562522,True,True
22276249,0.00141900,551300.00,49651916,49651919,1782864893562534,True,True
22276250,0.00141900,62700.00,49651920,49651920,1782864893563513,True,True
22276251,0.00141900,204236.00,49651921,49651922,1782864893565514,True,True
22276252,0.00141900,189293.00,49651923,49651923,1782864900635690,False,True
22276253,0.00141900,65628.00,49651924,49651926,1782864906457049,True,True
22276254,0.00142000,62700.00,49651927,49651933,1782864918215021,False,True
22276255,0.00142000,253824.00,49651934,49651934,1782864918215357,False,True
22276256,0.00142000,528612.00,49651935,49651935,1782864918215426,False,True
22276257,0.00142100,207994.00,49651936,49651942,1782864918320410,False,True
22276258,0.00142200,21745.00,49651943,49651943,1782864918488136,False,True
22276259,0.00142000,3735.00,49651944,49651944,1782864944752105,True,True
22276260,0.00141900,7615.00,49651945,49651946,1782864948373228,True,True
22276261,0.00141800,13382.00,49651947,49651949,1782864960898594,True,True
22276262,0.00141800,13449.00,49651950,49651950,1782864961950275,False,True
22276263,0.00141900,62700.00,49651951,49651951,1782864971930515,False,True
22276264,0.00141900,261534.00,49651952,49651956,1782864971932120,False,True
22276265,0.00141900,6338.00,49651957,49651957,1782864984208493,True,True
22276266,0.00142000,220693.00,49651958,49651960,1782865011850970,False,True
22276267,0.00142000,294853.00,49651961,49651962,1782865038208861,False,True
22276268,0.00142100,18188.00,49651963,49651966,1782865056330707,False,True
22276269,0.00142000,7960.00,49651967,49651968,1782865149856606,True,True
22276270,0.00141900,7615.00,49651969,49651970,1782865156476311,True,True
22276271,0.00141800,11852.00,49651971,49651973,1782865182581637,True,True
22276272,0.00141700,16298.00,49651974,49651976,1782865197851632,True,True
22276273,0.00141800,35966.00,49651977,49651977,1782865220539028,False,True
22276274,0.00141700,35930.00,49651978,49651978,1782865222896159,True,True
22276275,0.00141900,11858.00,49651979,49651981,1782865235282026,False,True
22276276,0.00141900,5641.00,49651982,49651982,1782865270519583,False,True
22276277,0.00141800,3740.00,49651983,49651983,1782865275046753,True,True
22276278,0.00141700,16518.00,49651984,49651987,1782865281893205,True,True
22276279,0.00141600,116123.00,49651988,49651993,1782865299507428,True,True
22276280,0.00141500,23306.00,49651994,49651998,1782865312608490,True,True
22276281,0.00141400,798700.00,49651999,49652008,1782865312610529,True,True
22276282,0.00141400,544100.00,49652009,49652010,1782865312611106,True,True
22276283,0.00141400,555600.00,49652011,49652012,1782865312618678,True,True
22276284,0.00141400,163770.00,49652013,49652014,1782865312619838,True,True
22276285,0.00141400,73748.00,49652015,49652015,1782865312622997,True,True
22276286,0.00141400,29707.00,49652016,49652016,1782865312623018,True,True
22276287,0.00141400,273595.00,49652017,49652017,1782865312642315,False,True
22276288,0.00141400,14748.00,49652018,49652018,1782865312645769,False,True
22276289,0.00141400,64541.00,49652019,49652019,1782865312646260,False,True
22276290,0.00141400,71233.00,49652020,49652020,1782865312663643,True,True
22276291,0.00141400,59883.00,49652021,49652021,1782865312663781,True,True
22276292,0.00141400,127113.00,49652022,49652022,1782865312671580,False,True
22276293,0.00141400,39471.00,49652023,49652023,1782865312687153,True,True
22276294,0.00141400,129279.00,49652024,49652024,1782865312687156,True,True
22276295,0.00141500,705000.00,49652025,49652028,1782865312902602,False,True
22276296,0.00141500,620300.00,49652029,49652032,1782865312904334,False,True
22276297,0.00141500,217000.00,49652033,49652034,1782865312905787,False,True
22276298,0.00141500,62700.00,49652035,49652035,1782865312906058,False,True
22276299,0.00141600,17142.00,49652036,49652036,1782865313381821,False,True
22276300,0.00141500,168750.00,49652037,49652037,1782865315473648,True,True
22276301,0.00141500,23266.00,49652038,49652038,1782865316492436,True,True
22276302,0.00141500,716600.00,49652039,49652039,1782865346247780,False,True
22276303,0.00141600,7067.00,49652040,49652041,1782865348375358,False,True
22276304,0.00141600,179594.00,49652042,49652046,1782865358227013,False,True
22276305,0.00141600,880500.00,49652047,49652047,1782865363550738,False,True
22276306,0.00141600,62700.00,49652048,49652048,1782865363552272,False,True
22276307,0.00141600,14748.00,49652049,49652049,1782865363553246,False,True
22276308,0.00141600,6619.00,49652050,49652050,1782865363553711,False,True
22276309,0.00141600,200000.00,49652051,49652051,1782865363553765,False,True
22276310,0.00141600,40086.00,49652052,49652052,1782865363554030,False,True
22276311,0.00141600,97214.00,49652053,49652053,1782865363554140,False,True
22276312,0.00141700,23404.00,49652054,49652058,1782865378191370,False,True
22276313,0.00141700,52684.00,49652059,49652059,1782865381605157,False,True
22276314,0.00141600,3746.00,49652060,49652060,1782865401196531,True,True
22276315,0.00141600,62700.00,49652061,49652062,1782865413654934,False,True
22276316,0.00141600,50276.00,49652063,49652063,1782865413656892,False,True
22276317,0.00141600,5933.00,49652064,49652064,1782865414248971,True,True
22276318,0.00141500,5933.00,49652065,49652066,1782865422875040,True,True
22276319,0.00141700,104976.00,49652067,49652069,1782865440290076,False,True
22276320,0.00141700,4239.00,49652070,49652070,1782865441733061,True,True
22276321,0.00141700,18061.00,49652071,49652071,1782865448757785,False,True
22276322,0.00141600,3746.00,49652072,49652072,1782865474287571,True,True
22276323,0.00141500,4016.00,49652073,49652074,1782865474287571,True,True
22276324,0.00141600,86342.00,49652075,49652075,1782865481138508,False,True
22276325,0.00141500,54370.00,49652076,49652077,1782865492781353,True,True
22276326,0.00141500,4237.00,49652078,49652078,1782865499760733,True,True
22276327,0.00141600,46966.00,49652079,49652079,1782865500332662,False,True
22276328,0.00141700,62700.00,49652080,49652080,1782865506684544,False,True
22276329,0.00141700,14349.00,49652081,49652083,1782865511733088,False,True
22276330,0.00141600,43212.00,49652084,49652084,1782865527783640,True,True
22276331,0.00141600,11004.00,49652085,49652086,1782865539905958,True,True
22276332,0.00141500,699600.00,49652087,49652093,1782865539912609,True,True
22276333,0.00141500,147393.00,49652094,49652095,1782865539913743,True,True
22276334,0.00141500,637400.00,49652096,49652098,1782865539920944,True,True
22276335,0.00141500,136780.00,49652099,49652099,1782865539924498,True,True
22276336,0.00141500,236850.00,49652100,49652101,1782865539925935,True,True
22276337,0.00141500,137012.00,49652102,49652103,1782865539927464,True,True
22276338,0.00141500,51858.00,49652104,49652104,1782865539930868,True,True
22276339,0.00141500,56018.00,49652105,49652105,1782865539931165,True,True
22276340,0.00141500,55622.00,49652106,49652106,1782865539934899,True,True
22276341,0.00141500,113128.00,49652107,49652110,1782865539940658,True,True
22276342,0.00141500,261341.00,49652111,49652113,1782865539953111,True,True
22276343,0.00141400,543464.00,49652114,49652119,1782865539978066,True,True
22276344,0.00141400,1701569.00,49652120,49652129,1782865540005659,True,True
22276345,0.00141400,234326.00,49652130,49652132,1782865540245778,True,True
22276346,0.00141400,21749.00,49652133,49652135,1782865540580360,True,True
22276347,0.00141400,168750.00,49652136,49652136,1782865540851548,True,True
22276348,0.00141400,200000.00,49652137,49652138,1782865541007439,False,True
22276349,0.00141400,14748.00,49652139,49652139,1782865541007449,False,True
22276350,0.00141400,14748.00,49652140,49652140,1782865541007471,False,True
22276351,0.00141400,200000.00,49652141,49652141,1782865541007480,False,True
22276352,0.00141400,200000.00,49652142,49652142,1782865541007514,False,True
22276353,0.00141400,200000.00,49652143,49652143,1782865541007537,False,True
22276354,0.00141400,14748.00,49652144,49652144,1782865541007542,False,True
22276355,0.00141400,200000.00,49652145,49652145,1782865541007568,False,True
22276356,0.00141400,14748.00,49652146,49652146,1782865541007600,False,True
22276357,0.00141400,14748.00,49652147,49652147,1782865541007608,False,True
22276358,0.00141400,14748.00,49652148,49652148,1782865541007611,False,True
22276359,0.00141400,14748.00,49652149,49652149,1782865541007618,False,True
22276360,0.00141400,14748.00,49652150,49652150,1782865541007645,False,True
22276361,0.00141400,14748.00,49652151,49652151,1782865541007661,False,True
22276362,0.00141400,14748.00,49652152,49652152,1782865541007687,False,True
22276363,0.00141400,200000.00,49652153,49652153,1782865541007712,False,True
22276364,0.00141400,200000.00,49652154,49652154,1782865541007715,False,True
22276365,0.00141400,200000.00,49652155,49652155,1782865541007728,False,True
22276366,0.00141400,200000.00,49652156,49652156,1782865541007739,False,True
22276367,0.00141400,200000.00,49652157,49652157,1782865541007746,False,True
22276368,0.00141400,18965.00,49652158,49652158,1782865541007763,False,True
22276369,0.00141400,200000.00,49652159,49652159,1782865541007805,False,True
22276370,0.00141400,14748.00,49652160,49652160,1782865541007896,False,True
22276371,0.00141500,204657.00,49652161,49652161,1782865548352435,False,True
22276372,0.00141500,231450.00,49652162,49652163,1782865550905550,True,True
22276373,0.00141500,7493.00,49652164,49652164,1782865551015458,False,True
22276374,0.00141400,145907.00,49652165,49652166,1782865552781324,True,True
22276375,0.00141500,200000.00,49652167,49652170,1782865562178736,True,True
22276376,0.00141500,158207.00,49652171,49652171,1782865562180806,True,True
22276377,0.00141500,91767.00,49652172,49652172,1782865562183280,True,True
22276378,0.00141500,79648.00,49652173,49652173,1782865562224668,False,True
22276379,0.00141500,168750.00,49652174,49652174,1782865562269186,False,True
22276380,0.00141500,62700.00,49652175,49652175,1782865566394019,True,True
22276381,0.00141500,168750.00,49652176,49652176,1782865581664576,True,True
22276382,0.00141400,97078.00,49652177,49652178,1782865592784063,True,True
22276383,0.00141500,6364.00,49652179,49652179,1782865595391534,False,True
22276384,0.00141400,49657.00,49652180,49652180,1782865612781724,True,True
22276385,0.00141400,81175.00,49652181,49652181,1782865618402628,False,True
22276386,0.00141400,231450.00,49652182,49652183,1782865618819281,True,True
22276387,0.00141400,10683.00,49652184,49652184,1782865625969122,True,True
22276388,0.00141500,80063.00,49652185,49652186,1782865627200031,False,True
22276389,0.00141400,2315490.00,49652187,49652191,1782865632076716,True,True
22276390,0.00141400,2042623.00,49652192,49652196,1782865632076927,True,True
22276391,0.00141300,16122.00,49652197,49652200,1782865632083298,True,True
22276392,0.00141300,67168.00,49652201,49652202,1782865632083592,True,True
22276393,0.00141300,62700.00,49652203,49652203,1782865632173193,True,True
22276394,0.00141300,6034.00,49652204,49652204,1782865632174466,True,True
22276395,0.00141200,21860.00,49652205,49652205,1782865632330358,True,True
22276396,0.00141200,630544.00,49652206,49652210,1782865635857492,True,True
22276397,0.00141200,145111.00,49652211,49652211,1782865635860011,True,True
22276398,0.00141100,89656.00,49652212,49652212,1782865637788829,True,True
22276399,0.00141100,79590.00,49652213,49652214,1782865647367866,True,True
22276400,0.00141100,18042.00,49652215,49652218,1782865651334446,True,True
22276401,0.00141100,168750.00,49652219,49652219,1782865656765444,False,True
22276402,0.00141100,79575.00,49652220,49652220,1782865660064052,False,True
22276403,0.00141100,99699.00,49652221,49652222,1782865666209297,False,True
22276404,0.00141100,118752.00,49652223,49652223,1782865672781333,True,True
22276405,0.00141100,85355.00,49652224,49652224,1782865689007736,False,True
22276406,0.00141200,29539.00,49652225,49652225,1782865695191748,False,True
22276407,0.00141200,229943.00,49652226,49652229,1782865696547232,False,True
22276408,0.00141200,58500.00,49652230,49652230,1782865712776096,True,True
22276409,0.00141300,258035.00,49652231,49652236,1782865724401733,False,True
22276410,0.00141300,81041.00,49652237,49652237,1782865732781741,True,True
22276411,0.00141400,241629.00,49652238,49652244,1782865740154128,False,True
22276412,0.00141400,62700.00,49652245,49652245,1782865744671289,True,True
22276413,0.00141300,43147.00,49652246,49652247,1782865762776115,True,True
22276414,0.00141300,77403.00,49652248,49652248,1782865792788339,True,True
22276415,0.00141300,62700.00,49652249,49652249,1782865794168897,True,True
22276416,0.00141300,62700.00,49652250,49652252,1782865794170939,True,True
22276417,0.00141300,51210.00,49652253,49652253,1782865822775423,True,True
22276418,0.00141400,500000.00,49652254,49652258,1782865838182968,False,True
22276419,0.00141500,485585.00,49652259,49652267,1782865838308755,False,True
22276420,0.00141500,246816.00,49652268,49652269,1782865844376097,False,True
22276421,0.00141600,291829.00,49652270,49652274,1782865851066258,False,True
22276422,0.00141600,34052.00,49652275,49652275,1782865852781926,True,True
22276423,0.00141700,588932.00,49652276,49652285,1782865852865572,False,True
22276424,0.00141700,62700.00,49652286,49652286,1782865853532540,True,True
22276425,0.00141700,3674.00,49652287,49652287,1782865855856286,False,True
22276426,0.00141700,240798.00,49652288,49652289,1782865856049361,False,True
22276427,0.00141700,81687.00,49652290,49652290,1782865860596566,False,True
22276428,0.00141800,323760.00,49652291,49652297,1782865861626226,False,True
22276429,0.00141900,308415.00,49652298,49652302,1782865870725009,False,True
22276430,0.00142000,391032.00,49652303,49652308,1782865872558610,False,True
22276431,0.00142000,14748.00,49652309,49652309,1782865872969939,True,True
22276432,0.00142000,92034.00,49652310,49652311,1782865872969948,True,True
22276433,0.00142000,106782.00,49652312,49652312,1782865872970234,True,True
22276434,0.00142000,93218.00,49652313,49652314,1782865872970239,True,True
22276435,0.00141900,62700.00,49652315,49652317,1782865873466476,True,True
22276436,0.00141800,62700.00,49652318,49652319,1782865877776885,True,True
22276437,0.00141800,62700.00,49652320,49652320,1782865878346759,True,True
22276438,0.00141800,62700.00,49652321,49652323,1782865878493205,True,True
22276439,0.00141900,7052.00,49652324,49652324,1782865879304219,False,True
22276440,0.00141800,200000.00,49652325,49652325,1782865879477222,True,True
22276441,0.00141800,14748.00,49652326,49652326,1782865879477232,True,True
22276442,0.00141800,18262.00,49652327,49652327,1782865879477380,True,True
22276443,0.00141700,88611.00,49652328,49652328,1782865882775584,True,True
22276444,0.00141700,240710.00,49652329,49652331,1782865883329928,True,True
22276445,0.00141700,83478.00,49652332,49652332,1782865889297957,False,True
22276446,0.00141700,56946.00,49652333,49652333,1782865900258991,True,True
22276447,0.00141700,79451.00,49652334,49652334,1782865905586341,False,True
22276448,0.00141700,59900.00,49652335,49652336,1782865912786760,True,True
22276449,0.00141600,569194.00,49652337,49652341,1782865932204099,True,True
22276450,0.00141600,726204.00,49652342,49652344,1782865932204258,True,True
22276451,0.00141500,396293.00,49652345,49652349,1782865932208166,True,True
22276452,0.00141400,35535.00,49652350,49652350,1782865932530070,True,True
22276453,0.00141400,57851.00,49652351,49652351,1782865932780996,True,True
22276454,0.00141500,5653.00,49652352,49652352,1782865933426368,False,True
22276455,0.00141500,62700.00,49652353,49652353,1782865935947044,False,True
22276456,0.00141500,474295.00,49652354,49652354,1782865935947186,False,True
22276457,0.00141500,385284.00,49652355,49652356,1782865945052648,False,True
22276458,0.00141600,94617.00,49652357,49652360,1782865953017236,False,True
22276459,0.00141600,242297.00,49652361,49652362,1782865956134602,False,True
22276460,0.00141600,14748.00,49652363,49652363,1782865956136754,False,True
22276461,0.00141600,200000.00,49652364,49652365,1782865956136785,False,True
22276462,0.00141600,43135.00,49652366,49652366,1782865956136938,False,True
22276463,0.00141500,74468.00,49652367,49652368,1782865962776720,True,True
22276464,0.00141500,50901.00,49652369,49652370,1782865972780747,True,True
22276465,0.00141600,155262.00,49652371,49652373,1782865980762523,False,True
22276466,0.00141500,21530.00,49652374,49652374,1782865997797897,True,True
22276467,0.00141600,82402.00,49652375,49652375,1782866016216291,False,True
22276468,0.00141700,7768.00,49652376,49652377,1782866049431221,False,True
22276469,0.00141700,62700.00,49652378,49652381,1782866058980888,False,True
22276470,0.00141700,62700.00,49652382,49652382,1782866059050696,False,True
22276471,0.00141700,22702.00,49652383,49652384,1782866059051964,False,True
22276472,0.00141700,927127.00,49652385,49652388,1782866070918540,True,True
22276473,0.00141600,4501106.00,49652389,49652405,1782866070918540,True,True
22276474,0.00141500,5998146.00,49652406,49652425,1782866070918540,True,True
22276475,0.00141400,3732797.00,49652426,49652438,1782866070918540,True,True
22276476,0.00141600,141194.00,49652439,49652439,1782866070920729,False,True
22276477,0.00141600,69963.00,49652440,49652440,1782866070921212,False,True
22276478,0.00141600,39566.00,49652441,49652441,1782866070921508,False,True
22276479,0.00141600,62700.00,49652442,49652442,1782866070922689,False,True
22276480,0.00141600,28238.00,49652443,49652444,1782866070940429,False,True
22276481,0.00141500,345923.00,49652445,49652446,1782866071268035,True,True
22276482,0.00141500,35794.00,49652447,49652447,1782866071422725,True,True
22276483,0.00141600,225882.00,49652448,49652450,1782866071840684,False,True
22276484,0.00141600,175577.00,49652451,49652451,1782866071840767,False,True
22276485,0.00141600,388547.00,49652452,49652453,1782866071840807,False,True
22276486,0.00141600,247377.00,49652454,49652454,1782866071840883,False,True
22276487,0.00141700,13811.00,49652455,49652458,1782866078262394,False,True
22276488,0.00141600,1380985.00,49652459,49652465,1782866102687928,True,True
22276489,0.00141600,488089.00,49652466,49652468,1782866112307764,True,True
22276490,0.00141600,80041.00,49652469,49652469,1782866112313645,False,True
22276491,0.00141600,80041.00,49652470,49652472,1782866112314583,False,True
22276492,0.00141500,461680.00,49652473,49652477,1782866116179625,True,True
22276493,0.00141400,811891.00,49652478,49652485,1782866138669532,True,True
22276494,0.00141400,79919.00,49652486,49652486,1782866163299103,False,True
22276495,0.00141400,5653.00,49652487,49652487,1782866166030845,True,True
22276496,0.00141400,62700.00,49652488,49652488,1782866196074233,True,True
22276497,0.00141400,10977.00,49652489,49652490,1782866196075619,True,True
22276498,0.00141400,3712.00,49652491,49652491,1782866202836064,False,True
22276499,0.00141400,7067.00,49652492,49652492,1782866206038766,True,True
22276500,0.00141500,266933.00,49652493,49652496,1782866224641238,False,True
22276501,0.00141500,62029.00,49652497,49652498,1782866225611787,True,True
22276502,0.00141500,22644.00,49652499,49652499,1782866230835722,False,True
22276503,0.00141600,39750.00,49652500,49652505,1782866237176613,False,True
22276504,0.00141600,62700.00,49652506,49652506,1782866239297153,True,True
22276505,0.00141600,185561.00,49652507,49652508,1782866285258523,False,True
22276506,0.00141700,244171.00,49652509,49652511,1782866301663933,False,True
22276507,0.00141600,264740.00,49652512,49652515,1782866326970201,True,True
22276508,0.00141500,84375.00,49652516,49652519,1782866371338642,True,True
22276509,0.00141500,973205.00,49652520,49652520,1782866491911964,False,True
22276510,0.00141600,320335.00,49652521,49652524,1782866518752746,False,True
22276511,0.00141600,7057.00,49652525,49652525,1782866531698551,True,True
22276512,0.00141500,9044.00,49652526,49652527,1782866562474649,True,True
22276513,0.00141400,447570.00,49652528,49652535,1782866600652696,True,True
22276514,0.00141400,15473.00,49652536,49652537,1782866612063645,False,True
22276515,0.00141500,168750.00,49652538,49652538,1782866655334191,True,True
22276516,0.00141400,62700.00,49652539,49652540,1782866672473090,True,True
22276517,0.00141400,24589.00,49652541,49652541,1782866672473674,True,True
22276518,0.00141400,7072.00,49652542,49652542,1782866673537868,False,True
22276519,0.00141400,29543.00,49652543,49652543,1782866698128960,False,True
22276520,0.00141500,10612.00,49652544,49652545,1782866699247853,False,True
22276521,0.00141400,5299.00,49652546,49652546,1782866718262528,True,True
22276522,0.00141500,6360.00,49652547,49652547,1782866742381191,True,True
22276523,0.00141600,7644.00,49652548,49652549,1782866769555102,False,True
22276524,0.00141600,62700.00,49652550,49652550,1782866838282270,True,True
22276525,0.00141600,29546.00,49652551,49652551,1782866840551293,False,True
22276526,0.00141600,29546.00,49652552,49652552,1782866840551747,False,True
22276527,0.00141600,29531.00,49652553,49652554,1782866840551773,False,True
22276528,0.00141500,6355.00,49652555,49652555,1782866887221181,True,True
22276529,0.00141500,171439.00,49652556,49652558,1782866888091434,True,True
22276530,0.00141400,7639.00,49652559,49652560,1782866897502944,True,True
22276531,0.00141300,618658.00,49652561,49652563,1782866897502944,True,True
22276532,0.00141300,625444.00,49652564,49652565,1782866897502967,True,True
22276533,0.00141300,816239.00,49652566,49652571,1782866897503003,True,True
22276534,0.00141200,773029.00,49652572,49652580,1782866897503849,True,True
22276535,0.00141200,168750.00,49652581,49652581,1782866897505865,False,True
22276536,0.00141200,200000.00,49652582,49652582,1782866897510125,True,True
22276537,0.00141200,619777.00,49652583,49652586,1782866897510157,True,True
22276538,0.00141100,570081.00,49652587,49652587,1782866897510309,True,True
22276539,0.00141100,200000.00,49652588,49652591,1782866897510318,True,True
22276540,0.00141100,200000.00,49652592,49652592,1782866897510426,True,True
22276541,0.00141100,376617.00,49652593,49652593,1782866897510444,True,True
22276542,0.00141100,200000.00,49652594,49652594,1782866897510456,True,True
22276543,0.00141100,672020.00,49652595,49652595,1782866897510483,True,True
22276544,0.00141100,260370.00,49652596,49652596,1782866897510487,True,True
22276545,0.00141100,3107944.00,49652597,49652597,1782866897510521,True,True
22276546,0.00141100,200000.00,49652598,49652598,1782866897510530,True,True
22276547,0.00141100,1486901.00,49652599,49652599,1782866897510577,True,True
22276548,0.00141100,2389256.00,49652600,49652604,1782866897510579,True,True
22276549,0.00141000,618472.00,49652605,49652607,1782866897510765,True,True
22276550,0.00141000,242698.00,49652608,49652610,1782866897510832,True,True
22276551,0.00140900,444351.00,49652611,49652615,1782866897513877,True,True
22276552,0.00140900,158946.00,49652616,49652617,1782866897515598,True,True
22276553,0.00141000,362702.00,49652618,49652619,1782866897516392,False,True
22276554,0.00141000,62700.00,49652620,49652620,1782866897516428,False,True
22276555,0.00141000,362702.00,49652621,49652623,1782866897516661,False,True
22276556,0.00141000,81995.00,49652624,49652624,1782866897516700,False,True
22276557,0.00140900,159045.00,49652625,49652626,1782866897517681,True,True
22276558,0.00140900,35000.00,49652627,49652627,1782866897518704,True,True
22276559,0.00141000,832284.00,49652628,49652629,1782866897519042,False,True
22276560,0.00141000,28983.00,49652630,49652631,1782866897521689,False,True
22276561,0.00141000,4239.00,49652632,49652632,1782866897523884,False,True
22276562,0.00141000,14215.00,49652633,49652633,1782866897527933,True,True
22276563,0.00141000,14145.00,49652634,49652634,1782866897545452,True,True
22276564,0.00141100,62700.00,49652635,49652635,1782866897587283,False,True
22276565,0.00141100,31997.00,49652636,49652636,1782866897589212,False,True
22276566,0.00141000,119829.00,49652637,49652638,1782866897589266,True,True
22276567,0.00141100,88477.00,49652639,49652639,1782866897589638,False,True
22276568,0.00141100,49609.00,49652640,49652640,1782866897622396,False,True
22276569,0.00141100,50117.00,49652641,49652641,1782866897622750,False,True
22276570,0.00141000,22570.00,49652642,49652642,1782866897638910,True,True
22276571,0.00141100,391276.00,49652643,49652648,1782866897687304,False,True
22276572,0.00141200,1025656.00,49652649,49652655,1782866897687304,False,True
22276573,0.00141100,21864.00,49652656,49652656,1782866897726277,True,True
22276574,0.00141100,414283.00,49652657,49652658,1782866897739820,True,True
22276575,0.00141100,564710.00,49652659,49652659,1782866897880747,True,True
22276576,0.00141000,345923.00,49652660,49652663,1782866897909990,True,True
22276577,0.00141000,820037.00,49652664,49652667,1782866897914045,True,True
22276578,0.00141100,47256.00,49652668,49652668,1782866898172338,False,True
22276579,0.00141200,8007.00,49652669,49652670,1782866898677535,False,True
22276580,0.00141200,174954.00,49652671,49652673,1782866898698972,True,True
22276581,0.00141200,699819.00,49652674,49652675,1782866898713416,True,True
22276582,0.00141200,50117.00,49652676,49652676,1782866898714717,False,True
22276583,0.00141200,51246.00,49652677,49652677,1782866898714730,False,True
22276584,0.00141200,7084.00,49652678,49652678,1782866898717412,False,True
22276585,0.00141200,166384.00,49652679,49652681,1782866898736783,False,True
22276586,0.00141200,92400.00,49652682,49652683,1782866898739322,True,True
22276587,0.00141200,62700.00,49652684,49652684,1782866898773305,True,True
22276588,0.00141200,424700.00,49652685,49652685,1782866898773409,True,True
22276589,0.00141200,395071.00,49652686,49652686,1782866898774584,True,True
22276590,0.00141200,309075.00,49652687,49652689,1782866902061061,False,True
22276591,0.00141200,92323.00,49652690,49652690,1782866902083459,True,True
22276592,0.00141200,92323.00,49652691,49652691,1782866902086877,True,True
22276593,0.00141200,402133.00,49652692,49652692,1782866906842202,False,True
22276594,0.00141200,92323.00,49652693,49652693,1782866907706461,True,True
22276595,0.00141200,312182.00,49652694,49652695,1782866913491343,False,True
22276596,0.00141200,44449.00,49652696,49652696,1782866913491725,False,True
22276597,0.00141200,108512.00,49652697,49652699,1782866917945678,True,True
22276598,0.00141300,6373.00,49652700,49652700,1782866918814673,False,True
22276599,0.00141300,552709.00,49652701,49652708,1782866931930442,False,True
22276600,0.00141300,3890.00,49652709,49652709,1782866932011706,True,True
22276601,0.00141300,92683.00,49652710,49652711,1782866939665556,True,True
22276602,0.00141300,393650.00,49652712,49652715,1782866940245286,False,True
22276603,0.00141300,124349.00,49652716,49652718,1782866960974065,True,True
22276604,0.00141200,9556.00,49652719,49652720,1782866962944620,True,True
22276605,0.00141100,97343.00,49652721,49652721,1782866964261095,True,True
22276606,0.00141100,530392.00,49652722,49652727,1782866975780967,True,True
22276607,0.00141100,62700.00,49652728,49652728,1782866987942705,False,True
22276608,0.00141100,10412.00,49652729,49652729,1782866987945315,False,True
22276609,0.00141100,15513.00,49652730,49652730,1782866987945416,False,True
22276610,0.00141200,62700.00,49652731,49652731,1782867006752724,False,True
22276611,0.00141200,62700.00,49652732,49652732,1782867006754444,False,True
22276612,0.00141200,43180.00,49652733,49652736,1782867006757340,False,True
22276613,0.00141200,124713.00,49652737,49652739,1782867007977258,True,True
22276614,0.00141100,11889.00,49652740,49652741,1782867021269439,True,True
22276615,0.00141200,3766.00,49652742,49652742,1782867084116844,False,True
22276616,0.00141300,526557.00,49652743,49652749,1782867093346238,False,True
22276617,0.00141200,65774.00,49652750,49652750,1782867098196736,True,True
22276618,0.00141400,19859.00,49652751,49652754,1782867124254820,False,True
22276619,0.00141400,176294.00,49652755,49652756,1782867146692175,True,True
22276620,0.00141500,24485.00,49652757,49652760,1782867164811586,False,True
22276621,0.00141500,99855.00,49652761,49652762,1782867165414738,True,True
22276622,0.00141400,5299.00,49652763,49652763,1782867167284158,True,True
22276623,0.00141400,92323.00,49652764,49652764,1782867186588361,True,True
22276624,0.00141400,168750.00,49652765,49652765,1782867188696698,False,True
22276625,0.00141400,92323.00,49652766,49652766,1782867194384527,True,True
22276626,0.00141300,41585.00,49652767,49652770,1782867200081651,True,True
22276627,0.00141200,32710.00,49652771,49652775,1782867203656949,True,True
22276628,0.00141200,59640.00,49652776,49652777,1782867208733685,False,True
22276629,0.00141200,168750.00,49652778,49652778,1782867224117383,False,True
22276630,0.00141300,6373.00,49652779,49652779,1782867237272288,False,True
22276631,0.00141200,172467.00,49652780,49652781,1782867246628252,True,True
22276632,0.00141100,536418.00,49652782,49652786,1782867249196935,True,True
22276633,0.00141000,438612.00,49652787,49652793,1782867251885853,True,True
22276634,0.00141000,1709.00,49652794,49652794,1782867251885880,True,True
22276635,0.00140900,1110780.00,49652795,49652800,1782867268887932,True,True
22276636,0.00141000,201275.00,49652801,49652803,1782867283193901,False,True
22276637,0.00141000,96048.00,49652804,49652805,1782867292822356,True,True
22276638,0.00141000,3723.00,49652806,49652806,1782867302682432,False,True
22276639,0.00141100,7493.00,49652807,49652808,1782867330952841,False,True
22276640,0.00141200,180141.00,49652809,49652812,1782867360217808,False,True
22276641,0.00141200,96043.00,49652813,49652814,1782867377313291,True,True
22276642,0.00141100,209835.00,49652815,49652819,1782867394443976,True,True
22276643,0.00141100,172470.00,49652820,49652821,1782867420329188,False,True
22276644,0.00141100,3723.00,49652822,49652822,1782867423405766,True,True
22276645,0.00141000,200000.00,49652823,49652824,1782867448221842,True,True
22276646,0.00141000,116451.00,49652825,49652826,1782867448221969,True,True
22276647,0.00141000,200000.00,49652827,49652827,1782867448222265,True,True
22276648,0.00141000,513600.00,49652828,49652834,1782867448223626,True,True
22276649,0.00141000,37769.00,49652835,49652836,1782867448223669,True,True
22276650,0.00141000,3723.00,49652837,49652837,1782867455713743,False,True
22276651,0.00141000,3723.00,49652838,49652838,1782867495672960,True,True
22276652,0.00140900,62562.00,49652839,49652844,1782867498474439,True,True
22276653,0.00140900,96048.00,49652845,49652846,1782867498798412,True,True
22276654,0.00140800,4680.00,49652847,49652848,1782867524434486,True,True
22276655,0.00140800,221610.00,49652849,49652852,1782867524435697,True,True
22276656,0.00140700,4680.00,49652853,49652854,1782867528998493,True,True
22276657,0.00140700,15289.00,49652855,49652857,1782867529003877,True,True
22276658,0.00140700,35582.00,49652858,49652858,1782867529222054,True,True
22276659,0.00140700,4680.00,49652859,49652859,1782867532239921,True,True
22276660,0.00140700,27068.00,49652860,49652861,1782867532241381,True,True
22276661,0.00140600,62695.00,49652862,49652863,1782867532315373,True,True
22276662,0.00140600,86286.00,49652864,49652866,1782867532316944,True,True
22276663,0.00140600,31899.00,49652867,49652868,1782867532317138,True,True
22276664,0.00140600,5411.00,49652869,49652869,1782867533136032,False,True
22276665,0.00140600,6401.00,49652870,49652870,1782867533499255,False,True
22276666,0.00140600,166080.00,49652871,49652872,1782867533891389,False,True
22276667,0.00140600,79741.00,49652873,49652875,1782867534333110,True,True
22276668,0.00140600,62700.00,49652876,49652876,1782867534623021,True,True
22276669,0.00140600,20054.00,49652877,49652878,1782867534624970,True,True
22276670,0.00140500,158024.00,49652879,49652885,1782867535139270,True,True
22276671,0.00140500,3736.00,49652886,49652886,1782867535824412,False,True
22276672,0.00140600,176269.00,49652887,49652889,1782867540332922,False,True
22276673,0.00140600,3736.00,49652890,49652890,1782867541064328,True,True
22276674,0.00140600,19922.00,49652891,49652891,1782867542759685,False,True
22276675,0.00140600,14748.00,49652892,49652893,1782867546555880,False,True
22276676,0.00140600,16925.00,49652894,49652894,1782867546555884,False,True
22276677,0.00140700,525272.00,49652895,49652904,1782867546559419,False,True
22276678,0.00140700,3736.00,49652905,49652905,1782867551896271,True,True
22276679,0.00140600,7510.00,49652906,49652907,1782867554881177,True,True
22276680,0.00140600,3733.00,49652908,49652908,1782867574120140,False,True
22276681,0.00140600,5685.00,49652909,49652909,1782867574702684,True,True
22276682,0.00140700,7511.00,49652910,49652911,1782867609008143,False,True
22276683,0.00140800,62700.00,49652912,49652912,1782867610268481,False,True
22276684,0.00140800,132855.00,49652913,49652919,1782867610269329,False,True
22276685,0.00140800,187097.00,49652920,49652921,1782867610938363,True,True
22276686,0.00140800,7097.00,49652922,49652922,1782867624322003,True,True
22276687,0.00140800,91915.00,49652923,49652924,1782867656063906,True,True
22276688,0.00140800,173012.00,49652925,49652926,1782867689293485,False,True
22276689,0.00140900,35569.00,49652927,49652932,1782867728344219,False,True
22276690,0.00140900,669157.00,49652933,49652934,1782867728379707,True,True
22276691,0.00140900,29759.00,49652935,49652936,1782867730646337,True,True
22276692,0.00140800,87134.00,49652937,49652938,1782867743432306,True,True
22276693,0.00140700,7678.00,49652939,49652940,1782867746458406,True,True
22276694,0.00140700,200000.00,49652941,49652941,1782867772461842,False,True
22276695,0.00140700,13067.00,49652942,49652942,1782867772464517,False,True
22276696,0.00140600,33148.00,49652943,49652946,1782867826223530,True,True
22276697,0.00140600,62700.00,49652947,49652947,1782867826258821,False,True
22276698,0.00140500,36880.00,49652948,49652951,1782867855729281,True,True
22276699,0.00140500,4270.00,49652952,49652952,1782867855805535,False,True
22276700,0.00140600,786949.00,49652953,49652958,1782867855806540,False,True
22276701,0.00140600,883172.00,49652959,49652964,1782867855806859,False,True
22276702,0.00140600,135213.00,49652965,49652966,1782867855807041,False,True
22276703,0.00140600,9864.00,49652967,49652967,1782867855807113,False,True
22276704,0.00140600,185877.00,49652968,49652969,1782867856180262,True,True
22276705,0.00140600,5333.00,49652970,49652970,1782867856445539,True,True
22276706,0.00140600,5333.00,49652971,49652971,1782867856445792,True,True
22276707,0.00140600,5333.00,49652972,49652972,1782867856445796,True,True
22276708,0.00140600,5333.00,49652973,49652973,1782867856445798,True,True
22276709,0.00140600,5333.00,49652974,49652974,1782867856445799,True,True
22276710,0.00140600,5333.00,49652975,49652975,1782867856445802,True,True
22276711,0.00140600,22500.00,49652976,49652976,1782867865585734,True,True
22276712,0.00140500,4288.00,49652977,49652977,1782867874816906,True,True
22276713,0.00140500,3777.00,49652978,49652978,1782867891181382,True,True
22276714,0.00140400,3563.00,49652979,49652979,1782867903264236,True,True
22276715,0.00140500,4270.00,49652980,49652980,1782867903706926,False,True
22276716,0.00140500,4938.00,49652981,49652981,1782867904012186,True,True
22276717,0.00140500,92323.00,49652982,49652982,1782867904312292,True,True
22276718,0.00140500,261073.00,49652983,49652984,1782867906510074,True,True
22276719,0.00140500,4273.00,49652985,49652985,1782867910076458,False,True
22276720,0.00140600,14463.00,49652986,49652988,1782867910164900,False,True
22276721,0.00140700,21832.00,49652989,49652989,1782867910321556,False,True
22276722,0.00140600,4978.00,49652990,49652990,1782867912808202,False,True
22276723,0.00140500,315343.00,49652991,49652994,1782867915815183,True,True
22276724,0.00140400,236605.00,49652995,49653001,1782867921102457,True,True
22276725,0.00140400,62700.00,49653002,49653002,1782867921580779,False,True
22276726,0.00140400,168750.00,49653003,49653003,1782867923112490,True,True
22276727,0.00140400,62700.00,49653004,49653004,1782867929025465,False,True
22276728,0.00140300,330302.00,49653005,49653010,1782867950532941,True,True
22276729,0.00140300,4275.00,49653011,49653011,1782867952279997,False,True
22276730,0.00140400,256270.00,49653012,49653014,1782867952913275,False,True
22276731,0.00140400,4275.00,49653015,49653015,1782867953247117,True,True
22276732,0.00140400,87921.00,49653016,49653016,1782867960030104,False,True
22276733,0.00140500,64220.00,49653017,49653019,1782867960030334,False,True
22276734,0.00140500,75150.00,49653020,49653022,1782867966412940,False,True
22276735,0.00140500,43142.00,49653023,49653024,1782867966413396,False,True
22276736,0.00140500,62700.00,49653025,49653025,1782867969284396,True,True
22276737,0.00140500,29623.00,49653026,49653026,1782867969286237,True,True
22276738,0.00140400,4275.00,49653027,49653027,1782867974203934,True,True
22276739,0.00140400,92323.00,49653028,49653028,1782867979279818,True,True
22276740,0.00140400,62700.00,49653029,49653029,1782867987291025,True,True
22276741,0.00140400,92323.00,49653030,49653030,1782867989945693,True,True
22276742,0.00140300,12103.00,49653031,49653033,1782867996753903,True,True
22276743,0.00140200,18677.00,49653034,49653037,1782868011437869,True,True
22276744,0.00140200,22248.00,49653038,49653038,1782868018019187,True,True
22276745,0.00140200,70075.00,49653039,49653039,1782868018132036,True,True
22276746,0.00140200,62700.00,49653040,49653040,1782868024264067,False,True
22276747,0.00140200,11945.00,49653041,49653041,1782868027027656,False,True
22276748,0.00140200,11342.00,49653042,49653042,1782868027028234,False,True
22276749,0.00140200,45400.00,49653043,49653043,1782868027029167,False,True
22276750,0.00140200,58027.00,49653044,49653044,1782868027029290,False,True
22276751,0.00140200,92323.00,49653045,49653045,1782868036091914,True,True
22276752,0.00140200,96663.00,49653046,49653047,1782868042352502,True,True
22276753,0.00140200,90434.00,49653048,49653048,1782868042352507,True,True
22276754,0.00140100,342413.00,49653049,49653054,1782868047739512,True,True
22276755,0.00140100,4240.00,49653055,49653055,1782868049883477,True,True
22276756,0.00140200,460981.00,49653056,49653057,1782868063193436,False,True
22276757,0.00140200,224081.00,49653058,49653058,1782868063193484,False,True
22276758,0.00140200,425130.00,49653059,49653059,1782868063193638,False,True
22276759,0.00140200,366103.00,49653060,49653060,1782868063193699,False,True
22276760,0.00140100,9367.00,49653061,49653061,1782868071422713,True,True
22276761,0.00140100,140340.00,49653062,49653063,1782868072618883,False,True
22276762,0.00140200,180761.00,49653064,49653068,1782868081734530,False,True
22276763,0.00140000,463050.00,49653069,49653091,1782868113989345,True,True
22276764,0.00139900,4016.00,49653092,49653092,1782868113989345,True,True
22276765,0.00139900,2903499.00,49653093,49653101,1782868123859847,True,True
22276766,0.00139800,426812.00,49653102,49653108,1782868132004364,True,True
22276767,0.00139800,174160.00,49653109,49653109,1782868132004392,True,True
22276768,0.00139800,268871.00,49653110,49653113,1782868132004521,True,True
22276769,0.00139700,200000.00,49653114,49653118,1782868132004802,True,True
22276770,0.00139700,200000.00,49653119,49653120,1782868132004814,True,True
22276771,0.00139700,14748.00,49653121,49653121,1782868132004864,True,True
22276772,0.00139700,200000.00,49653122,49653122,1782868132004902,True,True
22276773,0.00139700,200000.00,49653123,49653123,1782868132004905,True,True
22276774,0.00139700,200000.00,49653124,49653124,1782868132004907,True,True
22276775,0.00139700,200000.00,49653125,49653125,1782868132004918,True,True
22276776,0.00139700,14748.00,49653126,49653126,1782868132004930,True,True
22276777,0.00139700,14748.00,49653127,49653127,1782868132004982,True,True
22276778,0.00139700,14748.00,49653128,49653128,1782868132005020,True,True
22276779,0.00139700,14748.00,49653129,49653129,1782868132005041,True,True
22276780,0.00139700,60102.00,49653130,49653130,1782868132005047,True,True
22276781,0.00139700,200000.00,49653131,49653133,1782868132005059,True,True
22276782,0.00139700,200000.00,49653134,49653134,1782868132005062,True,True
22276783,0.00139700,180363.00,49653135,49653136,1782868132005072,True,True
22276784,0.00139700,4287.00,49653137,49653137,1782868132006461,True,True
22276785,0.00139700,76868.00,49653138,49653138,1782868132008385,False,True
22276786,0.00139700,62700.00,49653139,49653139,1782868132009265,False,True
22276787,0.00139700,17512.00,49653140,49653140,1782868132009584,False,True
22276788,0.00139800,21454.00,49653141,49653141,1782868132745326,False,True
22276789,0.00139800,1117655.00,49653142,49653142,1782868134726078,False,True
22276790,0.00139800,14748.00,49653143,49653143,1782868134727404,False,True
22276791,0.00139800,200000.00,49653144,49653144,1782868134727655,False,True
22276792,0.00139800,99346.00,49653145,49653145,1782868134727763,False,True
22276793,0.00139700,2835700.00,49653146,49653165,1782868137612997,True,True
22276794,0.00139700,23723.00,49653166,49653167,1782868137613079,True,True
22276795,0.00139700,200000.00,49653168,49653170,1782868137613153,True,True
22276796,0.00139700,3800.00,49653171,49653171,1782868137613554,True,True
22276797,0.00139600,291101.00,49653172,49653176,1782868137616520,True,True
22276798,0.00139600,57534.00,49653177,49653177,1782868138133173,True,True
22276799,0.00139600,62700.00,49653178,49653178,1782868138304210,True,True
22276800,0.00139600,106050.00,49653179,49653179,1782868138305258,True,True
22276801,0.00139600,4287.00,49653180,49653180,1782868138968784,False,True
22276802,0.00139700,15037.00,49653181,49653183,1782868142479279,False,True
22276803,0.00139800,187585.00,49653184,49653188,1782868144812034,False,True
22276804,0.00139800,62700.00,49653189,49653189,1782868145167873,True,True
22276805,0.00139700,308063.00,49653190,49653191,1782868145168435,True,True
22276806,0.00139700,232544.00,49653192,49653192,1782868145168516,True,True
22276807,0.00139700,1336500.00,49653193,49653193,1782868145168557,True,True
22276808,0.00139700,757700.00,49653194,49653200,1782868145168595,True,True
22276809,0.00139700,9901.00,49653201,49653201,1782868145168893,True,True
22276810,0.00139600,35664.00,49653202,49653204,1782868146128488,True,True
22276811,0.00139600,64399.00,49653205,49653205,1782868146130190,True,True
22276812,0.00139600,246979.00,49653206,49653207,1782868146177165,False,True
22276813,0.00139600,92323.00,49653208,49653208,1782868146200019,True,True
22276814,0.00139500,737698.00,49653209,49653214,1782868155101898,True,True
22276815,0.00139500,426335.00,49653215,49653218,1782868155102043,True,True
22276816,0.00139400,542829.00,49653219,49653227,1782868155103674,True,True
22276817,0.00139300,423418.00,49653228,49653234,1782868155112343,True,True
22276818,0.00139400,173045.00,49653235,49653236,1782868155222684,False,True
22276819,0.00139400,50000.00,49653237,49653237,1782868155225497,True,True
22276820,0.00139400,49930.00,49653238,49653239,1782868155329645,True,True
22276821,0.00139300,35783.00,49653240,49653240,1782868155576383,True,True
22276822,0.00139400,44056.00,49653241,49653242,1782868155878123,False,True
22276823,0.00139400,240128.00,49653243,49653244,1782868155885623,False,True
22276824,0.00139300,4973.00,49653245,49653245,1782868156580601,True,True
22276825,0.00139400,435704.00,49653246,49653248,1782868157308174,False,True
22276826,0.00139400,5379.00,49653249,49653249,1782868157701763,True,True
22276827,0.00139400,5379.00,49653250,49653250,1782868157701778,True,True
22276828,0.00139400,5379.00,49653251,49653251,1782868157701859,True,True
22276829,0.00139400,5379.00,49653252,49653252,1782868157701910,True,True
22276830,0.00139400,5379.00,49653253,49653253,1782868157701995,True,True
22276831,0.00139400,5379.00,49653254,49653254,1782868157702087,True,True
22276832,0.00139400,7178.00,49653255,49653255,1782868161743760,False,True
22276833,0.00139400,98733.00,49653256,49653257,1782868161759103,False,True
22276834,0.00139400,168750.00,49653258,49653258,1782868162076407,False,True
22276835,0.00139400,168750.00,49653259,49653259,1782868162078904,False,True
22276836,0.00139400,536306.00,49653260,49653262,1782868174034222,True,True
22276837,0.00139400,1104500.00,49653263,49653263,1782868174034237,True,True
22276838,0.00139400,178111.00,49653264,49653264,1782868174034244,True,True
22276839,0.00139400,524589.00,49653265,49653266,1782868174034248,True,True
22276840,0.00139400,4802.00,49653267,49653267,1782868174034289,True,True
22276841,0.00139300,525130.00,49653268,49653273,1782868174035621,True,True
22276842,0.00139300,352495.00,49653274,49653274,1782868174036033,True,True
22276843,0.00139300,101279.00,49653275,49653275,1782868174036041,True,True
22276844,0.00139300,194869.00,49653276,49653276,1782868174036448,True,True
22276845,0.00139300,62700.00,49653277,49653277,1782868174036688,True,True
22276846,0.00139300,168750.00,49653278,49653278,1782868174037535,True,True
22276847,0.00139300,453325.00,49653279,49653280,1782868174041268,False,True
22276848,0.00139400,446500.00,49653281,49653283,1782868174052770,False,True
22276849,0.00139400,3817.00,49653284,49653284,1782868174054031,False,True
22276850,0.00139400,84289.00,49653285,49653285,1782868174161229,False,True
22276851,0.00139400,84461.00,49653286,49653286,1782868174162672,False,True
22276852,0.00139400,173045.00,49653287,49653288,1782868175974961,False,True
22276853,0.00139400,168750.00,49653289,49653289,1782868175977812,False,True
22276854,0.00139500,180367.00,49653290,49653292,1782868176304607,False,True
22276855,0.00139500,451555.00,49653293,49653297,1782868176304645,False,True
22276856,0.00139500,570629.00,49653298,49653299,1782868176304711,False,True
22276857,0.00139500,998997.00,49653300,49653302,1782868176304851,False,True
22276858,0.00139500,309621.00,49653303,49653304,1782868176304872,False,True
22276859,0.00139500,224883.00,49653305,49653305,1782868176304918,False,True
22276860,0.00139500,643276.00,49653306,49653307,1782868176304921,False,True
22276861,0.00139500,598000.00,49653308,49653311,1782868176304923,False,True
22276862,0.00139500,313169.00,49653312,49653312,1782868176304963,False,True
22276863,0.00139600,2069070.00,49653313,49653321,1782868176305041,False,True
22276864,0.00139600,66571.00,49653322,49653322,1782868176306819,True,True
22276865,0.00139700,200000.00,49653323,49653330,1782868176307743,False,True
22276866,0.00139700,14748.00,49653331,49653331,1782868176307789,False,True
22276867,0.00139700,14748.00,49653332,49653332,1782868176307793,False,True
22276868,0.00139700,200000.00,49653333,49653334,1782868176307799,False,True
22276869,0.00139700,200000.00,49653335,49653336,1782868176307823,False,True
22276870,0.00139700,14748.00,49653337,49653337,1782868176307867,False,True
22276871,0.00139700,14748.00,49653338,49653338,1782868176307894,False,True
22276872,0.00139600,29546.00,49653339,49653340,1782868176307985,True,True
22276873,0.00139700,200000.00,49653341,49653342,1782868176307987,False,True
22276874,0.00139700,90481.00,49653343,49653343,1782868176308022,False,True
22276875,0.00139600,168750.00,49653344,49653344,1782868176313675,True,True
22276876,0.00139600,319420.00,49653345,49653348,1782868176373018,False,True
22276877,0.00139500,62700.00,49653349,49653349,1782868180798241,False,True
22276878,0.00139500,106050.00,49653350,49653350,1782868180798336,False,True
22276879,0.00139600,187456.00,49653351,49653355,1782868186426243,False,True
22276880,0.00139600,3940.00,49653356,49653356,1782868186461642,True,True
22276881,0.00139600,168750.00,49653357,49653357,1782868189681949,False,True
22276882,0.00139600,168750.00,49653358,49653358,1782868191559599,False,True
22276883,0.00139500,7342.00,49653359,49653359,1782868192620734,True,True
22276884,0.00139500,14748.00,49653360,49653360,1782868195948793,True,True
22276885,0.00139500,14748.00,49653361,49653361,1782868195948807,True,True
22276886,0.00139500,200000.00,49653362,49653363,1782868195948839,True,True
22276887,0.00139500,116107.00,49653364,49653366,1782868195948900,True,True
22276888,0.00139500,14748.00,49653367,49653367,1782868195948930,True,True
22276889,0.00139500,14748.00,49653368,49653368,1782868195948982,True,True
22276890,0.00139500,42983.00,49653369,49653370,1782868195948987,True,True
22276891,0.00139500,75564.00,49653371,49653371,1782868195954913,False,True
22276892,0.00139600,136240.00,49653372,49653373,1782868195955841,False,True
22276893,0.00139600,169832.00,49653374,49653375,1782868196791145,False,True
22276894,0.00139500,14748.00,49653376,49653376,1782868199143511,True,True
22276895,0.00139500,200000.00,49653377,49653378,1782868199143594,True,True
22276896,0.00139500,14748.00,49653379,49653379,1782868199143618,True,True
22276897,0.00139500,200000.00,49653380,49653380,1782868199143627,True,True
22276898,0.00139500,200000.00,49653381,49653382,1782868199143632,True,True
22276899,0.00139500,14748.00,49653383,49653383,1782868199143685,True,True
22276900,0.00139500,200000.00,49653384,49653387,1782868199143720,True,True
22276901,0.00139500,200000.00,49653388,49653388,1782868199143730,True,True
22276902,0.00139500,14748.00,49653389,49653389,1782868199143737,True,True
22276903,0.00139500,41580.00,49653390,49653390,1782868199143741,True,True
22276904,0.00139500,14748.00,49653391,49653391,1782868199143745,True,True
22276905,0.00139500,200000.00,49653392,49653392,1782868199143768,True,True
22276906,0.00139500,200000.00,49653393,49653393,1782868199143773,True,True
22276907,0.00139500,14748.00,49653394,49653394,1782868199143776,True,True
22276908,0.00139500,200000.00,49653395,49653395,1782868199143789,True,True
22276909,0.00139500,14748.00,49653396,49653396,1782868199143832,True,True
22276910,0.00139500,14748.00,49653397,49653397,1782868199143848,True,True
22276911,0.00139500,200000.00,49653398,49653398,1782868199143867,True,True
22276912,0.00139500,14748.00,49653399,49653399,1782868199143882,True,True
22276913,0.00139500,199868.00,49653400,49653400,1782868199144007,True,True
22276914,0.00139500,123514.00,49653401,49653402,1782868199150068,False,True
22276915,0.00139400,22816.00,49653403,49653403,1782868200298434,True,True
22276916,0.00139400,51542.00,49653404,49653405,1782868200324716,True,True
22276917,0.00139400,62700.00,49653406,49653410,1782868200611334,True,True
22276918,0.00139400,4303.00,49653411,49653411,1782868200616373,True,True
22276919,0.00139400,53729.00,49653412,49653412,1782868200619384,False,True
22276920,0.00139400,129913.00,49653413,49653414,1782868212754095,True,True
22276921,0.00139300,27841.00,49653415,49653418,1782868215833127,True,True
22276922,0.00139200,64793.00,49653419,49653425,1782868217240463,True,True
22276923,0.00139200,62700.00,49653426,49653426,1782868218761381,False,True
22276924,0.00139100,2188035.00,49653427,49653441,1782868219138944,True,True
22276925,0.00139000,816083.00,49653442,49653445,1782868219224679,True,True
22276926,0.00139000,172675.00,49653446,49653446,1782868219225022,True,True
22276927,0.00139000,495600.00,49653447,49653447,1782868219225151,True,True
22276928,0.00139000,127222.00,49653448,49653448,1782868219225431,True,True
22276929,0.00139000,42557.00,49653449,49653449,1782868219225564,True,True
22276930,0.00139000,492111.00,49653450,49653450,1782868219229197,True,True
22276931,0.00139000,492111.00,49653451,49653451,1782868219230072,True,True
22276932,0.00139000,59062.00,49653452,49653452,1782868219231559,True,True
22276933,0.00139000,62700.00,49653453,49653453,1782868219234377,True,True
22276934,0.00139000,455059.00,49653454,49653455,1782868219234387,True,True
22276935,0.00138900,178135.00,49653456,49653460,1782868219304756,True,True
22276936,0.00138900,123651.00,49653461,49653462,1782868219304816,True,True
22276937,0.00138800,1036917.00,49653463,49653469,1782868219341230,True,True
22276938,0.00138700,2675195.00,49653470,49653478,1782868219344086,True,True
22276939,0.00138700,46790.00,49653479,49653479,1782868219344099,True,True
22276940,0.00138800,3860.00,49653480,49653480,1782868219345471,False,True
22276941,0.00138800,130234.00,49653481,49653481,1782868219346696,False,True
22276942,0.00138800,62700.00,49653482,49653482,1782868219346719,False,True
22276943,0.00138800,126014.00,49653483,49653485,1782868219346975,False,True
22276944,0.00138800,407000.00,49653486,49653488,1782868219347914,False,True
22276945,0.00138800,437300.00,49653489,49653492,1782868219347991,False,True
22276946,0.00138800,324000.00,49653493,49653493,1782868219349362,False,True
22276947,0.00138800,62700.00,49653494,49653494,1782868219350506,False,True
22276948,0.00138800,428915.00,49653495,49653496,1782868219351116,False,True
22276949,0.00138800,59062.00,49653497,49653497,1782868219377209,True,True
22276950,0.00138800,923454.00,49653498,49653498,1782868219388026,True,True
22276951,0.00138800,39209.00,49653499,49653499,1782868219961834,False,True
22276952,0.00138800,42385.00,49653500,49653500,1782868219965389,False,True
22276953,0.00138800,379593.00,49653501,49653503,1782868220266264,False,True
22276954,0.00138800,378895.00,49653504,49653508,1782868225934742,True,True
22276955,0.00138700,14132.00,49653509,49653509,1782868225937173,True,True
22276956,0.00138800,13900.00,49653510,49653510,1782868227059078,False,True
22276957,0.00138800,59062.00,49653511,49653511,1782868227936186,True,True
22276958,0.00138700,26642.00,49653512,49653514,1782868231741938,True,True
22276959,0.00138700,12434.00,49653515,49653515,1782868231784579,False,True
22276960,0.00138600,179389.00,49653516,49653521,1782868232436811,True,True
22276961,0.00138600,133876.00,49653522,49653522,1782868232821334,False,True
22276962,0.00138600,11838.00,49653523,49653523,1782868232821740,False,True
22276963,0.00138700,17865.00,49653524,49653524,1782868233021487,False,True
22276964,0.00138500,21722.00,49653525,49653527,1782868234993281,True,True
22276965,0.00138500,50000.00,49653528,49653529,1782868235332213,True,True
22276966,0.00138500,1590630.00,49653530,49653541,1782868236418774,True,True
22276967,0.00138400,1772791.00,49653542,49653553,1782868236418774,True,True
22276968,0.00138300,62700.00,49653554,49653558,1782868236427003,True,True
22276969,0.00138300,410139.00,49653559,49653559,1782868236427003,True,True
22276970,0.00138300,1213942.00,49653560,49653563,1782868236429668,True,True
22276971,0.00138300,62700.00,49653564,49653564,1782868236431195,True,True
22276972,0.00138300,62700.00,49653565,49653566,1782868236437526,True,True
22276973,0.00138300,237377.00,49653567,49653567,1782868236438605,True,True
22276974,0.00138200,205473.00,49653568,49653568,1782868236445086,True,True
22276975,0.00138200,1310200.00,49653569,49653575,1782868236445950,True,True
22276976,0.00138200,570544.00,49653576,49653576,1782868236446070,True,True
22276977,0.00138200,831000.00,49653577,49653579,1782868236446076,True,True
22276978,0.00138200,288493.00,49653580,49653582,1782868236446146,True,True
22276979,0.00138100,400000.00,49653583,49653588,1782868236448169,True,True
22276980,0.00138100,103921.00,49653589,49653590,1782868236448968,True,True
22276981,0.00138100,41403.00,49653591,49653591,1782868236449891,True,True
22276982,0.00138100,65243.00,49653592,49653592,1782868236450418,True,True
22276983,0.00138100,231450.00,49653593,49653594,1782868236452352,True,True
22276984,0.00138100,25921.00,49653595,49653595,1782868236454764,False,True
22276985,0.00138100,85436.00,49653596,49653597,1782868236455520,False,True
22276986,0.00138200,70321.00,49653598,49653598,1782868236455520,False,True
22276987,0.00138000,496766.00,49653599,49653603,1782868236455873,True,True
22276988,0.00138000,319621.00,49653604,49653604,1782868236455873,True,True
22276989,0.00138000,1861786.00,49653605,49653605,1782868236455921,True,True
22276990,0.00138100,14204.00,49653606,49653606,1782868236457191,False,True
22276991,0.00138100,4260.00,49653607,49653607,1782868236457484,False,True
22276992,0.00138200,200000.00,49653608,49653608,1782868236461347,False,True
22276993,0.00138200,14748.00,49653609,49653609,1782868236461352,False,True
22276994,0.00138200,14748.00,49653610,49653610,1782868236461405,False,True
22276995,0.00138200,109878.00,49653611,49653613,1782868236461477,False,True
22276996,0.00138200,200000.00,49653614,49653614,1782868236461708,False,True
22276997,0.00138200,613209.00,49653615,49653616,1782868236461746,False,True
22276998,0.00138300,1518615.00,49653617,49653625,1782868236461746,False,True
22276999,0.00138400,1782031.00,49653626,49653636,1782868236461746,False,True
22277000,0.00138100,168750.00,49653637,49653638,1782868236462632,True,True
22277001,0.00138100,28351.00,49653639,49653639,1782868236462665,True,True
22277002,0.00138100,28351.00,49653640,49653640,1782868236462672,True,True
22277003,0.00138100,85514.00,49653641,49653642,1782868236462853,True,True
22277004,0.00138000,28351.00,49653643,49653643,1782868236462861,True,True
22277005,0.00138000,28351.00,49653644,49653644,1782868236463139,True,True
22277006,0.00138100,7084.00,49653645,49653645,1782868236467363,True,True
22277007,0.00138200,175834.00,49653646,49653647,1782868236472970,False,True
22277008,0.00138200,50000.00,49653648,49653648,1782868236476729,True,True
22277009,0.00138200,14493.00,49653649,49653650,1782868236478469,True,True
22277010,0.00138200,442859.00,49653651,49653651,1782868236526241,False,True
22277011,0.00138100,25398.00,49653652,49653652,1782868236545269,True,True
22277012,0.00138200,168750.00,49653653,49653653,1782868236568440,False,True
22277013,0.00138200,168750.00,49653654,49653654,1782868236572570,False,True
22277014,0.00138200,25921.00,49653655,49653655,1782868236657087,False,True
22277015,0.00138100,50748.00,49653656,49653656,1782868236697273,True,True
22277016,0.00138100,35606.00,49653657,49653657,1782868236722608,True,True
22277017,0.00138100,49881.00,49653658,49653658,1782868236809711,True,True
22277018,0.00138200,238985.00,49653659,49653660,1782868236840263,False,True
22277019,0.00138300,267727.00,49653661,49653665,1782868236840263,False,True
22277020,0.00138300,199657.00,49653666,49653666,1782868236848478,False,True
22277021,0.00138200,49931.00,49653667,49653667,1782868236852580,True,True
22277022,0.00138200,7701.00,49653668,49653668,1782868236857573,True,True
22277023,0.00138300,100210.00,49653669,49653669,1782868236882207,False,True
22277024,0.00138300,98122.00,49653670,49653670,1782868236884708,False,True
22277025,0.00138200,168750.00,49653671,49653671,1782868237111972,False,True
22277026,0.00138100,102424.00,49653672,49653674,1782868237579385,True,True
22277027,0.00138200,168750.00,49653675,49653675,1782868237608988,False,True
22277028,0.00138200,224200.00,49653676,49653677,1782868237686426,False,True
22277029,0.00138200,224238.00,49653678,49653678,1782868237687740,False,True
22277030,0.00138200,146406.00,49653679,49653679,1782868237738211,False,True
22277031,0.00138200,4750.00,49653680,49653680,1782868238541396,True,True
22277032,0.00138200,65243.00,49653681,49653681,1782868238991151,False,True
22277033,0.00138200,103507.00,49653682,49653682,1782868238991555,False,True
22277034,0.00138200,111136.00,49653683,49653684,1782868239012927,True,True
22277035,0.00138100,15325.00,49653685,49653685,1782868239251990,True,True
22277036,0.00138200,10145.00,49653686,49653686,1782868239683296,False,True
22277037,0.00138300,347700.00,49653687,49653690,1782868240468869,False,True
22277038,0.00138300,126255.00,49653691,49653691,1782868240470580,False,True
22277039,0.00138200,3844.00,49653692,49653692,1782868241330184,True,True
22277040,0.00138100,11999.00,49653693,49653695,1782868241443871,True,True
22277041,0.00138000,21841.00,49653696,49653696,1782868241696670,True,True
22277042,0.00138100,10258.00,49653697,49653697,1782868242343305,False,True
22277043,0.00138100,12540.00,49653698,49653698,1782868245084141,True,True
22277044,0.00138100,50160.00,49653699,49653699,1782868245084182,True,True
22277045,0.00138000,12540.00,49653700,49653700,1782868245084255,True,True
22277046,0.00138000,12540.00,49653701,49653701,1782868245084397,True,True
22277047,0.00138000,12540.00,49653702,49653702,1782868245084482,True,True
22277048,0.00138000,12540.00,49653703,49653703,1782868245084735,True,True
22277049,0.00138000,14481.00,49653704,49653704,1782868245086701,True,True
22277050,0.00138000,603431.00,49653705,49653705,1782868245156711,True,True
22277051,0.00138000,306298.00,49653706,49653711,1782868245156984,True,True
22277052,0.00138100,222524.00,49653712,49653716,1782868246792198,False,True
22277053,0.00138000,44925.00,49653717,49653717,1782868246956661,True,True
22277054,0.00138000,13919.00,49653718,49653718,1782868247168733,True,True
22277055,0.00137900,61980.00,49653719,49653723,1782868249655550,True,True
22277056,0.00137900,61980.00,49653724,49653724,1782868249655739,True,True
22277057,0.00137900,61980.00,49653725,49653725,1782868249655868,True,True
22277058,0.00137900,61980.00,49653726,49653728,1782868249655904,True,True
22277059,0.00137900,61980.00,49653729,49653729,1782868249655906,True,True
22277060,0.00137800,33750.00,49653730,49653732,1782868250660536,True,True
22277061,0.00137800,42722.00,49653733,49653733,1782868250660536,True,True
22277062,0.00137800,33750.00,49653734,49653734,1782868250660792,True,True
22277063,0.00137800,33750.00,49653735,49653735,1782868250660982,True,True
22277064,0.00137800,33750.00,49653736,49653736,1782868250661069,True,True
22277065,0.00137800,33750.00,49653737,49653740,1782868250661986,True,True
22277066,0.00137900,11030.00,49653741,49653741,1782868251284983,False,True
22277067,0.00137800,379193.00,49653742,49653746,1782868251881692,True,True
22277068,0.00137700,639905.00,49653747,49653754,1782868251882328,True,True
22277069,0.00137600,156096.00,49653755,49653758,1782868251884717,True,True
22277070,0.00137600,2169774.00,49653759,49653766,1782868251885005,True,True
22277071,0.00137600,4088.00,49653767,49653767,1782868251885769,False,True
22277072,0.00137500,1387345.00,49653768,49653776,1782868251885878,True,True
22277073,0.00137500,128046.00,49653777,49653778,1782868251886088,True,True
22277074,0.00137500,343280.00,49653779,49653779,1782868251887244,True,True
22277075,0.00137500,156437.00,49653780,49653780,1782868251887326,True,True
22277076,0.00137400,125459.00,49653781,49653785,1782868251887413,True,True
22277077,0.00137400,512799.00,49653786,49653790,1782868251887587,True,True
22277078,0.00137300,403543.00,49653791,49653797,1782868251887626,True,True
22277079,0.00137400,102932.00,49653798,49653798,1782868251887860,True,True
22277080,0.00137200,142989.00,49653799,49653800,1782868251887860,True,True
22277081,0.00137200,127069.00,49653801,49653805,1782868251888181,True,True
22277082,0.00137200,400749.00,49653806,49653810,1782868251888241,True,True
22277083,0.00137300,4001.00,49653811,49653811,1782868251888403,True,True
22277084,0.00137100,241920.00,49653812,49653815,1782868251888403,True,True
22277085,0.00137100,245921.00,49653816,49653821,1782868251888596,True,True
22277086,0.00137100,145243.00,49653822,49653823,1782868251888998,True,True
22277087,0.00137100,531832.00,49653824,49653825,1782868251889240,True,True
22277088,0.00137000,156437.00,49653826,49653828,1782868251889364,True,True
22277089,0.00137000,586273.00,49653829,49653835,1782868251889364,True,True
22277090,0.00137000,67583.00,49653836,49653836,1782868251889364,True,True
22277091,0.00137000,204573.00,49653837,49653837,1782868251889364,True,True
22277092,0.00137300,632750.00,49653838,49653839,1782868251889640,True,True
22277093,0.00137200,33085.00,49653840,49653840,1782868251889640,True,True
22277094,0.00137200,65484.00,49653841,49653841,1782868251889771,True,True
22277095,0.00137000,79759.00,49653842,49653842,1782868251889771,True,True
22277096,0.00137000,163914.00,49653843,49653843,1782868251889794,True,True
22277097,0.00137000,292047.00,49653844,49653844,1782868251889797,True,True
22277098,0.00137000,145243.00,49653845,49653845,1782868251889941,True,True
22277099,0.00137000,245921.00,49653846,49653846,1782868251890351,True,True
22277100,0.00137100,464000.00,49653847,49653847,1782868251890770,True,True
22277101,0.00137000,289504.00,49653848,49653848,1782868251890770,True,True
22277102,0.00137100,156893.00,49653849,49653849,1782868251891473,True,True
22277103,0.00137000,596611.00,49653850,49653852,1782868251891473,True,True
22277104,0.00137100,68770.00,49653853,49653853,1782868251892233,False,True
22277105,0.00137100,14748.00,49653854,49653854,1782868251892572,False,True
22277106,0.00137100,13144.00,49653855,49653855,1782868251892690,False,True
22277107,0.00137200,200000.00,49653856,49653856,1782868251892866,False,True
22277108,0.00137200,227968.00,49653857,49653860,1782868251893518,False,True
22277109,0.00137300,823946.00,49653861,49653861,1782868251893518,False,True
22277110,0.00137100,793981.00,49653862,49653865,1782868251894374,True,True
22277111,0.00137000,809477.00,49653866,49653871,1782868251894374,True,True
22277112,0.00137200,352776.00,49653872,49653873,1782868251895446,False,True
22277113,0.00137300,89269.00,49653874,49653874,1782868251895446,False,True
22277114,0.00137100,36000.00,49653875,49653875,1782868251895490,True,True
22277115,0.00137300,200000.00,49653876,49653876,1782868251896282,False,True
22277116,0.00137300,200000.00,49653877,49653877,1782868251896394,False,True
22277117,0.00137300,507711.00,49653878,49653884,1782868251896420,False,True
22277118,0.00137300,14748.00,49653885,49653885,1782868251896677,False,True
22277119,0.00137300,138675.00,49653886,49653887,1782868251896696,False,True
22277120,0.00137200,62700.00,49653888,49653888,1782868251896864,True,True
22277121,0.00137100,9300.00,49653889,49653889,1782868251896864,True,True
22277122,0.00137300,18010.00,49653890,49653890,1782868251897047,False,True
22277123,0.00137200,267502.00,49653891,49653891,1782868251897058,True,True
22277124,0.00137300,36000.00,49653892,49653892,1782868251898072,True,True
22277125,0.00137400,12497.00,49653893,49653894,1782868251899549,False,True
22277126,0.00137300,62700.00,49653895,49653895,1782868251900084,False,True
22277127,0.00137300,18213.00,49653896,49653896,1782868251902846,False,True
22277128,0.00137300,69919.00,49653897,49653898,1782868251903945,False,True
22277129,0.00137300,79232.00,49653899,49653899,1782868251904303,False,True
22277130,0.00137300,14748.00,49653900,49653900,1782868251904317,False,True
22277131,0.00137300,14287.00,49653901,49653901,1782868251904481,False,True
22277132,0.00137300,97581.00,49653902,49653902,1782868251904704,False,True
22277133,0.00137300,60005.00,49653903,49653905,1782868251905368,False,True
22277134,0.00137300,7301.00,49653906,49653906,1782868251905427,False,True
22277135,0.00137400,32508.00,49653907,49653907,1782868251905891,False,True
22277136,0.00137400,135668.00,49653908,49653913,1782868251905995,False,True
22277137,0.00137400,221768.00,49653914,49653916,1782868251912124,False,True
22277138,0.00137400,345649.00,49653917,49653917,1782868251913474,False,True
22277139,0.00137300,61280.00,49653918,49653918,1782868251916249,True,True
22277140,0.00137300,61280.00,49653919,49653919,1782868251916264,True,True
22277141,0.00137300,81503.00,49653920,49653920,1782868251916333,True,True
22277142,0.00137200,27530.00,49653921,49653921,1782868251916387,True,True
22277143,0.00137200,81503.00,49653922,49653922,1782868251916391,True,True
22277144,0.00137200,81489.00,49653923,49653923,1782868251916397,True,True
22277145,0.00137200,61280.00,49653924,49653924,1782868251916408,True,True
22277146,0.00137200,81494.00,49653925,49653925,1782868251916467,True,True
22277147,0.00137200,81526.00,49653926,49653927,1782868251916468,True,True
22277148,0.00137200,27530.00,49653928,49653928,1782868251916472,True,True
22277149,0.00137200,81494.00,49653929,49653929,1782868251916639,True,True
22277150,0.00137200,81489.00,49653930,49653931,1782868251916838,True,True
22277151,0.00137200,81493.00,49653932,49653933,1782868251917267,True,True
22277152,0.00137200,81540.00,49653934,49653935,1782868251919160,True,True
22277153,0.00137300,498266.00,49653936,49653938,1782868251923611,False,True
22277154,0.00137300,276741.00,49653939,49653941,1782868251927542,False,True
22277155,0.00137400,2644984.00,49653942,49653949,1782868251927542,False,True
22277156,0.00137200,133023.00,49653950,49653951,1782868251928957,True,True
22277157,0.00137100,70461.00,49653952,49653952,1782868251928957,True,True
22277158,0.00137100,203484.00,49653953,49653953,1782868251928965,True,True
22277159,0.00137100,203484.00,49653954,49653955,1782868251928982,True,True
22277160,0.00137200,107770.00,49653956,49653956,1782868251929114,True,True
22277161,0.00137100,95714.00,49653957,49653957,1782868251929114,True,True
22277162,0.00137100,203484.00,49653958,49653960,1782868251929230,True,True
22277163,0.00137100,141280.00,49653961,49653961,1782868251929454,True,True
22277164,0.00137100,64297.00,49653962,49653962,1782868251930255,True,True
22277165,0.00137300,15324.00,49653963,49653963,1782868251937053,False,True
22277166,0.00137400,26908.00,49653964,49653964,1782868251943108,False,True
22277167,0.00137200,62700.00,49653965,49653965,1782868251947954,True,True
22277168,0.00137200,106050.00,49653966,49653966,1782868251957977,True,True
22277169,0.00137100,169588.00,49653967,49653967,1782868251957977,True,True
22277170,0.00137300,34857.00,49653968,49653968,1782868251965695,False,True
22277171,0.00137300,188776.00,49653969,49653970,1782868251965812,False,True
22277172,0.00137300,54473.00,49653971,49653971,1782868251965909,False,True
22277173,0.00137300,142889.00,49653972,49653972,1782868251973330,True,True
22277174,0.00137300,115871.00,49653973,49653973,1782868251977001,True,True
22277175,0.00137300,165769.00,49653974,49653974,1782868251979899,True,True
22277176,0.00137300,162966.00,49653975,49653975,1782868251990516,True,True
22277177,0.00137300,163690.00,49653976,49653977,1782868252021014,True,True
22277178,0.00137300,165780.00,49653978,49653979,1782868252056923,True,True
22277179,0.00137400,235779.00,49653980,49653982,1782868252060414,False,True
22277180,0.00137500,420.00,49653983,49653983,1782868252060414,False,True
22277181,0.00137500,29789.00,49653984,49653985,1782868252062399,False,True
22277182,0.00137400,62700.00,49653986,49653986,1782868252068489,True,True
22277183,0.00137400,7990.00,49653987,49653987,1782868252072753,True,True
22277184,0.00137400,595160.00,49653988,49653989,1782868252073209,True,True
22277185,0.00137300,292395.00,49653990,49653991,1782868252139555,True,True
22277186,0.00137300,177758.00,49653992,49653993,1782868252166748,True,True
22277187,0.00137400,106000.00,49653994,49653994,1782868252183650,False,True
22277188,0.00137300,134336.00,49653995,49653996,1782868252214892,True,True
22277189,0.00137300,50000.00,49653997,49653997,1782868252590110,True,True
22277190,0.00137300,58184.00,49653998,49653998,1782868252812972,True,True
22277191,0.00137300,60566.00,49653999,49653999,1782868252813441,True,True
22277192,0.00137300,22840.00,49654000,49654000,1782868252816252,False,True
22277193,0.00137300,39860.00,49654001,49654001,1782868253028227,False,True
22277194,0.00137300,90630.00,49654002,49654002,1782868253248884,True,True
22277195,0.00137300,90630.00,49654003,49654003,1782868253248916,True,True
22277196,0.00137300,109189.00,49654004,49654004,1782868253248998,True,True
22277197,0.00137300,90630.00,49654005,49654005,1782868253249046,True,True
22277198,0.00137200,90630.00,49654006,49654006,1782868253249275,True,True
22277199,0.00137200,127531.00,49654007,49654009,1782868253250652,True,True
22277200,0.00137200,113158.00,49654010,49654010,1782868253250828,True,True
22277201,0.00137200,48840.00,49654011,49654011,1782868253250865,True,True
22277202,0.00137100,70729.00,49654012,49654012,1782868253251159,True,True
22277203,0.00137100,70737.00,49654013,49654019,1782868253251242,True,True
22277204,0.00137100,70724.00,49654020,49654020,1782868253251324,True,True
22277205,0.00137100,156665.00,49654021,49654021,1782868253251331,True,True
22277206,0.00137100,70724.00,49654022,49654022,1782868253251362,True,True
22277207,0.00137100,64153.00,49654023,49654024,1782868253251423,True,True
22277208,0.00137000,6584.00,49654025,49654025,1782868253251423,True,True
22277209,0.00137000,70729.00,49654026,49654026,1782868253251562,True,True
22277210,0.00137000,70757.00,49654027,49654032,1782868253251974,True,True
22277211,0.00137000,70728.00,49654033,49654033,1782868253252256,True,True
22277212,0.00137000,4006.00,49654034,49654034,1782868253253117,True,True
22277213,0.00137100,62700.00,49654035,49654035,1782868253313711,True,True
22277214,0.00137100,216966.00,49654036,49654038,1782868253313718,True,True
22277215,0.00137000,68473.00,49654039,49654040,1782868253314211,True,True
22277216,0.00137000,68473.00,49654041,49654042,1782868253314339,True,True
22277217,0.00137000,42796.00,49654043,49654043,1782868253314346,True,True
22277218,0.00137000,68473.00,49654044,49654044,1782868253314541,True,True
22277219,0.00137000,68473.00,49654045,49654045,1782868253314588,True,True
22277220,0.00137000,68473.00,49654046,49654046,1782868253314668,True,True
22277221,0.00137000,92575.00,49654047,49654047,1782868253334334,True,True
22277222,0.00137000,76175.00,49654048,49654048,1782868253334489,True,True
22277223,0.00137000,157986.00,49654049,49654050,1782868253335850,False,True
22277224,0.00137100,1052370.00,49654051,49654056,1782868253335850,False,True
22277225,0.00137100,62700.00,49654057,49654057,1782868253337296,True,True
22277226,0.00137100,1602837.00,49654058,49654058,1782868253337361,True,True
22277227,0.00137100,20000.00,49654059,49654059,1782868253430760,False,True
22277228,0.00137000,33750.00,49654060,49654060,1782868253449888,True,True
22277229,0.00137000,44267.00,49654061,49654061,1782868253484981,False,True
22277230,0.00137000,50000.00,49654062,49654062,1782868253622867,True,True
22277231,0.00137000,18837.00,49654063,49654063,1782868254163739,True,True
22277232,0.00137000,10218.00,49654064,49654064,1782868254359349,False,True
22277233,0.00137100,62700.00,49654065,49654065,1782868254716285,False,True
22277234,0.00137100,62700.00,49654066,49654066,1782868254717797,False,True
22277235,0.00137100,200000.00,49654067,49654071,1782868254718089,False,True
22277236,0.00137100,14748.00,49654072,49654072,1782868254718099,False,True
22277237,0.00137100,75949.00,49654073,49654073,1782868254718234,False,True
22277238,0.00137000,7838.00,49654074,49654074,1782868254926507,True,True
22277239,0.00137000,44644.00,49654075,49654075,1782868255625035,True,True
22277240,0.00136900,113317.00,49654076,49654078,1782868255625035,True,True
22277241,0.00137000,86562.00,49654079,49654079,1782868255703817,True,True
22277242,0.00137000,94955.00,49654080,49654081,1782868255704080,True,True
22277243,0.00136900,295003.00,49654082,49654084,1782868255704080,True,True
22277244,0.00136900,64391.00,49654085,49654085,1782868255704855,True,True
22277245,0.00137000,62700.00,49654086,49654086,1782868255725296,False,True
22277246,0.00137000,14748.00,49654087,49654087,1782868255726637,False,True
22277247,0.00137000,62700.00,49654088,49654088,1782868255726723,False,True
22277248,0.00137000,200000.00,49654089,49654090,1782868255726771,False,True
22277249,0.00137000,200000.00,49654091,49654092,1782868255726778,False,True
22277250,0.00137000,161589.00,49654093,49654093,1782868255726782,False,True
22277251,0.00137000,459000.00,49654094,49654095,1782868256070799,True,True
22277252,0.00136900,88919.00,49654096,49654096,1782868256070799,True,True
22277253,0.00136900,461357.00,49654097,49654097,1782868256071053,True,True
22277254,0.00136900,547919.00,49654098,49654098,1782868256071263,True,True
22277255,0.00136900,167031.00,49654099,49654102,1782868256071295,True,True
22277256,0.00136900,395301.00,49654103,49654104,1782868256071329,True,True
22277257,0.00136800,152618.00,49654105,49654110,1782868256071329,True,True
22277258,0.00136800,411747.00,49654111,49654112,1782868256071332,True,True
22277259,0.00136800,547919.00,49654113,49654116,1782868256071526,True,True
22277260,0.00136800,4050.00,49654117,49654117,1782868256071620,True,True
22277261,0.00136700,60341.00,49654118,49654119,1782868256071620,True,True
22277262,0.00136800,40260.00,49654120,49654120,1782868256073718,False,True
22277263,0.00136800,101937.00,49654121,49654121,1782868256073839,False,True
22277264,0.00136700,236386.00,49654122,49654127,1782868256431237,True,True
22277265,0.00136600,337320.00,49654128,49654131,1782868256434466,True,True
22277266,0.00136600,163460.00,49654132,49654132,1782868256434638,True,True
22277267,0.00136600,80000.00,49654133,49654133,1782868256435041,True,True
22277268,0.00136600,26665.00,49654134,49654134,1782868256435305,True,True
22277269,0.00136600,14125.00,49654135,49654135,1782868256435569,True,True
22277270,0.00136600,587900.00,49654136,49654136,1782868256436074,True,True
22277271,0.00136600,331800.00,49654137,49654137,1782868256436511,True,True
22277272,0.00136600,469121.00,49654138,49654141,1782868256436719,True,True
22277273,0.00136600,7323.00,49654142,49654142,1782868256441443,False,True
22277274,0.00136600,167494.00,49654143,49654145,1782868256512594,False,True
22277275,0.00136600,167494.00,49654146,49654146,1782868256512723,False,True
22277276,0.00136600,167494.00,49654147,49654147,1782868256512969,False,True
22277277,0.00136700,250751.00,49654148,49654150,1782868256633715,False,True
22277278,0.00136700,50761.00,49654151,49654151,1782868256637311,False,True
22277279,0.00136700,229023.00,49654152,49654152,1782868256787251,False,True
22277280,0.00136500,12540.00,49654153,49654154,1782868257074238,True,True
22277281,0.00136500,12540.00,49654155,49654155,1782868257075067,True,True
22277282,0.00136500,200000.00,49654156,49654156,1782868257077677,True,True
22277283,0.00136500,21598.00,49654157,49654157,1782868257077694,True,True
22277284,0.00136500,200000.00,49654158,49654158,1782868257077699,True,True
22277285,0.00136500,1047743.00,49654159,49654161,1782868257077929,True,True
22277286,0.00136600,154990.00,49654162,49654162,1782868257078586,False,True
22277287,0.00136600,2543698.00,49654163,49654169,1782868257078778,False,True
22277288,0.00136700,157583.00,49654170,49654171,1782868257079133,False,True
22277289,0.00136500,16104.00,49654172,49654172,1782868257082186,True,True
22277290,0.00136500,97208.00,49654173,49654173,1782868257196812,True,True
22277291,0.00136500,62700.00,49654174,49654174,1782868257217245,False,True
22277292,0.00136500,106050.00,49654175,49654175,1782868257219367,False,True
22277293,0.00136600,234838.00,49654176,49654177,1782868257458474,False,True
22277294,0.00136600,73606.00,49654178,49654178,1782868257553159,True,True
22277295,0.00136700,5981.00,49654179,49654180,1782868258535351,False,True
22277296,0.00136700,200000.00,49654181,49654184,1782868258536475,False,True
22277297,0.00136700,37603.00,49654185,49654185,1782868258536511,False,True
22277298,0.00136800,382300.00,49654186,49654191,1782868258641027,False,True
22277299,0.00136900,200000.00,49654192,49654192,1782868258678811,False,True
22277300,0.00136900,200000.00,49654193,49654193,1782868258678815,False,True
22277301,0.00136900,200000.00,49654194,49654199,1782868258678862,False,True
22277302,0.00136900,14748.00,49654200,49654200,1782868258678872,False,True
22277303,0.00136900,14748.00,49654201,49654201,1782868258678904,False,True
22277304,0.00136900,200000.00,49654202,49654203,1782868258678910,False,True
22277305,0.00136900,200000.00,49654204,49654205,1782868258678913,False,True
22277306,0.00136900,14748.00,49654206,49654206,1782868258678931,False,True
22277307,0.00136900,14748.00,49654207,49654207,1782868258678933,False,True
22277308,0.00136900,200000.00,49654208,49654208,1782868258678973,False,True
22277309,0.00136900,14748.00,49654209,49654209,1782868258678978,False,True
22277310,0.00136900,14748.00,49654210,49654210,1782868258678995,False,True
22277311,0.00136900,49424.00,49654211,49654211,1782868258679000,False,True
22277312,0.00136900,200000.00,49654212,49654213,1782868258679015,False,True
22277313,0.00136900,137500.00,49654214,49654214,1782868258679060,False,True
22277314,0.00136900,136024.00,49654215,49654215,1782868258679068,False,True
22277315,0.00136900,114601.00,49654216,49654216,1782868258679071,False,True
22277316,0.00136900,200000.00,49654217,49654218,1782868258679075,False,True
22277317,0.00136900,14748.00,49654219,49654219,1782868258679111,False,True
22277318,0.00136900,14748.00,49654220,49654220,1782868258679162,False,True
22277319,0.00136900,45670.00,49654221,49654221,1782868258679227,False,True
22277320,0.00136900,200000.00,49654222,49654222,1782868258679262,False,True
22277321,0.00136900,597400.00,49654223,49654224,1782868258680587,False,True
22277322,0.00136900,1369544.00,49654225,49654228,1782868258680767,False,True
22277323,0.00136900,242515.00,49654229,49654230,1782868258680850,False,True
22277324,0.00136900,4329.00,49654231,49654231,1782868258685801,False,True
22277325,0.00136900,7301.00,49654232,49654232,1782868258690612,True,True
22277326,0.00136900,21094.00,49654233,49654233,1782868258701732,True,True
22277327,0.00136900,62700.00,49654234,49654234,1782868258702059,True,True
22277328,0.00136900,62700.00,49654235,49654235,1782868258703773,True,True
22277329,0.00136900,14955.00,49654236,49654236,1782868258705053,True,True
22277330,0.00136900,4790.00,49654237,49654237,1782868258749532,False,True
22277331,0.00136900,4329.00,49654238,49654238,1782868258750984,False,True
22277332,0.00136900,168750.00,49654239,49654239,1782868258784607,True,True
22277333,0.00136800,108440.00,49654240,49654241,1782868259347588,True,True
22277334,0.00136800,127339.00,49654242,49654243,1782868259347784,True,True
22277335,0.00136700,14641.00,49654244,49654244,1782868259348241,True,True
22277336,0.00136700,73206.00,49654245,49654245,1782868259348622,True,True
22277337,0.00136700,14641.00,49654246,49654246,1782868259349070,True,True
22277338,0.00136700,14641.00,49654247,49654247,1782868259349246,True,True
22277339,0.00136800,62700.00,49654248,49654248,1782868259405240,False,True
22277340,0.00136800,282420.00,49654249,49654250,1782868259523972,False,True
22277341,0.00136700,91879.00,49654251,49654251,1782868259530762,True,True
22277342,0.00136700,91879.00,49654252,49654254,1782868259531111,True,True
22277343,0.00136700,91879.00,49654255,49654259,1782868259531125,True,True
22277344,0.00136700,73093.00,49654260,49654260,1782868259533068,True,True
22277345,0.00136600,18786.00,49654261,49654261,1782868259533068,True,True
22277346,0.00136600,91879.00,49654262,49654262,1782868259533149,True,True
22277347,0.00136600,233000.00,49654263,49654263,1782868259555180,True,True
22277348,0.00136600,141118.00,49654264,49654266,1782868259555465,True,True
22277349,0.00136500,259459.00,49654267,49654268,1782868259556325,True,True
22277350,0.00136500,162163.00,49654269,49654269,1782868259556401,True,True
22277351,0.00136500,259459.00,49654270,49654271,1782868259556474,True,True
22277352,0.00136500,259459.00,49654272,49654274,1782868259556544,True,True
22277353,0.00136500,259459.00,49654275,49654275,1782868259556641,True,True
22277354,0.00136500,259459.00,49654276,49654276,1782868259556740,True,True
22277355,0.00136600,98731.00,49654277,49654277,1782868259645261,False,True
22277356,0.00136600,15223.00,49654278,49654278,1782868260027354,True,True
22277357,0.00136600,24356.00,49654279,49654279,1782868260027402,True,True
22277358,0.00136600,24356.00,49654280,49654280,1782868260027473,True,True
22277359,0.00136600,24356.00,49654281,49654281,1782868260027606,True,True
22277360,0.00136600,24356.00,49654282,49654282,1782868260029597,True,True
22277361,0.00136600,193105.00,49654283,49654284,1782868260157798,True,True
22277362,0.00136700,200000.00,49654285,49654291,1782868260584183,False,True
22277363,0.00136700,14748.00,49654292,49654292,1782868260584248,False,True
22277364,0.00136700,14748.00,49654293,49654293,1782868260584292,False,True
22277365,0.00136700,14748.00,49654294,49654294,1782868260584341,False,True
22277366,0.00136700,200000.00,49654295,49654295,1782868260584413,False,True
22277367,0.00136700,14748.00,49654296,49654296,1782868260584438,False,True
22277368,0.00136700,200000.00,49654297,49654297,1782868260584441,False,True
22277369,0.00136700,14748.00,49654298,49654298,1782868260584562,False,True
22277370,0.00136700,200000.00,49654299,49654299,1782868260584690,False,True
22277371,0.00136700,200000.00,49654300,49654300,1782868260584694,False,True
22277372,0.00136700,62700.00,49654301,49654301,1782868260585111,False,True
22277373,0.00136700,39616.00,49654302,49654304,1782868260585373,False,True
22277374,0.00136800,19201.00,49654305,49654308,1782868260665297,False,True
22277375,0.00136900,4790.00,49654309,49654310,1782868260790395,False,True
22277376,0.00136900,18431.00,49654311,49654314,1782868260791964,False,True
22277377,0.00137000,43615.00,49654315,49654315,1782868260891075,False,True
22277378,0.00137000,59591.00,49654316,49654316,1782868260892273,False,True
22277379,0.00137000,33423.00,49654317,49654317,1782868260892476,False,True
22277380,0.00137000,33439.00,49654318,49654319,1782868260892803,False,True
22277381,0.00137000,27769.00,49654320,49654325,1782868260893810,False,True
22277382,0.00137000,123257.00,49654326,49654327,1782868260961953,True,True
22277383,0.00137100,35776.00,49654328,49654328,1782868261015432,False,True
22277384,0.00137000,161431.00,49654329,49654330,1782868261065296,True,True
22277385,0.00137000,14898.00,49654331,49654331,1782868261067317,True,True
22277386,0.00137000,200000.00,49654332,49654332,1782868261067494,True,True
22277387,0.00137000,62700.00,49654333,49654333,1782868261415200,False,True
22277388,0.00137100,18865.00,49654334,49654337,1782868261516960,False,True
22277389,0.00137200,173786.00,49654338,49654338,1782868261590978,False,True
22277390,0.00137200,62700.00,49654339,49654344,1782868261761449,False,True
22277391,0.00137200,215687.00,49654345,49654345,1782868261762797,False,True
22277392,0.00137300,9348.00,49654346,49654346,1782868262139574,False,True
22277393,0.00137300,42873.00,49654347,49654347,1782868262140890,False,True
22277394,0.00137300,29164.00,49654348,49654353,1782868262141634,False,True
22277395,0.00137300,137325.00,49654354,49654355,1782868264070328,True,True
22277396,0.00137300,533340.00,49654356,49654358,1782868264094314,False,True
22277397,0.00137400,2030687.00,49654359,49654370,1782868264094314,False,True
22277398,0.00137300,121779.00,49654371,49654371,1782868264108106,True,True
22277399,0.00137300,7677.00,49654372,49654372,1782868264123832,False,True
22277400,0.00137400,127624.00,49654373,49654374,1782868264143660,False,True
22277401,0.00137400,154421.00,49654375,49654376,1782868264143829,False,True
22277402,0.00137300,168750.00,49654377,49654377,1782868264181788,True,True
22277403,0.00137400,17597.00,49654378,49654378,1782868266909167,False,True
22277404,0.00137300,137204.00,49654379,49654379,1782868267683948,True,True
22277405,0.00137400,94162.00,49654380,49654380,1782868268125593,False,True
22277406,0.00137400,100399.00,49654381,49654382,1782868268125595,False,True
22277407,0.00137400,842172.00,49654383,49654384,1782868268125598,False,True
22277408,0.00137500,125692.00,49654385,49654385,1782868268126666,False,True
22277409,0.00137500,109449.00,49654386,49654393,1782868268128419,False,True
22277410,0.00137500,231450.00,49654394,49654395,1782868268543156,False,True
22277411,0.00137600,15151.00,49654396,49654397,1782868270739411,False,True
22277412,0.00137700,156437.00,49654398,49654402,1782868270742189,False,True
22277413,0.00137700,156437.00,49654403,49654404,1782868270745028,False,True
22277414,0.00137700,111668.00,49654405,49654408,1782868271262911,False,True
22277415,0.00137800,131516.00,49654409,49654409,1782868271783027,False,True
22277416,0.00137700,80052.00,49654410,49654410,1782868272904633,True,True
22277417,0.00137700,133407.00,49654411,49654412,1782868273142358,True,True
22277418,0.00137700,121779.00,49654413,49654413,1782868273593609,True,True
22277419,0.00137600,106682.00,49654414,49654414,1782868273650946,True,True
22277420,0.00137600,152912.00,49654415,49654416,1782868273651283,True,True
22277421,0.00137500,545131.00,49654417,49654420,1782868273651297,True,True
22277422,0.00137500,1285922.00,49654421,49654424,1782868273651437,True,True
22277423,0.00137500,229352.00,49654425,49654425,1782868273651442,True,True
22277424,0.00137400,545131.00,49654426,49654427,1782868273651534,True,True
22277425,0.00137400,545131.00,49654428,49654430,1782868273651680,True,True
22277426,0.00137400,106682.00,49654431,49654436,1782868273651801,True,True
22277427,0.00137400,305762.00,49654437,49654439,1782868273652255,True,True
22277428,0.00137400,24757.00,49654440,49654440,1782868273653140,True,True
22277429,0.00137400,6970.00,49654441,49654441,1782868273653510,True,True
22277430,0.00137400,29548.00,49654442,49654442,1782868273653750,False,True
22277431,0.00137300,14266.00,49654443,49654446,1782868273656730,True,True
22277432,0.00137300,7206.00,49654447,49654448,1782868273657897,True,True
22277433,0.00137400,151436.00,49654449,49654449,1782868273669843,False,True
