285252,2249.61000000,0.07700000,294447,294447,1782864000101173,True,True
285253,2249.61000000,0.00570000,294448,294448,1782864000104555,True,True
285254,2250.03000000,0.03000000,294449,294449,1782864000200944,False,True
285255,2250.03000000,0.01750000,294450,294450,1782864001778166,False,True
285256,2250.03000000,0.01750000,294451,294451,1782864001778316,False,True
285257,2250.03000000,0.23000000,294452,294452,1782864002076486,False,True
285258,2250.03000000,0.23000000,294453,294453,1782864002117096,False,True
285259,2250.03000000,0.05140000,294454,294454,1782864002118296,False,True
285260,2250.03000000,0.01930000,294455,294455,1782864002118401,False,True
285261,2250.03000000,0.05140000,294456,294456,1782864002118518,False,True
285262,2250.03000000,0.01930000,294457,294457,1782864002118702,False,True
285263,2250.03000000,0.01930000,294458,294458,1782864002125486,False,True
285264,2250.03000000,0.04000000,294459,294459,1782864002125548,False,True
285265,2250.03000000,0.04000000,294460,294460,1782864002125758,False,True
285266,2250.03000000,0.04000000,294461,294461,1782864002126151,False,True
285267,2250.03000000,0.01930000,294462,294462,1782864002126291,False,True
285268,2250.03000000,0.04000000,294463,294463,1782864002126367,False,True
285269,2250.03000000,0.01930000,294464,294464,1782864002126719,False,True
285270,2250.03000000,0.01930000,294465,294465,1782864002126736,False,True
285271,2250.03000000,0.01930000,294466,294466,1782864002126841,False,True
285272,2250.03000000,0.04000000,294467,294467,1782864002126858,False,True
285273,2250.03000000,0.05140000,294468,294468,1782864002126869,False,True
285274,2250.03000000,0.01930000,294469,294469,1782864002126945,False,True
285275,2250.03000000,0.01930000,294470,294470,1782864002126949,False,True
285276,2250.03000000,0.01930000,294471,294471,1782864002127272,False,True
285277,2250.03000000,0.07700000,294472,294472,1782864002129393,False,True
285278,2250.03000000,0.03630000,294473,294473,1782864002131014,False,True
285279,2250.03000000,0.01930000,294474,294474,1782864002131298,False,True
285280,2250.03000000,0.23000000,294475,294475,1782864002142964,False,True
285281,2250.03000000,0.01930000,294476,294476,1782864002167501,False,True
285282,2250.03000000,0.01930000,294477,294477,1782864002167631,False,True
285283,2250.03000000,0.05140000,294478,294478,1782864002167692,False,True
285284,2250.03000000,0.01930000,294479,294479,1782864002167751,False,True
285285,2250.03000000,0.01930000,294480,294480,1782864002167777,False,True
285286,2250.03000000,0.01930000,294481,294481,1782864002167866,False,True
285287,2250.03000000,0.01930000,294482,294482,1782864002169364,False,True
285288,2250.03000000,0.01930000,294483,294483,1782864002170038,False,True
285289,2250.03000000,0.01930000,294484,294484,1782864002172469,False,True
285290,2250.03000000,0.05140000,294485,294485,1782864002172666,False,True
285291,2250.03000000,0.01930000,294486,294486,1782864002174168,False,True
285292,2250.03000000,0.06300000,294487,294487,1782864002176603,False,True
285293,2250.03000000,0.01400000,294488,294488,1782864002177115,False,True
285294,2250.03000000,0.05140000,294489,294489,1782864002177344,False,True
285295,2250.03000000,0.01930000,294490,294490,1782864002177477,False,True
285296,2250.03000000,0.01930000,294491,294491,1782864002177813,False,True
285297,2250.03000000,0.01930000,294492,294492,1782864002178093,False,True
285298,2250.03000000,0.01930000,294493,294493,1782864002178228,False,True
285299,2250.03000000,0.01930000,294494,294494,1782864002178340,False,True
285300,2250.03000000,0.02000000,294495,294495,1782864002180577,False,True
285301,2250.03000000,0.02000000,294496,294496,1782864002181018,False,True
285302,2250.03000000,0.02000000,294497,294497,1782864002181339,False,True
285303,2250.03000000,0.01930000,294498,294498,1782864002181354,False,True
285304,2250.03000000,0.05550000,294499,294499,1782864002181420,False,True
285305,2250.03000000,0.08000000,294500,294500,1782864002181470,False,True
285306,2250.03000000,0.01930000,294501,294501,1782864002183795,False,True
285307,2250.03000000,0.23000000,294502,294502,1782864002185569,False,True
285308,2250.03000000,0.08000000,294503,294503,1782864002185589,False,True
285309,2250.03000000,0.08000000,294504,294504,1782864002185911,False,True
285310,2250.03000000,0.08000000,294505,294505,1782864002186289,False,True
285311,2250.03000000,0.08000000,294506,294506,1782864002186599,False,True
285312,2250.03000000,0.02000000,294507,294507,1782864002186732,False,True
285313,2250.03000000,0.07000000,294508,294508,1782864002186899,False,True
285314,2250.03000000,0.08000000,294509,294509,1782864002186904,False,True
285315,2250.03000000,0.23180000,294510,294510,1782864002189810,False,True
285316,2250.03000000,0.04000000,294511,294511,1782864002215519,False,True
285317,2250.03000000,0.04410000,294512,294512,1782864002218377,False,True
285318,2250.03000000,0.02940000,294513,294513,1782864002260362,False,True
285319,2250.03000000,0.29000000,294514,294514,1782864002284803,False,True
285320,2250.03000000,0.29000000,294515,294515,1782864002285125,False,True
285321,2250.03000000,0.29000000,294516,294516,1782864002285231,False,True
285322,2250.03000000,0.29000000,294517,294517,1782864002285794,False,True
285323,2250.03000000,0.08000000,294518,294518,1782864002312836,False,True
285324,2250.03000000,0.80000000,294519,294519,1782864002337964,False,True
285325,2250.03000000,0.80000000,294520,294520,1782864002338511,False,True
285326,2250.03000000,0.31000000,294521,294521,1782864002339323,False,True
285327,2250.03000000,0.29000000,294522,294522,1782864003001547,False,True
285328,2250.03000000,1.60000000,294523,294523,1782864003001796,False,True
285329,2250.03000000,0.80000000,294524,294524,1782864003028074,False,True
285330,2250.03000000,1.41000000,294525,294525,1782864003028736,False,True
285331,2250.03000000,0.08000000,294526,294526,1782864003333097,False,True
285332,2250.03000000,0.08000000,294527,294527,1782864003333493,False,True
285333,2250.03000000,0.04000000,294528,294528,1782864003333756,False,True
285334,2250.03000000,0.29000000,294529,294529,1782864003347995,False,True
285335,2250.03000000,0.29000000,294530,294530,1782864003347999,False,True
285336,2250.03000000,0.08000000,294531,294531,1782864003348684,False,True
285337,2250.03000000,0.29000000,294532,294532,1782864003416601,False,True
285338,2250.03000000,0.80000000,294533,294533,1782864003416988,False,True
285339,2250.03000000,0.04000000,294534,294534,1782864003417302,False,True
285340,2250.03000000,0.04000000,294535,294535,1782864003460593,False,True
285341,2250.03000000,0.08000000,294536,294536,1782864003461111,False,True
285342,2250.03000000,0.04000000,294537,294537,1782864003461366,False,True
285343,2250.03000000,0.08000000,294538,294538,1782864003476439,False,True
285344,2250.03000000,0.29000000,294539,294539,1782864003477281,False,True
285345,2250.03000000,0.29000000,294540,294540,1782864003495634,False,True
285346,2250.03000000,0.80000000,294541,294541,1782864004023371,False,True
285347,2250.03000000,0.08000000,294542,294542,1782864004023927,False,True
285348,2250.03000000,0.80000000,294543,294543,1782864004024349,False,True
285349,2250.03000000,0.23190000,294544,294544,1782864007165975,False,True
285350,2250.03000000,0.23000000,294545,294545,1782864007443795,False,True
285351,2250.03000000,0.01000000,294546,294546,1782864007623007,False,True
285352,2250.03000000,0.04000000,294547,294547,1782864007623626,False,True
285353,2250.03000000,0.08000000,294548,294548,1782864007623963,False,True
285354,2250.03000000,0.29000000,294549,294549,1782864007630376,False,True
285355,2250.03000000,0.08000000,294550,294550,1782864007631131,False,True
285356,2250.03000000,0.00290000,294551,294551,1782864007637509,False,True
285357,2250.03000000,0.15000000,294552,294552,1782864007684496,False,True
285358,2250.03000000,0.08000000,294553,294553,1782864007685017,False,True
285359,2250.03000000,0.04000000,294554,294554,1782864007718225,False,True
285360,2250.03000000,0.04000000,294555,294555,1782864007718826,False,True
285361,2250.03000000,0.16000000,294556,294556,1782864007728559,False,True
285362,2250.03000000,0.08000000,294557,294557,1782864007732787,False,True
285363,2250.03000000,0.08000000,294558,294558,1782864007733103,False,True
285364,2250.03000000,0.29000000,294559,294559,1782864007742249,False,True
285365,2250.03000000,0.11000000,294560,294560,1782864007742359,False,True
285366,2250.03000000,0.80000000,294561,294561,1782864007747957,False,True
285367,2250.03000000,1.60000000,294562,294562,1782864007755697,False,True
285368,2250.03000000,0.23000000,294563,294563,1782864007831815,False,True
285369,2250.03000000,0.08000000,294564,294564,1782864007860933,False,True
285370,2250.03000000,0.29000000,294565,294565,1782864007869318,False,True
285371,2250.03000000,0.80000000,294566,294566,1782864007875405,False,True
285372,2250.03000000,1.60000000,294567,294567,1782864008020939,False,True
285373,2250.03000000,0.08000000,294568,294568,1782864008114326,False,True
285374,2250.03000000,0.29000000,294569,294569,1782864008128763,False,True
285375,2250.03000000,0.80000000,294570,294570,1782864008138561,False,True
285376,2250.03000000,0.23000000,294571,294571,1782864008172846,False,True
285377,2250.03000000,0.08000000,294572,294572,1782864008177140,False,True
285378,2250.03000000,0.29000000,294573,294573,1782864008185486,False,True
285379,2250.03000000,0.29000000,294574,294574,1782864008189616,False,True
285380,2250.03000000,0.80000000,294575,294575,1782864008199279,False,True
285381,2250.03000000,1.60000000,294576,294576,1782864008214771,False,True
285382,2250.03000000,0.04000000,294577,294577,1782864008225838,False,True
285383,2250.03000000,1.60000000,294578,294578,1782864008233308,False,True
285384,2250.03000000,0.08000000,294579,294579,1782864008243257,False,True
285385,2250.03000000,0.18410000,294580,294580,1782864008253879,False,True
285386,2251.43000000,0.00280000,294581,294581,1782864011570992,True,True
285387,2253.49000000,0.00280000,294582,294582,1782864016704757,False,True
285388,2251.12000000,0.00280000,294583,294583,1782864018619007,True,True
285389,2253.49000000,0.00280000,294584,294584,1782864021034963,False,True
285390,2251.66000000,0.00280000,294585,294585,1782864023038658,True,True
285391,2253.37000000,0.00280000,294586,294586,1782864027043791,False,True
285392,2251.17000000,0.00280000,294587,294587,1782864029201015,True,True
285393,2253.37000000,0.00280000,294588,294588,1782864031953978,False,True
285394,2252.14000000,0.00280000,294589,294589,1782864034142117,True,True
285395,2253.37000000,0.00280000,294590,294590,1782864038429273,False,True
285396,2253.02000000,0.00280000,294591,294591,1782864041155754,True,True
285397,2253.34000000,0.00280000,294592,294592,1782864045036366,False,True
285398,2251.80000000,0.00280000,294593,294593,1782864047511933,True,True
285399,2254.51000000,0.00280000,294594,294594,1782864050771668,False,True
285400,2252.01000000,0.00280000,294595,294595,1782864053232995,True,True
285401,2253.99000000,0.00280000,294596,294596,1782864055801169,False,True
285402,2252.02000000,0.00280000,294597,294597,1782864058098153,True,True
285403,2253.69000000,0.00280000,294598,294598,1782864062114677,False,True
285404,2250.98000000,0.00280000,294599,294599,1782864064919469,True,True
285405,2253.67000000,0.00720000,294600,294600,1782864067313272,False,True
285406,2253.67000000,0.00270000,294601,294601,1782864069043023,False,True
285407,2250.98000000,0.00270000,294602,294602,1782864071082723,True,True
285408,2252.99000000,0.00270000,294603,294603,1782864075888302,False,True
285409,2250.98000000,0.00270000,294604,294604,1782864078816987,True,True
285410,2252.99000000,0.00270000,294605,294605,1782864082114077,False,True
285411,2250.98000000,0.00270000,294606,294606,1782864084516427,True,True
285412,2252.94000000,0.00270000,294607,294607,1782864086960248,False,True
285413,2250.37000000,0.00270000,294608,294608,1782864089118087,True,True
285414,2251.11000000,0.00270000,294609,294609,1782864091345989,False,True
285415,2248.88000000,0.07700000,294610,294610,1782864091452005,True,True
285416,2248.37000000,0.01740000,294611,294611,1782864091756970,True,True
285417,2248.37000000,0.01740000,294612,294612,1782864091757158,True,True
285418,2248.37000000,0.00910000,294613,294613,1782864091789440,True,True
285419,2246.76000000,0.01410000,294614,294614,1782864092286218,True,True
285420,2246.76000000,0.01410000,294615,294615,1782864092286245,True,True
285421,2246.76000000,0.01410000,294616,294616,1782864092286308,True,True
285422,2246.76000000,0.00160000,294617,294617,1782864092286313,True,True
285423,2246.65000000,0.01410000,294618,294618,1782864092287043,True,True
285424,2246.64000000,0.00250000,294619,294619,1782864092287198,True,True
285425,2245.21000000,0.01390000,294620,294620,1782864092636982,True,True
285426,2245.21000000,0.01390000,294621,294621,1782864092637139,True,True
285427,2245.21000000,0.01390000,294622,294622,1782864092637903,True,True
285428,2245.21000000,0.04880000,294623,294623,1782864092638111,True,True
285429,2245.21000000,0.01050000,294624,294624,1782864092638252,True,True
285430,2245.10000000,0.03830000,294625,294625,1782864092638252,True,True
285431,2245.00000000,0.01390000,294626,294626,1782864092645099,True,True
285432,2245.00000000,0.01390000,294627,294627,1782864092645825,True,True
285433,2245.00000000,0.01390000,294628,294628,1782864092645836,True,True
285434,2245.00000000,0.01390000,294629,294630,1782864092645990,True,True
285435,2245.00000000,0.01390000,294631,294631,1782864092646161,True,True
285436,2245.00000000,0.01390000,294632,294632,1782864092646198,True,True
285437,2245.00000000,0.04880000,294633,294633,1782864092646271,True,True
285438,2245.00000000,0.01390000,294634,294634,1782864092646677,True,True
285439,2245.00000000,0.04880000,294635,294635,1782864092647723,True,True
285440,2245.00000000,0.04880000,294636,294636,1782864092647902,True,True
285441,2245.00000000,0.01390000,294637,294637,1782864092648831,True,True
285442,2245.00000000,0.04880000,294638,294638,1782864092648965,True,True
285443,2245.00000000,0.01390000,294639,294639,1782864092649064,True,True
285444,2245.00000000,0.00790000,294640,294640,1782864092649119,True,True
285445,2244.46000000,0.04830000,294641,294641,1782864092910901,True,True
285446,2244.46000000,0.02070000,294642,294642,1782864092910960,True,True
285447,2244.46000000,0.03200000,294643,294643,1782864092910963,True,True
285448,2243.68000000,0.00250000,294644,294644,1782864093122905,True,True
285449,2243.35000000,0.02050000,294645,294645,1782864093194370,True,True
285450,2243.35000000,0.02050000,294646,294646,1782864093194708,True,True
285451,2243.35000000,0.02050000,294647,294647,1782864093194738,True,True
285452,2243.35000000,0.02050000,294648,294648,1782864093194747,True,True
285453,2243.35000000,0.01910000,294649,294649,1782864093195687,True,True
285454,2242.75000000,0.00710000,294650,294650,1782864093231609,True,True
285455,2241.10000000,0.08700000,294651,294651,1782864093475208,True,True
285456,2241.10000000,0.01420000,294652,294652,1782864093475343,True,True
285457,2241.00000000,0.04390000,294653,294653,1782864093475343,True,True
285458,2240.72000000,0.00250000,294654,294654,1782864093475343,True,True
285459,2239.74000000,0.02640000,294655,294655,1782864093475343,True,True
285460,2239.75000000,0.00270000,294656,294656,1782864093600465,True,True
285461,2244.00000000,0.00270000,294657,294657,1782864096036748,False,True
285462,2241.14000000,0.02520000,294658,294658,1782864096568921,True,True
285463,2241.19000000,0.00270000,294659,294659,1782864098312174,True,True
285464,2244.37000000,0.00270000,294660,294660,1782864100552243,False,True
285465,2243.03000000,0.00270000,294661,294661,1782864102849386,True,True
285466,2244.52000000,0.01980000,294662,294662,1782864103965011,False,True
285467,2244.52000000,0.04620000,294663,294663,1782864103965036,False,True
285468,2244.52000000,0.04620000,294664,294664,1782864103965058,False,True
285469,2244.52000000,0.04620000,294665,294665,1782864103965472,False,True
285470,2245.39000000,0.11460000,294666,294666,1782864103992606,False,True
285471,2245.58000000,0.51450000,294667,294667,1782864103992606,False,True
285472,2245.56000000,0.00270000,294668,294668,1782864105168715,False,True
285473,2243.62000000,0.00270000,294669,294669,1782864107258857,True,True
285474,2245.56000000,0.00270000,294670,294670,1782864111067652,False,True
285475,2243.22000000,0.00270000,294671,294671,1782864113592617,True,True
285476,2241.92000000,0.17320000,294672,294672,1782864115521374,True,True
285477,2244.09000000,0.00270000,294673,294673,1782864118766530,False,True
285478,2244.00000000,0.01790000,294674,294674,1782864120176677,False,True
285479,2244.00000000,0.01790000,294675,294675,1782864120176927,False,True
285480,2244.00000000,0.01890000,294676,294676,1782864120177727,False,True
285481,2244.00000000,0.01890000,294677,294677,1782864120177888,False,True
285482,2244.00000000,0.02640000,294678,294678,1782864120178038,False,True
285483,2243.34000000,0.00270000,294679,294679,1782864121148936,True,True
285484,2246.44000000,0.00570000,294680,294680,1782864122870866,False,True
285485,2246.55000000,0.00270000,294681,294681,1782864123534175,False,True
285486,2244.81000000,0.00270000,294682,294682,1782864125648163,True,True
285487,2244.81000000,0.02420000,294683,294683,1782864127600489,True,True
285488,2247.62000000,0.00270000,294684,294684,1782864129879877,False,True
285489,2245.87000000,0.00270000,294685,294685,1782864134551866,True,True
285490,2247.19000000,0.00270000,294686,294686,1782864136992065,False,True
285491,2244.93000000,0.00270000,294687,294687,1782864139533125,True,True
285492,2247.04000000,0.00270000,294688,294688,1782864142007584,False,True
285493,2246.20000000,0.00270000,294689,294689,1782864144924209,True,True
285494,2247.53000000,0.00270000,294690,294690,1782864147337665,False,True
285495,2245.25000000,0.00270000,294691,294691,1782864150249567,True,True
285496,2247.48000000,0.00270000,294692,294692,1782864152768407,False,True
285497,2245.44000000,0.00270000,294693,294693,1782864155085876,True,True
285498,2247.48000000,0.00270000,294694,294694,1782864157419997,False,True
285499,2243.66000000,0.00270000,294695,294695,1782864159652866,True,True
285500,2244.93000000,0.00270000,294696,294696,1782864161972346,False,True
285501,2242.04000000,0.00270000,294697,294697,1782864164122078,True,True
285502,2244.99000000,0.00270000,294698,294698,1782864168079890,False,True
285503,2242.07000000,0.00270000,294699,294699,1782864173327332,True,True
285504,2243.81000000,0.00260000,294700,294700,1782864179055185,False,True
285505,2241.49000000,0.00260000,294701,294701,1782864181539325,True,True
285506,2243.79000000,0.00260000,294702,294702,1782864184078973,False,True
285507,2241.57000000,0.00260000,294703,294703,1782864186277290,True,True
285508,2243.64000000,0.00260000,294704,294704,1782864188704242,False,True
285509,2240.34000000,0.00260000,294705,294705,1782864190933499,True,True
285510,2243.44000000,0.00260000,294706,294706,1782864193160043,False,True
285511,2240.34000000,0.00260000,294707,294707,1782864195525878,True,True
285512,2242.32000000,0.00260000,294708,294708,1782864198200583,False,True
285513,2240.37000000,0.00260000,294709,294709,1782864201269639,True,True
285514,2242.29000000,0.00260000,294710,294710,1782864204360879,False,True
285515,2240.45000000,0.00260000,294711,294711,1782864208197752,True,True
285516,2243.27000000,0.00260000,294712,294712,1782864210580395,False,True
285517,2241.19000000,0.00260000,294713,294713,1782864212945170,True,True
285518,2243.25000000,0.00260000,294714,294714,1782864215317856,False,True
285519,2241.20000000,0.00250000,294715,294715,1782864217858275,True,True
285520,2243.17000000,0.00250000,294716,294716,1782864220272082,False,True
285521,2241.80000000,0.00250000,294717,294717,1782864222540959,True,True
285522,2243.14000000,0.00250000,294718,294718,1782864225205279,False,True
285523,2241.52000000,0.00250000,294719,294719,1782864227473913,True,True
285524,2243.14000000,0.00250000,294720,294720,1782864229835804,False,True
285525,2241.55000000,0.00250000,294721,294721,1782864231939671,True,True
285526,2243.14000000,0.00250000,294722,294722,1782864235766643,False,True
285527,2242.42000000,0.00250000,294723,294723,1782864239962495,True,True
285528,2243.17000000,0.00250000,294724,294724,1782864244841547,False,True
285529,2242.46000000,0.00250000,294725,294725,1782864247182883,True,True
285530,2243.16000000,0.00250000,294726,294726,1782864249562486,False,True
285531,2241.18000000,0.00250000,294727,294727,1782864251820606,True,True
285532,2243.16000000,0.00250000,294728,294728,1782864254460469,False,True
285533,2241.39000000,0.00250000,294729,294729,1782864256989870,True,True
285534,2243.16000000,0.00250000,294730,294730,1782864259412039,False,True
285535,2241.39000000,0.00250000,294731,294731,1782864261602141,True,True
285536,2243.16000000,0.00250000,294732,294732,1782864264087823,False,True
285537,2240.23000000,0.00250000,294733,294733,1782864266436501,True,True
285538,2243.11000000,0.00250000,294734,294734,1782864269227418,False,True
285539,2240.41000000,0.00250000,294735,294735,1782864271524040,True,True
285540,2243.08000000,0.00250000,294736,294736,1782864273875174,False,True
285541,2241.59000000,0.00250000,294737,294737,1782864276090488,True,True
285542,2243.16000000,0.00250000,294738,294738,1782864278501267,False,True
285543,2242.50000000,0.00250000,294739,294739,1782864280776944,True,True
285544,2243.17000000,0.00250000,294740,294740,1782864283395779,False,True
285545,2242.03000000,0.00250000,294741,294741,1782864285712627,True,True
285546,2243.16000000,0.01340000,294742,294742,1782864299983801,False,True
285547,2241.60000000,0.02010000,294743,294743,1782864309611638,False,True
285548,2240.00000000,0.00600000,294744,294744,1782864347069012,True,True
285549,2240.01000000,0.15190000,294745,294745,1782864359929825,True,True
285550,2240.00000000,0.49400000,294746,294746,1782864359929825,True,True
285551,2239.69000000,0.03630000,294747,294747,1782864359931351,True,True
285552,2240.00000000,0.35270000,294748,294748,1782864362016246,False,True
285553,2239.59000000,0.01730000,294749,294749,1782864389694196,True,True
285554,2239.59000000,0.04490000,294750,294750,1782864389694393,True,True
285555,2240.37000000,0.00250000,294751,294751,1782864396362345,False,True
285556,2239.06000000,0.00250000,294752,294752,1782864397939005,True,True
285557,2240.37000000,0.00250000,294753,294753,1782864399841900,False,True
285558,2239.06000000,0.00250000,294754,294754,1782864401486425,True,True
285559,2239.06000000,0.65840000,294755,294755,1782864402363476,False,True
285560,2239.55000000,0.00240000,294756,294756,1782864403442406,False,True
285561,2239.05000000,0.00240000,294757,294757,1782864405200834,True,True
285562,2239.11000000,0.08750000,294758,294758,1782864405438759,False,True
285563,2240.37000000,0.00240000,294759,294759,1782864407306234,False,True
285564,2239.05000000,0.00010000,294760,294760,1782864408636617,True,True
285565,2238.05000000,0.00240000,294761,294761,1782864408863854,True,True
285566,2236.72000000,0.00240000,294762,294762,1782864410961830,True,True
285567,2238.86000000,0.00240000,294763,294763,1782864412715536,False,True
285568,2236.35000000,0.00240000,294764,294764,1782864414401370,True,True
285569,2236.33000000,0.01650000,294765,294765,1782864415389970,True,True
285570,2236.33000000,0.01650000,294766,294766,1782864415390117,True,True
285571,2236.33000000,0.01680000,294767,294767,1782864415391385,True,True
285572,2236.33000000,0.01680000,294768,294768,1782864415391864,True,True
285573,2236.33000000,0.03480000,294769,294769,1782864415392030,True,True
285574,2236.10000000,0.00250000,294770,294770,1782864415395556,True,True
285575,2236.70000000,0.00240000,294771,294771,1782864416391624,False,True
285576,2236.00000000,0.00240000,294772,294772,1782864418681559,True,True
285577,2236.70000000,0.00240000,294773,294773,1782864420480456,False,True
285578,2236.00000000,0.00090000,294774,294774,1782864422158570,True,True
285579,2236.00000000,0.00150000,294775,294775,1782864437381245,False,True
285580,2238.46000000,0.00240000,294776,294776,1782864447477427,False,True
285581,2234.67000000,0.00240000,294777,294777,1782864453754578,True,True
285582,2237.20000000,0.00240000,294778,294778,1782864457956162,False,True
285583,2235.72000000,0.00240000,294779,294779,1782864462098666,True,True
285584,2237.02000000,0.00240000,294780,294780,1782864464471137,False,True
285585,2235.15000000,0.00240000,294781,294781,1782864466521158,True,True
285586,2237.00000000,0.00240000,294782,294782,1782864468585528,False,True
285587,2235.65000000,0.00240000,294783,294783,1782864472641277,True,True
285588,2237.00000000,0.00240000,294784,294784,1782864476819532,False,True
285589,2236.33000000,0.00240000,294785,294785,1782864478710994,True,True
285590,2238.30000000,0.00240000,294786,294786,1782864480697936,False,True
285591,2235.70000000,0.00240000,294787,294787,1782864482575645,True,True
285592,2238.28000000,0.00240000,294788,294788,1782864484436191,False,True
285593,2235.72000000,0.00240000,294789,294789,1782864486267368,True,True
285594,2238.28000000,0.00240000,294790,294790,1782864488152907,False,True
285595,2235.72000000,0.00240000,294791,294791,1782864489919425,True,True
285596,2238.28000000,0.00240000,294792,294792,1782864491666717,False,True
285597,2235.74000000,0.00240000,294793,294793,1782864493571167,True,True
285598,2238.28000000,0.00240000,294794,294794,1782864495421189,False,True
285599,2235.74000000,0.00240000,294795,294795,1782864497199110,True,True
285600,2238.26000000,0.00240000,294796,294796,1782864499003754,False,True
285601,2236.34000000,0.00240000,294797,294797,1782864500959493,True,True
285602,2238.24000000,0.00240000,294798,294798,1782864502714418,False,True
285603,2238.24000000,0.00290000,294799,294799,1782864504027148,False,True
285604,2236.35000000,0.00240000,294800,294800,1782864504557613,True,True
285605,2238.24000000,0.00240000,294801,294801,1782864506360726,False,True
285606,2236.36000000,0.00240000,294802,294802,1782864508128309,True,True
285607,2239.22000000,0.00240000,294803,294803,1782864509911357,False,True
285608,2237.29000000,0.00240000,294804,294804,1782864511770213,True,True
285609,2239.22000000,0.00240000,294805,294805,1782864513638183,False,True
285610,2236.21000000,0.00240000,294806,294806,1782864515527005,True,True
285611,2238.50000000,0.00240000,294807,294807,1782864517498035,False,True
285612,2236.82000000,0.00240000,294808,294808,1782864521323656,True,True
285613,2238.50000000,0.00240000,294809,294809,1782864523411336,False,True
285614,2236.92000000,0.00240000,294810,294810,1782864525146799,True,True
285615,2238.50000000,0.00240000,294811,294811,1782864527896588,False,True
285616,2237.18000000,0.00240000,294812,294812,1782864529690717,True,True
285617,2238.50000000,0.00230000,294813,294813,1782864531562294,False,True
285618,2237.18000000,0.00230000,294814,294814,1782864533346560,True,True
285619,2238.50000000,0.00230000,294815,294815,1782864535379445,False,True
285620,2237.15000000,0.00230000,294816,294816,1782864539087984,True,True
285621,2238.50000000,0.00230000,294817,294817,1782864540947498,False,True
285622,2236.25000000,0.00230000,294818,294818,1782864542771176,True,True
285623,2238.36000000,0.00230000,294819,294819,1782864544716813,False,True
285624,2238.29000000,0.00230000,294820,294820,1782864559837075,False,True
285625,2238.29000000,0.00230000,294821,294821,1782864571763550,False,True
285626,2237.01000000,0.00230000,294822,294822,1782864590117967,False,True
285627,2237.01000000,0.00230000,294823,294823,1782864601238595,False,True
285628,2235.47000000,0.01150000,294824,294824,1782864602021441,True,True
285629,2237.01000000,0.00230000,294825,294825,1782864613415673,False,True
285630,2237.01000000,0.01610000,294826,294826,1782864614644655,False,True
285631,2237.01000000,0.01610000,294827,294827,1782864614644745,False,True
285632,2237.01000000,0.03970000,294828,294828,1782864614646457,False,True
285633,2238.22000000,0.00230000,294829,294829,1782864629917172,False,True
285634,2239.77000000,0.00230000,294830,294830,1782864640158721,False,True
285635,2239.76000000,0.00230000,294831,294831,1782864651350480,False,True
285636,2240.00000000,0.00230000,294832,294832,1782864661279218,False,True
285637,2239.97000000,0.00230000,294833,294833,1782864672602467,False,True
285638,2239.85000000,0.00230000,294834,294834,1782864687526708,False,True
285639,2239.73000000,0.06800000,294835,294835,1782864702118818,False,True
285640,2237.07000000,0.01840000,294836,294836,1782864721117728,True,True
285641,2235.42000000,0.07780000,294837,294837,1782864780595021,True,True
285642,2235.42000000,0.04840000,294838,294838,1782864781966304,True,True
285643,2235.42000000,0.01610000,294839,294839,1782864781966584,True,True
285644,2235.42000000,0.01610000,294840,294840,1782864781967392,True,True
285645,2235.42000000,0.04840000,294841,294841,1782864781968357,True,True
285646,2235.42000000,0.01610000,294842,294842,1782864781968707,True,True
285647,2235.42000000,0.01610000,294843,294843,1782864781969713,True,True
285648,2235.42000000,0.01610000,294844,294844,1782864781970046,True,True
285649,2235.42000000,0.01610000,294845,294845,1782864781971048,True,True
285650,2235.42000000,0.01610000,294846,294846,1782864784859128,True,True
285651,2235.42000000,0.04840000,294847,294847,1782864784859243,True,True
285652,2235.42000000,0.01610000,294848,294848,1782864784861003,True,True
285653,2235.42000000,0.01730000,294849,294849,1782864785648669,True,True
285654,2235.42000000,0.23000000,294850,294850,1782864785654272,True,True
285655,2235.42000000,0.01600000,294851,294851,1782864787874108,True,True
285656,2235.42000000,0.01600000,294852,294852,1782864787874261,True,True
285657,2235.42000000,0.03680000,294853,294853,1782864787875545,True,True
285658,2235.42000000,0.01600000,294854,294854,1782864787881084,True,True
285659,2235.42000000,0.04820000,294855,294855,1782864787882173,True,True
285660,2235.42000000,0.04820000,294856,294856,1782864808143138,True,True
285661,2235.42000000,0.01600000,294857,294857,1782864808143174,True,True
285662,2235.42000000,0.01600000,294858,294858,1782864808143443,True,True
285663,2235.42000000,0.04820000,294859,294859,1782864808144198,True,True
285664,2235.42000000,0.05550000,294860,294860,1782864808155752,True,True
285665,2235.42000000,0.01600000,294861,294861,1782864808165346,True,True
285666,2235.42000000,0.01600000,294862,294862,1782864808166187,True,True
285667,2235.42000000,0.01600000,294863,294863,1782864808166391,True,True
285668,2235.42000000,0.05550000,294864,294864,1782864808309967,True,True
285669,2235.42000000,0.05550000,294865,294865,1782864808747309,True,True
285670,2235.42000000,0.04000000,294866,294866,1782864808753572,True,True
285671,2235.42000000,0.04000000,294867,294867,1782864808753841,True,True
285672,2235.42000000,0.04000000,294868,294868,1782864808754407,True,True
285673,2235.42000000,0.08000000,294869,294869,1782864808754671,True,True
285674,2235.42000000,0.04000000,294870,294870,1782864808754716,True,True
285675,2235.42000000,0.04000000,294871,294871,1782864808754978,True,True
285676,2235.42000000,0.04000000,294872,294872,1782864808755224,True,True
285677,2235.42000000,0.15000000,294873,294873,1782864808756940,True,True
285678,2235.42000000,0.08000000,294874,294874,1782864808759524,True,True
285679,2235.42000000,0.08000000,294875,294875,1782864808759884,True,True
285680,2235.42000000,0.08000000,294876,294876,1782864808762847,True,True
285681,2235.42000000,0.08000000,294877,294877,1782864808762851,True,True
285682,2235.42000000,0.08000000,294878,294878,1782864808763149,True,True
285683,2235.42000000,0.08000000,294879,294879,1782864808763410,True,True
285684,2235.42000000,0.29000000,294880,294880,1782864808768447,True,True
285685,2235.42000000,0.29000000,294881,294881,1782864808769040,True,True
285686,2235.42000000,0.29000000,294882,294882,1782864808771065,True,True
285687,2235.42000000,0.05550000,294883,294883,1782864808778232,True,True
285688,2235.42000000,0.29000000,294884,294884,1782864808824479,True,True
285689,2235.42000000,0.04000000,294885,294885,1782864808825158,True,True
285690,2235.42000000,0.29000000,294886,294886,1782864808825400,True,True
285691,2235.42000000,0.29000000,294887,294887,1782864808825658,True,True
285692,2235.42000000,0.04000000,294888,294888,1782864808826175,True,True
285693,2235.42000000,0.01000000,294889,294889,1782864808973850,True,True
285694,2235.42000000,0.04000000,294890,294890,1782864809131353,True,True
285695,2235.42000000,0.80000000,294891,294891,1782864809131860,True,True
285696,2235.42000000,0.04000000,294892,294892,1782864809131864,True,True
285697,2235.42000000,0.04000000,294893,294893,1782864809132107,True,True
285698,2235.42000000,0.04000000,294894,294894,1782864809132368,True,True
285699,2235.42000000,0.04000000,294895,294895,1782864809132625,True,True
285700,2235.42000000,0.08000000,294896,294896,1782864809138354,True,True
285701,2235.42000000,0.08000000,294897,294897,1782864809138621,True,True
285702,2235.42000000,0.04000000,294898,294898,1782864809139328,True,True
285703,2235.42000000,0.08000000,294899,294899,1782864809139332,True,True
285704,2235.42000000,0.08000000,294900,294900,1782864809141614,True,True
285705,2235.42000000,0.08000000,294901,294901,1782864809142361,True,True
285706,2235.42000000,0.29000000,294902,294902,1782864809145164,True,True
285707,2235.42000000,0.29000000,294903,294903,1782864809145439,True,True
285708,2235.42000000,0.29000000,294904,294904,1782864809147784,True,True
285709,2235.42000000,0.08000000,294905,294905,1782864809148027,True,True
285710,2235.42000000,0.03000000,294906,294906,1782864809148664,True,True
285711,2235.42000000,0.29000000,294907,294907,1782864809152712,True,True
285712,2235.42000000,0.80000000,294908,294908,1782864809158457,True,True
285713,2235.42000000,0.80000000,294909,294909,1782864809159049,True,True
285714,2235.42000000,0.01600000,294910,294910,1782864809160429,True,True
285715,2235.42000000,0.04820000,294911,294911,1782864809161575,True,True
285716,2235.42000000,0.01600000,294912,294912,1782864809161705,True,True
285717,2235.42000000,0.80000000,294913,294913,1782864810098599,True,True
285718,2235.42000000,1.02000000,294914,294914,1782864810098828,True,True
285719,2235.42000000,0.01000000,294915,294915,1782864810098934,True,True
285720,2235.42000000,0.29000000,294916,294916,1782864810099323,True,True
285721,2235.42000000,0.49990000,294917,294917,1782864810099620,True,True
285722,2233.79000000,0.15390000,294918,294918,1782864810162911,True,True
285723,2233.57000000,0.00480000,294919,294919,1782864810162911,True,True
285724,2233.25000000,0.01650000,294920,294920,1782864822071643,True,True
285725,2233.24000000,0.01650000,294921,294921,1782864849546164,False,True
285726,2233.24000000,0.01650000,294922,294922,1782864849546393,False,True
285727,2233.24000000,0.01610000,294923,294923,1782864849547885,False,True
285728,2233.24000000,0.01610000,294924,294924,1782864849548666,False,True
285729,2233.00000000,0.00710000,294925,294925,1782864886706174,True,True
285730,2231.79000000,0.01650000,294926,294926,1782864891952630,True,True
285731,2231.79000000,0.01650000,294927,294927,1782864891952710,True,True
285732,2231.46000000,0.89650000,294928,294929,1782864909853972,True,True
285733,2231.46000000,0.19000000,294930,294930,1782864910232929,True,True
285734,2231.48000000,0.01610000,294931,294931,1782864931360156,False,True
285735,2231.48000000,0.01610000,294932,294932,1782864931360241,False,True
285736,2231.48000000,0.01610000,294933,294933,1782864931360254,False,True
285737,2231.48000000,0.01610000,294934,294934,1782864931361020,False,True
285738,2231.48000000,0.04840000,294935,294935,1782864931361122,False,True
285739,2231.48000000,0.01610000,294936,294936,1782864931361163,False,True
285740,2231.48000000,0.01610000,294937,294937,1782864931362463,False,True
285741,2231.48000000,0.01610000,294938,294938,1782864931386319,False,True
285742,2231.48000000,0.01610000,294939,294939,1782864931387136,False,True
285743,2231.48000000,0.04840000,294940,294940,1782864931387176,False,True
285744,2231.48000000,0.01610000,294941,294941,1782864931387242,False,True
285745,2231.48000000,0.01610000,294942,294942,1782864931387289,False,True
285746,2231.48000000,0.04840000,294943,294943,1782864931387334,False,True
285747,2231.48000000,0.01610000,294944,294944,1782864931387344,False,True
285748,2231.48000000,0.03680000,294945,294945,1782864931910442,False,True
285749,2231.46000000,0.01610000,294946,294946,1782864939714413,True,True
285750,2231.46000000,0.01610000,294947,294947,1782864939715518,True,True
285751,2231.46000000,0.01610000,294948,294948,1782864939715765,True,True
285752,2231.46000000,0.01610000,294949,294949,1782864939716873,True,True
285753,2231.46000000,0.01610000,294950,294950,1782864939748499,True,True
285754,2231.46000000,0.01610000,294951,294951,1782864939750062,True,True
285755,2231.46000000,0.04840000,294952,294952,1782864939751373,True,True
285756,2231.46000000,0.01610000,294953,294953,1782864939752324,True,True
285757,2231.46000000,0.01610000,294954,294954,1782864939752412,True,True
285758,2231.46000000,0.01610000,294955,294955,1782864939753515,True,True
285759,2231.46000000,0.01610000,294956,294956,1782864939754249,True,True
285760,2231.46000000,0.01610000,294957,294957,1782864939754392,True,True
285761,2231.46000000,0.02000000,294958,294958,1782864942839928,True,True
285762,2231.46000000,0.01610000,294959,294959,1782864956125913,True,True
285763,2231.46000000,0.04840000,294960,294960,1782864956125974,True,True
285764,2231.46000000,0.01610000,294961,294961,1782864956125980,True,True
285765,2231.46000000,0.04840000,294962,294962,1782864956126030,True,True
285766,2231.46000000,0.04840000,294963,294963,1782864956126046,True,True
285767,2231.46000000,0.01610000,294964,294964,1782864956126082,True,True
285768,2231.46000000,0.04840000,294965,294965,1782864956126088,True,True
285769,2231.46000000,0.01610000,294966,294966,1782864956126139,True,True
285770,2231.46000000,0.01610000,294967,294967,1782864956126226,True,True
285771,2231.46000000,0.01610000,294968,294968,1782864956126234,True,True
285772,2231.46000000,0.01610000,294969,294969,1782864956128967,True,True
285773,2231.46000000,0.01610000,294970,294970,1782864956129284,True,True
285774,2231.46000000,0.12000000,294971,294971,1782864956129391,True,True
285775,2231.46000000,0.02000000,294972,294972,1782864956133052,True,True
285776,2231.46000000,0.02000000,294973,294973,1782864956133191,True,True
285777,2231.46000000,0.01610000,294974,294974,1782864956133464,True,True
285778,2231.46000000,0.01610000,294975,294975,1782864956133720,True,True
285779,2231.46000000,0.05000000,294976,294976,1782864956140783,True,True
285780,2231.46000000,0.80000000,294977,294977,1782864956163623,True,True
285781,2231.46000000,0.29000000,294978,294978,1782864956164425,True,True
285782,2231.46000000,0.08000000,294979,294979,1782864956164986,True,True
285783,2231.46000000,0.01610000,294980,294980,1782864956174974,True,True
285784,2231.46000000,0.01610000,294981,294981,1782864956181111,True,True
285785,2231.46000000,0.29000000,294982,294982,1782864956184717,True,True
285786,2231.46000000,1.60000000,294983,294983,1782864956185333,True,True
285787,2231.46000000,0.29000000,294984,294984,1782864956185410,True,True
285788,2231.46000000,0.05550000,294985,294985,1782864956217590,True,True
285789,2231.46000000,0.04840000,294986,294986,1782864956218875,True,True
285790,2231.46000000,0.08000000,294987,294987,1782864956224081,True,True
285791,2231.46000000,0.66620000,294988,294988,1782864956224714,True,True
285792,2230.78000000,0.03970000,294989,294989,1782864956225873,True,True
285793,2229.06000000,0.08430000,294990,294990,1782864957173014,True,True
285794,2228.95000000,0.08430000,294991,294991,1782864957173014,True,True
285795,2228.90000000,0.09170000,294992,294992,1782864957173014,True,True
285796,2229.07000000,0.01610000,294993,294993,1782864961369072,False,True
285797,2229.07000000,0.01610000,294994,294994,1782864961369287,False,True
285798,2229.07000000,0.01610000,294995,294995,1782864961369777,False,True
285799,2229.07000000,0.01610000,294996,294996,1782864961369901,False,True
285800,2229.07000000,0.01610000,294997,294997,1782864961370018,False,True
285801,2229.07000000,0.03230000,294998,294998,1782864961370048,False,True
285802,2229.72000000,0.01610000,294999,294999,1782864961370899,False,True
285803,2229.72000000,0.01610000,295000,295000,1782864961371229,False,True
285804,2229.72000000,0.01610000,295001,295001,1782864961371355,False,True
285805,2229.72000000,0.01610000,295002,295002,1782864961371406,False,True
285806,2229.72000000,0.01610000,295003,295003,1782864961371417,False,True
285807,2229.72000000,0.01610000,295004,295004,1782864961371452,False,True
285808,2229.72000000,0.04850000,295005,295005,1782864961371461,False,True
285809,2229.72000000,0.04850000,295006,295006,1782864961371481,False,True
285810,2229.72000000,0.01610000,295007,295007,1782864961371489,False,True
285811,2229.72000000,0.01610000,295008,295008,1782864961371535,False,True
285812,2229.72000000,0.00850000,295009,295009,1782864961371584,False,True
285813,2229.73000000,0.04000000,295010,295010,1782864961371584,False,True
285814,2231.17000000,0.01610000,295011,295011,1782864961375156,False,True
285815,2231.17000000,0.01610000,295012,295012,1782864961375295,False,True
285816,2231.17000000,0.01610000,295013,295013,1782864961375313,False,True
285817,2231.17000000,0.04850000,295014,295014,1782864961375428,False,True
285818,2230.27000000,0.05550000,295015,295015,1782864961625556,False,True
285819,2230.27000000,0.05550000,295016,295016,1782864961686038,False,True
285820,2229.57000000,0.04790000,295017,295017,1782864962510974,False,True
285821,2229.57000000,0.04790000,295018,295018,1782864962511044,False,True
285822,2229.57000000,0.01590000,295019,295019,1782864962511070,False,True
285823,2229.57000000,0.04790000,295020,295020,1782864962511142,False,True
285824,2229.57000000,0.04790000,295021,295021,1782864962511204,False,True
285825,2229.57000000,0.01770000,295022,295022,1782864962511378,False,True
285826,2229.57000000,0.01770000,295023,295023,1782864962511479,False,True
285827,2229.57000000,0.04790000,295024,295024,1782864962512176,False,True
285828,2229.57000000,0.04790000,295025,295025,1782864962512194,False,True
285829,2229.57000000,0.04790000,295026,295026,1782864962512240,False,True
285830,2229.57000000,0.04790000,295027,295027,1782864962512301,False,True
285831,2229.57000000,0.04790000,295028,295028,1782864962512324,False,True
285832,2229.57000000,0.01590000,295029,295029,1782864962512340,False,True
285833,2229.57000000,0.04790000,295030,295030,1782864962512561,False,True
285834,2229.57000000,0.03540000,295031,295031,1782864962512999,False,True
285835,2229.57000000,0.04790000,295032,295032,1782864962513607,False,True
285836,2229.57000000,0.01590000,295033,295033,1782864962514728,False,True
285837,2229.57000000,0.01590000,295034,295034,1782864962514767,False,True
285838,2231.71000000,0.01340000,295035,295035,1782864981501741,False,True
285839,2231.71000000,0.01340000,295036,295036,1782864981501959,False,True
285840,2233.23000000,0.02000000,295037,295037,1782865010509081,False,True
285841,2233.23000000,0.02000000,295038,295038,1782865010515650,False,True
285842,2233.23000000,0.02310000,295039,295039,1782865010515824,False,True
285843,2233.23000000,0.02000000,295040,295040,1782865010516047,False,True
285844,2233.23000000,0.02310000,295041,295041,1782865010516339,False,True
285845,2233.23000000,0.02000000,295042,295042,1782865010516584,False,True
285846,2233.23000000,0.02000000,295043,295043,1782865010516789,False,True
285847,2233.23000000,0.00440000,295044,295044,1782865010518574,False,True
285848,2233.23000000,0.00230000,295045,295045,1782865010737715,False,True
285849,2233.24000000,0.00260000,295046,295046,1782865010737715,False,True
285850,2228.64000000,0.00620000,295047,295047,1782865135339990,True,True
285851,2226.80000000,0.00250000,295048,295048,1782865199799666,True,True
285852,2223.87000000,0.00250000,295049,295049,1782865219731167,True,True
285853,2226.03000000,0.04510000,295050,295050,1782865253527892,False,True
285854,2223.25000000,0.00710000,295051,295051,1782865274637713,True,True
285855,2221.29000000,0.15110000,295052,295052,1782865279297026,True,True
285856,2220.99000000,0.10060000,295053,295053,1782865279297026,True,True
285857,2220.94000000,0.00250000,295054,295054,1782865279297026,True,True
285858,2220.92000000,0.07910000,295055,295055,1782865279297026,True,True
285859,2220.86000000,0.08670000,295056,295056,1782865279297026,True,True
285860,2220.11000000,0.10070000,295057,295057,1782865279297026,True,True
285861,2219.84000000,0.23490000,295058,295058,1782865279297026,True,True
285862,2219.81000000,0.25450000,295059,295060,1782865279297026,True,True
285863,2219.80000000,1.23760000,295061,295061,1782865279297026,True,True
285864,2221.08000000,0.15110000,295062,295062,1782865290496647,True,True
285865,2220.56000000,0.07910000,295063,295063,1782865290496647,True,True
285866,2219.90000000,0.23390000,295064,295064,1782865290496647,True,True
285867,2219.89000000,0.08620000,295065,295065,1782865290496647,True,True
285868,2219.81000000,0.19900000,295066,295067,1782865290496647,True,True
285869,2224.14000000,0.13490000,295068,295068,1782865510102497,False,True
285870,2223.07000000,0.01800000,295069,295069,1782865625917106,False,True
285871,2221.20000000,0.15120000,295070,295070,1782865696653146,True,True
285872,2221.19000000,0.07810000,295071,295071,1782865696653146,True,True
285873,2227.10000000,0.16610000,295072,295072,1782865733014823,False,True
285874,2227.26000000,0.07430000,295073,295073,1782865733014823,False,True
285875,2227.95000000,0.10110000,295074,295074,1782865733874189,False,True
285876,2227.96000000,0.00250000,295075,295075,1782865734732427,False,True
285877,2228.58000000,0.02020000,295076,295076,1782865767572505,False,True
285878,2226.07000000,0.06780000,295077,295077,1782865770534193,True,True
285879,2225.13000000,0.02000000,295078,295078,1782865865873514,True,True
285880,2225.13000000,0.02000000,295079,295079,1782865865873593,True,True
285881,2224.90000000,0.02000000,295080,295080,1782865865874647,True,True
285882,2224.90000000,0.05340000,295081,295081,1782865865874730,True,True
285883,2224.90000000,0.01110000,295082,295082,1782865865874866,True,True
285884,2225.13000000,0.05310000,295083,295083,1782865910919011,False,True
285885,2225.13000000,0.01990000,295084,295084,1782865910919051,False,True
285886,2225.13000000,0.05310000,295085,295086,1782865910919089,False,True
285887,2225.13000000,0.01990000,295087,295087,1782865910919195,False,True
285888,2225.13000000,0.01990000,295088,295088,1782865910919245,False,True
285889,2225.13000000,0.01990000,295089,295089,1782865910919318,False,True
285890,2225.13000000,0.00430000,295090,295090,1782865910919321,False,True
285891,2220.25000000,0.05520000,295091,295091,1782866155464315,True,True
285892,2220.25000000,0.02070000,295092,295092,1782866155464448,True,True
285893,2220.25000000,0.02070000,295093,295093,1782866155464468,True,True
285894,2220.25000000,0.05520000,295094,295094,1782866155464474,True,True
285895,2220.25000000,0.00430000,295095,295095,1782866155464757,True,True
285896,2219.93000000,0.05490000,295096,295096,1782866232248915,True,True
285897,2219.93000000,0.02050000,295097,295097,1782866232248929,True,True
285898,2219.93000000,0.05490000,295098,295098,1782866232248978,True,True
285899,2219.93000000,0.03580000,295099,295099,1782866232249880,True,True
285900,2220.95000000,0.00270000,295100,295100,1782866237599354,False,True
285901,2222.68000000,0.01160000,295101,295101,1782866356373658,False,True
285902,2223.06000000,0.02140000,295102,295102,1782866418050460,False,True
285903,2223.07000000,0.02140000,295103,295103,1782866418050581,False,True
285904,2223.07000000,0.02140000,295104,295104,1782866418050648,False,True
285905,2223.07000000,0.03530000,295105,295105,1782866418050780,False,True
285906,2223.27000000,0.02140000,295106,295106,1782866418050898,False,True
285907,2223.27000000,0.05010000,295107,295107,1782866418051034,False,True
285908,2223.27000000,0.01310000,295108,295108,1782866418051291,False,True
285909,2223.70000000,0.02090000,295109,295109,1782866444747955,True,True
285910,2223.70000000,0.02400000,295110,295110,1782866444749641,True,True
285911,2224.39000000,0.02080000,295111,295111,1782866453996074,False,True
285912,2224.39000000,0.05550000,295112,295112,1782866453996114,False,True
285913,2224.92000000,0.02080000,295113,295113,1782866453996416,False,True
285914,2224.92000000,0.05550000,295114,295114,1782866453996458,False,True
285915,2224.92000000,0.00820000,295115,295115,1782866453996516,False,True
285916,2224.77000000,0.05230000,295116,295116,1782866461282606,False,True
285917,2221.88000000,0.02040000,295117,295117,1782866559334130,True,True
285918,2221.88000000,0.02040000,295118,295118,1782866559357310,True,True
285919,2221.88000000,0.02040000,295119,295119,1782866559360005,True,True
285920,2221.88000000,0.02040000,295120,295120,1782866559360094,True,True
285921,2221.88000000,0.05440000,295121,295121,1782866559361162,True,True
285922,2221.88000000,0.02040000,295122,295122,1782866559361173,True,True
285923,2221.88000000,0.02040000,295123,295123,1782866559362139,True,True
285924,2221.88000000,0.02040000,295124,295124,1782866559362252,True,True
285925,2221.88000000,0.05440000,295125,295125,1782866559362345,True,True
285926,2221.88000000,0.02040000,295126,295126,1782866559363217,True,True
285927,2221.88000000,0.02040000,295127,295127,1782866559363456,True,True
285928,2221.88000000,0.02040000,295128,295128,1782866559364431,True,True
285929,2221.88000000,0.02040000,295129,295129,1782866559364446,True,True
285930,2221.88000000,0.01680000,295130,295130,1782866559399674,True,True
285931,2221.90000000,0.02040000,295131,295131,1782866600571738,False,True
285932,2221.90000000,0.05440000,295132,295132,1782866600572703,False,True
285933,2221.90000000,0.05440000,295133,295133,1782866600572987,False,True
285934,2221.90000000,0.02040000,295134,295134,1782866600573583,False,True
285935,2221.90000000,0.05440000,295135,295135,1782866600573772,False,True
285936,2221.90000000,0.02040000,295136,295136,1782866600611631,False,True
285937,2221.90000000,0.00870000,295137,295137,1782866600802641,False,True
285938,2221.90000000,0.00870000,295138,295138,1782866600802759,False,True
285939,2221.90000000,0.02040000,295139,295139,1782866609113506,False,True
285940,2221.90000000,0.05440000,295140,295140,1782866609113575,False,True
285941,2221.90000000,0.02040000,295141,295141,1782866609113941,False,True
285942,2221.90000000,0.05440000,295142,295142,1782866609114283,False,True
285943,2221.90000000,0.01000000,295143,295143,1782866710315054,False,True
285944,2221.90000000,0.02000000,295144,295144,1782866716845392,False,True
285945,2221.90000000,0.01000000,295145,295145,1782866721965450,False,True
285946,2221.90000000,0.01000000,295146,295146,1782866726729239,False,True
285947,2221.90000000,0.21990000,295147,295147,1782866726809763,False,True
285948,2221.90000000,0.03080000,295148,295148,1782866726809842,False,True
285949,2227.96000000,0.00250000,295149,295149,1782866943123973,False,True
285950,2227.11000000,0.01890000,295150,295150,1782866989871904,True,True
285951,2227.11000000,0.01660000,295151,295151,1782866989882551,True,True
285952,2227.11000000,0.01890000,295152,295152,1782866989888514,True,True
285953,2227.11000000,0.05060000,295153,295153,1782866989889523,True,True
285954,2227.11000000,0.01890000,295154,295154,1782866989889565,True,True
285955,2227.11000000,0.01790000,295155,295155,1782866989889667,True,True
285956,2228.96000000,0.01880000,295156,295156,1782867023654513,False,True
285957,2228.96000000,0.00250000,295157,295157,1782867092318648,False,True
285958,2232.66000000,0.00250000,295158,295158,1782867190931231,False,True
285959,2233.00000000,0.00300000,295159,295159,1782867191086303,False,True
285960,2233.00000000,0.00300000,295160,295160,1782867191086490,False,True
285961,2233.00000000,0.00110000,295161,295161,1782867191092002,False,True
285962,2233.70000000,0.01850000,295162,295162,1782867191097750,False,True
285963,2233.70000000,0.01850000,295163,295163,1782867191097837,False,True
285964,2233.70000000,0.00790000,295164,295164,1782867191097924,False,True
285965,2235.59000000,0.00250000,295165,295165,1782867217354699,False,True
285966,2229.46000000,0.01750000,295166,295166,1782867245213012,True,True
285967,2229.46000000,0.01750000,295167,295167,1782867245213146,True,True
285968,2229.46000000,0.05270000,295168,295168,1782867245214068,True,True
285969,2229.46000000,0.05270000,295169,295169,1782867245214112,True,True
285970,2229.46000000,0.01690000,295170,295170,1782867245214182,True,True
285971,2231.25000000,0.01760000,295171,295171,1782867284820378,False,True
285972,2231.92000000,0.16120000,295172,295172,1782867286486073,False,True
285973,2232.37000000,0.21540000,295173,295174,1782867286486073,False,True
285974,2232.40000000,0.08140000,295175,295175,1782867286486073,False,True
285975,2228.96000000,0.01740000,295176,295176,1782867303195732,True,True
285976,2228.96000000,0.05240000,295177,295177,1782867303206456,True,True
285977,2228.96000000,0.05240000,295178,295178,1782867303206912,True,True
285978,2228.96000000,0.05240000,295179,295179,1782867303224092,True,True
285979,2228.96000000,0.01740000,295180,295180,1782867303224262,True,True
285980,2228.96000000,0.01740000,295181,295181,1782867303235411,True,True
285981,2228.96000000,0.05240000,295182,295182,1782867303235463,True,True
285982,2228.96000000,0.01720000,295183,295183,1782867303235474,True,True
285983,2228.96000000,0.01740000,295184,295184,1782867303235547,True,True
285984,2228.96000000,0.05240000,295185,295185,1782867303235580,True,True
285985,2228.96000000,0.05240000,295186,295186,1782867303235729,True,True
285986,2228.96000000,0.01740000,295187,295187,1782867303235901,True,True
285987,2228.96000000,0.01740000,295188,295188,1782867303235929,True,True
285988,2228.96000000,0.01740000,295189,295189,1782867303236015,True,True
285989,2228.96000000,0.03750000,295190,295190,1782867303236661,True,True
285990,2228.96000000,0.01740000,295191,295191,1782867303277185,True,True
285991,2228.96000000,0.01740000,295192,295192,1782867303278075,True,True
285992,2228.96000000,0.01740000,295193,295193,1782867303353233,True,True
285993,2228.96000000,0.05240000,295194,295194,1782867303354197,True,True
285994,2228.96000000,0.01740000,295195,295195,1782867303354325,True,True
285995,2228.96000000,0.05240000,295196,295196,1782867303354468,True,True
285996,2228.96000000,0.01740000,295197,295197,1782867303359409,True,True
285997,2228.96000000,0.05240000,295198,295198,1782867303359733,True,True
285998,2228.96000000,0.05240000,295199,295199,1782867303359753,True,True
285999,2228.96000000,0.05240000,295200,295200,1782867303359781,True,True
286000,2228.96000000,0.05240000,295201,295201,1782867303359786,True,True
286001,2228.96000000,0.01740000,295202,295202,1782867303359970,True,True
286002,2228.96000000,0.05240000,295203,295203,1782867303360045,True,True
286003,2228.96000000,0.05240000,295204,295204,1782867303360759,True,True
286004,2228.96000000,0.04000000,295205,295205,1782867303388326,True,True
286005,2228.96000000,0.04000000,295206,295206,1782867303388697,True,True
286006,2228.96000000,0.08000000,295207,295207,1782867303399931,True,True
286007,2228.96000000,0.08000000,295208,295208,1782867303400446,True,True
286008,2228.96000000,0.29000000,295209,295209,1782867303411949,True,True
286009,2228.96000000,0.13000000,295210,295210,1782867303412538,True,True
286010,2228.96000000,0.80000000,295211,295211,1782867303420778,True,True
286011,2228.96000000,0.05550000,295212,295212,1782867303446290,True,True
286012,2228.96000000,0.05550000,295213,295213,1782867303632546,True,True
286013,2228.96000000,0.05550000,295214,295214,1782867303855774,True,True
286014,2228.96000000,0.05550000,295215,295215,1782867303899612,True,True
286015,2228.96000000,0.05550000,295216,295216,1782867304023930,True,True
286016,2228.96000000,0.08000000,295217,295217,1782867304090565,True,True
286017,2228.96000000,0.05550000,295218,295218,1782867304112925,True,True
286018,2228.96000000,0.29000000,295219,295219,1782867304113676,True,True
286019,2228.96000000,0.80000000,295220,295220,1782867304128744,True,True
286020,2228.96000000,0.05550000,295221,295221,1782867304171894,True,True
286021,2228.96000000,1.60000000,295222,295222,1782867304177752,True,True
286022,2228.96000000,0.08000000,295223,295223,1782867304315242,True,True
286023,2228.96000000,0.29000000,295224,295224,1782867304320679,True,True
286024,2228.96000000,0.80000000,295225,295225,1782867304331367,True,True
286025,2228.96000000,0.08000000,295226,295226,1782867304723107,True,True
286026,2228.96000000,0.29000000,295227,295227,1782867304729735,True,True
286027,2228.96000000,0.80000000,295228,295228,1782867304735408,True,True
286028,2228.96000000,0.08000000,295229,295229,1782867305553025,True,True
286029,2228.96000000,0.29000000,295230,295230,1782867305598298,True,True
286030,2228.96000000,0.80000000,295231,295231,1782867306321970,True,True
286031,2228.97000000,0.01740000,295232,295232,1782867306439475,False,True
286032,2228.97000000,0.01740000,295233,295233,1782867306439535,False,True
286033,2228.97000000,0.01740000,295234,295234,1782867306439936,False,True
286034,2228.97000000,0.01740000,295235,295235,1782867306439985,False,True
286035,2228.97000000,0.01470000,295236,295236,1782867306440806,False,True
286036,2228.98000000,0.00270000,295237,295237,1782867306440806,False,True
286037,2228.98000000,0.01740000,295238,295238,1782867306440884,False,True
286038,2228.98000000,0.01740000,295239,295239,1782867306440925,False,True
286039,2228.98000000,0.01740000,295240,295240,1782867306441046,False,True
286040,2228.98000000,0.05230000,295241,295241,1782867306441950,False,True
286041,2228.98000000,0.05230000,295242,295242,1782867306442010,False,True
286042,2228.98000000,0.05230000,295243,295243,1782867306442923,False,True
286043,2228.98000000,0.01740000,295244,295244,1782867306442974,False,True
286044,2228.98000000,0.01740000,295245,295245,1782867306442983,False,True
286045,2228.98000000,0.01740000,295246,295246,1782867306443994,False,True
286046,2228.98000000,0.01740000,295247,295247,1782867306444155,False,True
286047,2228.98000000,0.01740000,295248,295248,1782867306445088,False,True
286048,2228.98000000,0.05230000,295249,295249,1782867309053515,False,True
286049,2228.98000000,0.01740000,295250,295250,1782867309055586,False,True
286050,2228.98000000,0.01740000,295251,295251,1782867309055608,False,True
286051,2228.98000000,0.01740000,295252,295252,1782867309055639,False,True
286052,2228.98000000,0.05230000,295253,295253,1782867309056160,False,True
286053,2228.98000000,0.01410000,295254,295254,1782867321636964,False,True
286054,2228.98000000,0.01410000,295255,295255,1782867321637080,False,True
286055,2228.96000000,0.01740000,295256,295256,1782867324507974,True,True
286056,2228.96000000,0.01740000,295257,295257,1782867324557845,True,True
286057,2228.96000000,0.01740000,295258,295258,1782867324557952,True,True
286058,2228.96000000,0.05240000,295259,295259,1782867324559119,True,True
286059,2228.96000000,0.05240000,295260,295260,1782867324559195,True,True
286060,2228.96000000,0.01740000,295261,295261,1782867324560101,True,True
286061,2228.96000000,0.01740000,295262,295262,1782867324560136,True,True
286062,2228.96000000,0.05240000,295263,295263,1782867324560603,True,True
286063,2228.96000000,0.01740000,295264,295264,1782867324561383,True,True
286064,2228.96000000,0.01740000,295265,295265,1782867324561418,True,True
286065,2228.96000000,0.01740000,295266,295266,1782867325397842,True,True
286066,2228.96000000,0.05240000,295267,295267,1782867325398438,True,True
286067,2228.96000000,0.01740000,295268,295268,1782867325398591,True,True
286068,2228.96000000,0.01740000,295269,295269,1782867325398672,True,True
286069,2228.96000000,0.01740000,295270,295270,1782867325398714,True,True
286070,2228.96000000,0.05240000,295271,295271,1782867325402842,True,True
286071,2228.96000000,0.05240000,295272,295272,1782867325402853,True,True
286072,2228.96000000,0.05240000,295273,295273,1782867325402868,True,True
286073,2228.96000000,0.01740000,295274,295274,1782867325402912,True,True
286074,2228.96000000,0.01740000,295275,295275,1782867325403483,True,True
286075,2228.96000000,0.05240000,295276,295276,1782867325403556,True,True
286076,2228.96000000,0.05240000,295277,295277,1782867325403682,True,True
286077,2228.96000000,0.01740000,295278,295278,1782867326810061,True,True
286078,2228.96000000,0.01740000,295279,295279,1782867326810123,True,True
286079,2228.96000000,0.01740000,295280,295280,1782867326810162,True,True
286080,2228.96000000,0.01740000,295281,295281,1782867326810174,True,True
286081,2228.96000000,0.01740000,295282,295282,1782867326813448,True,True
286082,2228.96000000,0.01740000,295283,295283,1782867326813878,True,True
286083,2228.96000000,0.01740000,295284,295284,1782867326813950,True,True
286084,2228.96000000,0.03740000,295285,295285,1782867327099685,True,True
286085,2226.80000000,0.00250000,295286,295286,1782867344992736,True,True
286086,2226.37000000,0.01650000,295287,295287,1782867345017158,True,True
286087,2227.07000000,0.01310000,295288,295288,1782867345058138,True,True
286088,2226.04000000,0.10630000,295289,295289,1782867345333517,True,True
286089,2225.93000000,0.10630000,295290,295290,1782867345333517,True,True
286090,2225.65000000,0.15980000,295291,295291,1782867345333517,True,True
286091,2225.38000000,0.71340000,295292,295292,1782867345333517,True,True
286092,2224.43000000,0.00270000,295293,295293,1782867347069767,True,True
286093,2226.78000000,0.01750000,295294,295294,1782867403220118,False,True
286094,2226.78000000,0.01750000,295295,295295,1782867403220302,False,True
286095,2226.78000000,0.04940000,295296,295296,1782867403221119,False,True
286096,2227.56000000,0.01730000,295297,295297,1782867420413539,False,True
286097,2227.56000000,0.05200000,295298,295298,1782867420414535,False,True
286098,2227.56000000,0.01730000,295299,295299,1782867420414721,False,True
286099,2227.56000000,0.01730000,295300,295300,1782867420414866,False,True
286100,2227.56000000,0.01730000,295301,295301,1782867420414872,False,True
286101,2227.56000000,0.01730000,295302,295302,1782867420414955,False,True
286102,2227.56000000,0.01730000,295303,295303,1782867420415382,False,True
286103,2227.56000000,0.01730000,295304,295304,1782867420415417,False,True
286104,2227.56000000,0.01730000,295305,295305,1782867420415560,False,True
286105,2227.56000000,0.05200000,295306,295307,1782867420415650,False,True
286106,2227.56000000,0.01730000,295308,295308,1782867420415983,False,True
286107,2227.56000000,0.05200000,295309,295309,1782867420416252,False,True
286108,2227.56000000,0.01730000,295310,295310,1782867420417200,False,True
286109,2227.56000000,0.03510000,295311,295311,1782867420417339,False,True
286110,2227.56000000,0.01730000,295312,295312,1782867420417416,False,True
286111,2227.56000000,0.01730000,295313,295313,1782867420417447,False,True
286112,2227.56000000,0.05200000,295314,295314,1782867420417491,False,True
286113,2227.56000000,0.01730000,295315,295315,1782867420417745,False,True
286114,2227.56000000,0.00100000,295316,295316,1782867420419306,False,True
286115,2228.27000000,0.02000000,295317,295317,1782867430542988,False,True
286116,2223.87000000,0.00250000,295318,295318,1782867529419663,True,True
286117,2223.25000000,0.00710000,295319,295319,1782867529420971,True,True
286118,2221.81000000,0.15020000,295320,295320,1782867573407548,False,True
286119,2221.82000000,0.36000000,295321,295321,1782867573407548,False,True
286120,2221.88000000,0.20260000,295322,295322,1782867573407548,False,True
286121,2222.40000000,0.65840000,295323,295323,1782867573407548,False,True
286122,2222.62000000,0.08440000,295324,295324,1782867573407548,False,True
286123,2223.18000000,0.65840000,295325,295325,1782867573407548,False,True
286124,2223.25000000,0.05620000,295326,295326,1782867573408502,True,True
286125,2223.25000000,0.05620000,295327,295327,1782867573408540,True,True
286126,2223.25000000,0.05620000,295328,295328,1782867573408566,True,True
286127,2223.25000000,0.05620000,295329,295329,1782867573408773,True,True
286128,2223.25000000,0.01680000,295330,295330,1782867573409610,True,True
286129,2223.25000000,0.01680000,295331,295331,1782867573409677,True,True
286130,2223.25000000,0.01680000,295332,295332,1782867573409786,True,True
286131,2223.25000000,0.01680000,295333,295333,1782867573409806,True,True
286132,2223.25000000,0.05620000,295334,295334,1782867573409812,True,True
286133,2223.25000000,0.01680000,295335,295335,1782867573411087,True,True
286134,2223.25000000,0.04000000,295336,295336,1782867573411208,True,True
286135,2223.25000000,0.05620000,295337,295337,1782867573411247,True,True
286136,2223.25000000,0.01680000,295338,295338,1782867573411347,True,True
286137,2223.25000000,0.04000000,295339,295339,1782867573411620,True,True
286138,2223.25000000,0.03740000,295340,295340,1782867573412639,True,True
286139,2223.25000000,0.01680000,295341,295341,1782867573414285,True,True
286140,2223.25000000,0.23500000,295342,295342,1782867573416792,True,True
286141,2223.25000000,0.05620000,295343,295343,1782867573418189,True,True
286142,2223.25000000,0.01680000,295344,295344,1782867573419387,True,True
286143,2223.25000000,0.08000000,295345,295345,1782867573429995,True,True
286144,2223.25000000,0.29000000,295346,295346,1782867573446651,True,True
286145,2223.25000000,0.80000000,295347,295347,1782867573456325,True,True
286146,2223.25000000,1.60000000,295348,295348,1782867573465556,True,True
286147,2223.25000000,0.08000000,295349,295349,1782867574838462,True,True
286148,2223.25000000,0.29000000,295350,295350,1782867574853361,True,True
286149,2223.25000000,0.08000000,295351,295351,1782867575198958,True,True
286150,2223.25000000,0.08000000,295352,295352,1782867578301584,True,True
286151,2223.25000000,0.04000000,295353,295353,1782867578313022,True,True
286152,2223.25000000,0.08000000,295354,295354,1782867578327274,True,True
286153,2223.25000000,0.29000000,295355,295355,1782867578332811,True,True
286154,2223.25000000,0.02000000,295356,295356,1782867578337231,True,True
286155,2223.25000000,0.03000000,295357,295357,1782867581355742,True,True
286156,2223.25000000,0.07000000,295358,295358,1782867584623900,True,True
286157,2223.25000000,0.23500000,295359,295359,1782867589008397,True,True
286158,2223.25000000,0.01000000,295360,295360,1782867593267593,True,True
286159,2223.26000000,0.01670000,295361,295361,1782867603799091,False,True
286160,2223.26000000,0.01670000,295362,295362,1782867603799330,False,True
286161,2223.26000000,0.01670000,295363,295363,1782867603800264,False,True
286162,2223.26000000,0.01670000,295364,295364,1782867603800323,False,True
286163,2223.26000000,0.01670000,295365,295365,1782867603800383,False,True
286164,2223.26000000,0.00100000,295366,295366,1782867603800453,False,True
286165,2223.25000000,0.01680000,295367,295367,1782867613054653,True,True
286166,2223.25000000,0.01680000,295368,295368,1782867613055108,True,True
286167,2223.25000000,0.01680000,295369,295369,1782867613056022,True,True
286168,2223.25000000,0.01680000,295370,295370,1782867613056150,True,True
286169,2223.25000000,0.01680000,295371,295371,1782867613059744,True,True
286170,2223.25000000,0.01680000,295372,295372,1782867613060772,True,True
286171,2223.25000000,0.01680000,295373,295373,1782867613060849,True,True
286172,2223.25000000,0.01680000,295374,295374,1782867613079184,True,True
286173,2223.25000000,0.01680000,295375,295375,1782867613079462,True,True
286174,2223.25000000,0.01680000,295376,295376,1782867613080114,True,True
286175,2223.25000000,0.01680000,295377,295377,1782867613080355,True,True
286176,2223.25000000,0.01680000,295378,295378,1782867613080519,True,True
286177,2223.25000000,0.23500000,295379,295379,1782867620765169,True,True
286178,2223.25000000,0.23500000,295380,295380,1782867620768521,True,True
286179,2223.25000000,0.23500000,295381,295381,1782867620771104,True,True
286180,2223.25000000,0.23500000,295382,295382,1782867654096978,True,True
286181,2223.25000000,0.23500000,295383,295383,1782867655805782,True,True
286182,2223.25000000,0.06000000,295384,295384,1782867656221431,True,True
286183,2223.25000000,0.06000000,295385,295385,1782867656224066,True,True
286184,2223.25000000,0.01690000,295386,295386,1782867656314386,True,True
286185,2223.25000000,0.23000000,295387,295387,1782867656337231,True,True
286186,2223.25000000,0.23500000,295388,295388,1782867657110574,True,True
286187,2223.26000000,0.01070000,295389,295389,1782867677070594,False,True
286188,2223.25000000,0.01690000,295390,295390,1782867678648491,True,True
286189,2223.25000000,0.01690000,295391,295391,1782867678648708,True,True
286190,2223.25000000,0.05660000,295392,295392,1782867678648821,True,True
286191,2223.25000000,0.09000000,295393,295393,1782867678652351,True,True
286192,2223.25000000,0.02000000,295394,295394,1782867678653302,True,True
286193,2223.25000000,0.12000000,295395,295395,1782867678653552,True,True
286194,2223.25000000,0.04000000,295396,295396,1782867678655895,True,True
286195,2223.25000000,0.01690000,295397,295397,1782867678655909,True,True
286196,2223.25000000,0.01690000,295398,295398,1782867678656025,True,True
286197,2223.25000000,0.01690000,295399,295399,1782867678656060,True,True
286198,2223.25000000,0.01690000,295400,295400,1782867678656182,True,True
286199,2223.25000000,0.04000000,295401,295401,1782867678656316,True,True
286200,2223.25000000,0.04000000,295402,295402,1782867678656448,True,True
286201,2223.25000000,0.04000000,295403,295403,1782867678656838,True,True
286202,2223.25000000,0.04000000,295404,295404,1782867678656970,True,True
286203,2223.25000000,0.08000000,295405,295405,1782867678684449,True,True
286204,2223.25000000,0.08000000,295406,295406,1782867678684703,True,True
286205,2223.25000000,0.08000000,295407,295407,1782867678684861,True,True
286206,2223.25000000,0.08000000,295408,295408,1782867678684983,True,True
286207,2223.25000000,0.08000000,295409,295409,1782867678685667,True,True
286208,2223.25000000,0.01690000,295410,295410,1782867678701018,True,True
286209,2223.25000000,0.01690000,295411,295411,1782867678701381,True,True
286210,2223.25000000,0.01690000,295412,295412,1782867678701465,True,True
286211,2223.25000000,0.01690000,295413,295413,1782867678701710,True,True
286212,2223.25000000,0.21000000,295414,295414,1782867678708342,True,True
286213,2223.25000000,0.02000000,295415,295415,1782867678711351,True,True
286214,2223.25000000,0.23000000,295416,295416,1782867678712149,True,True
286215,2223.25000000,0.29000000,295417,295417,1782867678714857,True,True
286216,2223.25000000,0.29000000,295418,295418,1782867678731014,True,True
286217,2223.25000000,0.29000000,295419,295419,1782867678731018,True,True
286218,2223.25000000,0.29000000,295420,295420,1782867678731653,True,True
286219,2223.25000000,0.29000000,295421,295421,1782867678731963,True,True
286220,2223.25000000,0.58000000,295422,295422,1782867678741576,True,True
286221,2223.25000000,0.03000000,295423,295423,1782867687247905,True,True
286222,2223.25000000,0.23500000,295424,295424,1782867690330337,True,True
286223,2223.25000000,0.23000000,295425,295425,1782867691704971,True,True
286224,2223.25000000,0.20000000,295426,295426,1782867691952173,True,True
286225,2223.25000000,0.03000000,295427,295427,1782867691952700,True,True
286226,2223.25000000,0.04000000,295428,295428,1782867691957548,True,True
286227,2223.25000000,0.04000000,295429,295429,1782867691957943,True,True
286228,2223.25000000,0.47000000,295430,295430,1782867691958236,True,True
286229,2223.25000000,0.08000000,295431,295431,1782867691958477,True,True
286230,2223.25000000,0.34000000,295432,295432,1782867691958875,True,True
286231,2223.25000000,0.27000000,295433,295433,1782867691966686,True,True
286232,2223.25000000,0.08000000,295434,295434,1782867691967082,True,True
286233,2223.25000000,0.46000000,295435,295435,1782867691967386,True,True
286234,2223.25000000,0.08000000,295436,295436,1782867691967696,True,True
286235,2223.25000000,0.15000000,295437,295437,1782867691967882,True,True
286236,2223.25000000,0.04000000,295438,295438,1782867691983592,True,True
286237,2223.25000000,0.04000000,295439,295439,1782867691983909,True,True
286238,2223.25000000,0.08000000,295440,295440,1782867692024480,True,True
286239,2223.25000000,0.08000000,295441,295441,1782867692024885,True,True
286240,2223.25000000,0.23500000,295442,295442,1782867693350623,True,True
286241,2223.25000000,0.23510000,295443,295443,1782867702740258,True,True
286242,2223.25000000,0.04000000,295444,295444,1782867703037561,True,True
286243,2223.25000000,0.04000000,295445,295445,1782867703037814,True,True
286244,2223.25000000,0.08000000,295446,295446,1782867703075490,True,True
286245,2223.25000000,0.08000000,295447,295447,1782867703076267,True,True
286246,2223.25000000,0.29000000,295448,295448,1782867703116707,True,True
286247,2223.25000000,0.29000000,295449,295449,1782867703117311,True,True
286248,2223.25000000,0.47000000,295450,295450,1782867703132872,True,True
286249,2223.25000000,0.80000000,295451,295451,1782867703133033,True,True
286250,2223.27000000,0.01690000,295452,295452,1782867716383943,False,True
286251,2223.27000000,0.01690000,295453,295453,1782867716383949,False,True
286252,2223.27000000,0.01690000,295454,295454,1782867716384000,False,True
286253,2223.27000000,0.01690000,295455,295455,1782867716384050,False,True
286254,2223.27000000,0.05660000,295456,295456,1782867716384248,False,True
286255,2223.27000000,0.01690000,295457,295457,1782867716384386,False,True
286256,2223.27000000,0.01690000,295458,295458,1782867716384762,False,True
286257,2223.27000000,0.01690000,295459,295459,1782867716384828,False,True
286258,2223.27000000,0.05660000,295460,295460,1782867716385980,False,True
286259,2223.27000000,0.01690000,295461,295461,1782867716386020,False,True
286260,2223.27000000,0.01690000,295462,295462,1782867716386233,False,True
286261,2223.27000000,0.05660000,295463,295463,1782867716386342,False,True
286262,2223.27000000,0.05660000,295464,295464,1782867716386500,False,True
286263,2223.27000000,0.03970000,295465,295465,1782867716387239,False,True
286264,2223.27000000,0.01690000,295466,295466,1782867716387301,False,True
286265,2223.27000000,0.01690000,295467,295467,1782867716387432,False,True
286266,2223.27000000,0.01690000,295468,295468,1782867716387480,False,True
286267,2223.27000000,0.05660000,295469,295469,1782867716391961,False,True
286268,2223.27000000,0.05660000,295470,295470,1782867716392102,False,True
286269,2223.27000000,0.01690000,295471,295471,1782867716392496,False,True
286270,2223.27000000,0.01690000,295472,295472,1782867716392577,False,True
286271,2223.27000000,0.01690000,295473,295473,1782867716392686,False,True
286272,2223.27000000,0.01690000,295474,295474,1782867716392690,False,True
286273,2223.27000000,0.01690000,295475,295475,1782867716392973,False,True
286274,2223.27000000,0.01690000,295476,295477,1782867716393034,False,True
286275,2223.27000000,0.01690000,295478,295478,1782867716393082,False,True
286276,2223.27000000,0.01690000,295479,295479,1782867716393093,False,True
286277,2223.27000000,0.01690000,295480,295480,1782867716393190,False,True
286278,2223.27000000,0.01690000,295481,295481,1782867716427406,False,True
286279,2223.27000000,0.01690000,295482,295482,1782867716427588,False,True
286280,2223.27000000,0.01690000,295483,295483,1782867716427748,False,True
286281,2223.27000000,0.01690000,295484,295484,1782867716451928,False,True
286282,2223.27000000,0.01960000,295485,295485,1782867716529720,False,True
286283,2223.27000000,0.00570000,295486,295486,1782867717718715,True,True
286284,2223.27000000,0.00460000,295487,295487,1782867718541995,True,True
286285,2223.28000000,0.43600000,295488,295489,1782867720781322,True,True
286286,2223.25000000,0.19800000,295490,295490,1782867720781322,True,True
286287,2223.29000000,0.05650000,295491,295491,1782867725986253,False,True
286288,2223.29000000,0.05650000,295492,295492,1782867725987227,False,True
286289,2223.29000000,0.01690000,295493,295493,1782867725987239,False,True
286290,2223.29000000,0.05650000,295494,295494,1782867725987259,False,True
286291,2223.29000000,0.01690000,295495,295495,1782867725987392,False,True
286292,2223.29000000,0.01690000,295496,295496,1782867725987463,False,True
286293,2223.28000000,0.01690000,295497,295497,1782867725987736,False,True
286294,2223.28000000,0.05650000,295498,295498,1782867725988951,False,True
286295,2223.28000000,0.01690000,295499,295499,1782867725989085,False,True
286296,2223.28000000,0.01690000,295500,295500,1782867725989120,False,True
286297,2223.28000000,0.01700000,295501,295501,1782867725990404,False,True
286298,2223.28000000,0.05650000,295502,295502,1782867725990453,False,True
286299,2223.28000000,0.01700000,295503,295503,1782867725990457,False,True
286300,2223.72000000,0.01900000,295504,295504,1782867730251703,True,True
286301,2223.72000000,0.03570000,295505,295505,1782867730252948,True,True
286302,2223.27000000,0.43600000,295506,295507,1782867734936402,True,True
286303,2223.25000000,0.20980000,295508,295508,1782867734936402,True,True
286304,2223.26000000,0.00580000,295509,295509,1782867735784835,True,True
286305,2223.65000000,0.05550000,295510,295510,1782867753793489,False,True
286306,2223.65000000,0.01710000,295511,295511,1782867753793578,False,True
286307,2223.65000000,0.01710000,295512,295512,1782867753793582,False,True
286308,2223.65000000,0.04410000,295513,295513,1782867753793649,False,True
286309,2223.65000000,0.05720000,295514,295514,1782867753793752,False,True
286310,2223.73000000,0.05720000,295515,295515,1782867753793924,False,True
286311,2223.73000000,0.01710000,295516,295516,1782867753794114,False,True
286312,2223.73000000,0.01020000,295517,295517,1782867753794117,False,True
286313,2223.74000000,0.00690000,295518,295518,1782867753794117,False,True
286314,2223.74000000,0.01710000,295519,295519,1782867753794198,False,True
286315,2223.74000000,0.01710000,295520,295520,1782867753794282,False,True
286316,2223.74000000,0.01710000,295521,295521,1782867753794678,False,True
286317,2224.11000000,0.05720000,295522,295522,1782867753794849,False,True
286318,2224.19000000,0.03570000,295523,295523,1782867753803157,False,True
286319,2224.18000000,0.04000000,295524,295524,1782867760367493,False,True
286320,2224.18000000,0.01710000,295525,295525,1782867760368649,False,True
286321,2224.18000000,0.01710000,295526,295526,1782867760368938,False,True
286322,2224.18000000,0.01030000,295527,295527,1782867760462771,False,True
286323,2223.25000000,0.01720000,295528,295528,1782867804363873,True,True
286324,2223.25000000,0.01720000,295529,295529,1782867804364457,True,True
286325,2223.25000000,0.01720000,295530,295530,1782867804364566,True,True
286326,2223.25000000,0.01720000,295531,295531,1782867804364585,True,True
286327,2223.25000000,0.01720000,295532,295532,1782867804364605,True,True
286328,2223.25000000,0.01720000,295533,295533,1782867804364739,True,True
286329,2223.25000000,0.01600000,295534,295534,1782867804366531,True,True
286330,2223.25000000,0.01890000,295535,295535,1782867814517001,True,True
286331,2223.25000000,0.01800000,295536,295536,1782867814541496,True,True
286332,2223.25000000,0.06040000,295537,295537,1782867833890208,True,True
286333,2223.25000000,0.01810000,295538,295538,1782867833890807,True,True
286334,2223.25000000,0.03630000,295539,295539,1782867833891814,True,True
286335,2223.25000000,0.01810000,295540,295540,1782867833893885,True,True
286336,2223.25000000,0.01810000,295541,295541,1782867833893920,True,True
286337,2223.25000000,0.01810000,295542,295542,1782867833893925,True,True
286338,2223.25000000,0.01820000,295543,295543,1782867856047603,True,True
286339,2223.25000000,0.06070000,295544,295544,1782867856047611,True,True
286340,2223.25000000,0.06070000,295545,295545,1782867856047715,True,True
286341,2223.25000000,0.01820000,295546,295546,1782867856047773,True,True
286342,2223.25000000,0.06070000,295547,295547,1782867856047918,True,True
286343,2223.25000000,0.06070000,295548,295548,1782867856048033,True,True
286344,2223.25000000,0.06070000,295549,295549,1782867856055006,True,True
286345,2223.25000000,0.06070000,295550,295550,1782867856055929,True,True
286346,2223.25000000,0.05550000,295551,295551,1782867888755126,True,True
286347,2223.25000000,0.01820000,295552,295552,1782867888756147,True,True
286348,2223.25000000,0.01820000,295553,295553,1782867888756161,True,True
286349,2223.25000000,0.02000000,295554,295554,1782867888759017,True,True
286350,2223.25000000,0.21000000,295555,295555,1782867888759308,True,True
286351,2223.25000000,0.06070000,295556,295556,1782867888759469,True,True
286352,2223.25000000,0.23470000,295557,295557,1782867888759821,True,True
286353,2223.25000000,0.04000000,295558,295558,1782867888764964,True,True
286354,2223.25000000,0.04000000,295559,295559,1782867888765297,True,True
286355,2223.25000000,0.04070000,295560,295560,1782867888765425,True,True
286356,2221.20000000,0.15840000,295561,295561,1782867888772948,True,True
286357,2221.00000000,0.23000000,295562,295562,1782867888831735,True,True
286358,2221.00000000,0.20990000,295563,295563,1782867888937173,True,True
286359,2221.02000000,0.01800000,295564,295564,1782867892117617,False,True
286360,2221.02000000,0.01800000,295565,295565,1782867892117760,False,True
286361,2221.02000000,0.01800000,295566,295566,1782867892117820,False,True
286362,2221.02000000,0.01800000,295567,295567,1782867892117861,False,True
286363,2221.02000000,0.06020000,295568,295568,1782867892118027,False,True
286364,2221.02000000,0.01800000,295569,295569,1782867892118931,False,True
286365,2221.02000000,0.01800000,295570,295570,1782867892119118,False,True
286366,2221.02000000,0.01800000,295571,295571,1782867892119531,False,True
286367,2221.02000000,0.01800000,295572,295572,1782867892119557,False,True
286368,2221.02000000,0.03630000,295573,295573,1782867892120408,False,True
286369,2221.02000000,0.01800000,295574,295574,1782867892120421,False,True
286370,2221.02000000,0.01800000,295575,295575,1782867892120747,False,True
286371,2221.02000000,0.01800000,295576,295576,1782867892120962,False,True
286372,2221.02000000,0.01800000,295577,295577,1782867892120978,False,True
286373,2221.02000000,0.01800000,295578,295578,1782867892122989,False,True
286374,2221.02000000,0.01800000,295579,295579,1782867892123325,False,True
286375,2221.02000000,0.01800000,295580,295580,1782867892124750,False,True
286376,2221.02000000,0.01800000,295581,295581,1782867892124828,False,True
286377,2221.02000000,0.01800000,295582,295582,1782867892125551,False,True
286378,2221.01000000,0.02100000,295583,295583,1782867898764164,True,True
286379,2221.00000000,0.06030000,295584,295584,1782867900798430,True,True
286380,2221.00000000,0.06030000,295585,295585,1782867900798469,True,True
286381,2221.00000000,0.01800000,295586,295586,1782867900798535,True,True
286382,2221.00000000,0.01800000,295587,295587,1782867900798621,True,True
286383,2221.00000000,0.06030000,295588,295588,1782867900799615,True,True
286384,2221.00000000,0.06030000,295589,295589,1782867900799705,True,True
286385,2221.00000000,0.01800000,295590,295590,1782867900800002,True,True
286386,2221.00000000,0.06030000,295591,295591,1782867900814406,True,True
286387,2221.00000000,0.01800000,295592,295592,1782867900815483,True,True
286388,2221.00000000,0.01800000,295593,295593,1782867900815709,True,True
286389,2221.00000000,0.01800000,295594,295594,1782867900815967,True,True
286390,2221.00000000,0.01800000,295595,295595,1782867900818605,True,True
286391,2221.00000000,0.01800000,295596,295596,1782867900820823,True,True
286392,2221.00000000,0.01800000,295597,295597,1782867900821088,True,True
286393,2221.00000000,0.01800000,295598,295598,1782867900821113,True,True
286394,2221.00000000,0.01800000,295599,295599,1782867900825622,True,True
286395,2221.00000000,0.01800000,295600,295600,1782867900825674,True,True
286396,2221.00000000,0.01800000,295601,295601,1782867900825760,True,True
286397,2221.00000000,0.06030000,295602,295602,1782867900825772,True,True
286398,2221.00000000,0.06030000,295603,295603,1782867900825780,True,True
286399,2221.00000000,0.06030000,295604,295604,1782867900825838,True,True
286400,2221.00000000,0.06030000,295605,295605,1782867900825867,True,True
286401,2221.00000000,0.01800000,295606,295606,1782867900825921,True,True
286402,2221.00000000,0.01800000,295607,295607,1782867900825954,True,True
286403,2221.00000000,0.01800000,295608,295608,1782867900825960,True,True
286404,2221.00000000,0.01800000,295609,295609,1782867900826029,True,True
286405,2221.00000000,0.05550000,295610,295610,1782867900826098,True,True
286406,2221.00000000,0.01800000,295611,295611,1782867900826163,True,True
286407,2221.00000000,0.05550000,295612,295612,1782867900826351,True,True
286408,2221.00000000,0.01800000,295613,295613,1782867900826716,True,True
286409,2221.00000000,0.01800000,295614,295614,1782867900826775,True,True
286410,2221.00000000,0.05550000,295615,295615,1782867900827363,True,True
286411,2221.00000000,0.01800000,295616,295616,1782867900846822,True,True
286412,2221.00000000,0.01800000,295617,295617,1782867900846998,True,True
286413,2221.00000000,0.01800000,295618,295618,1782867900847150,True,True
286414,2221.00000000,0.05550000,295619,295619,1782867900857080,True,True
286415,2221.00000000,0.08000000,295620,295620,1782867900873306,True,True
286416,2221.00000000,0.22000000,295621,295621,1782867900873546,True,True
286417,2221.00000000,0.01000000,295622,295622,1782867900873780,True,True
286418,2221.00000000,0.23520000,295623,295623,1782867900894731,True,True
286419,2221.00000000,0.05550000,295624,295624,1782867900991304,True,True
286420,2221.00000000,0.05550000,295625,295625,1782867901104300,True,True
286421,2221.00000000,0.05550000,295626,295626,1782867901105221,True,True
286422,2221.00000000,0.05550000,295627,295627,1782867901215854,True,True
286423,2221.00000000,0.05550000,295628,295628,1782867901325140,True,True
286424,2221.00000000,0.05550000,295629,295629,1782867901439530,True,True
286425,2221.00000000,0.05550000,295630,295630,1782867901595647,True,True
286426,2221.00000000,0.03740000,295631,295631,1782867901682629,True,True
286427,2221.00000000,0.18900000,295632,295632,1782867901766752,True,True
286428,2221.00000000,0.02000000,295633,295633,1782867901772561,True,True
286429,2221.00000000,0.08000000,295634,295634,1782867903050386,True,True
286430,2221.00000000,0.04000000,295635,295635,1782867904569739,True,True
286431,2221.00000000,0.08000000,295636,295636,1782867904585130,True,True
286432,2221.00000000,0.29000000,295637,295637,1782867904600625,True,True
286433,2221.00000000,0.23520000,295638,295638,1782867904628772,True,True
286434,2221.00000000,0.80000000,295639,295639,1782867904956354,True,True
286435,2221.00000000,0.23500000,295640,295640,1782867904970576,True,True
286436,2221.00000000,1.60000000,295641,295641,1782867906549035,True,True
286437,2221.00000000,0.23520000,295642,295642,1782867906579143,True,True
286438,2221.00000000,1.60000000,295643,295643,1782867906701139,True,True
286439,2221.00000000,1.60000000,295644,295644,1782867906797870,True,True
286440,2221.00000000,1.60000000,295645,295645,1782867906839063,True,True
286441,2221.00000000,1.60000000,295646,295646,1782867907147888,True,True
286442,2221.00000000,1.60000000,295647,295647,1782867907162841,True,True
286443,2221.00000000,1.60000000,295648,295648,1782867907252799,True,True
286444,2221.00000000,0.07810000,295649,295649,1782867909017607,True,True
286445,2221.02000000,0.01800000,295650,295650,1782867930195404,False,True
286446,2221.02000000,0.01800000,295651,295651,1782867930195527,False,True
286447,2221.02000000,0.06030000,295652,295652,1782867930195942,False,True
286448,2221.02000000,0.01800000,295653,295653,1782867930197085,False,True
286449,2221.02000000,0.01800000,295654,295654,1782867930197118,False,True
286450,2221.02000000,0.06030000,295655,295655,1782867930197276,False,True
286451,2221.02000000,0.01800000,295656,295656,1782867930198045,False,True
286452,2221.02000000,0.01800000,295657,295657,1782867930198339,False,True
286453,2221.02000000,0.01800000,295658,295658,1782867930198938,False,True
286454,2221.02000000,0.01800000,295659,295659,1782867930199968,False,True
286455,2221.02000000,0.01800000,295660,295660,1782867930200052,False,True
286456,2221.02000000,0.06030000,295661,295661,1782867930200085,False,True
286457,2221.02000000,0.01800000,295662,295662,1782867930200345,False,True
286458,2221.02000000,0.01800000,295663,295663,1782867930201218,False,True
286459,2221.02000000,0.01800000,295664,295664,1782867930201344,False,True
286460,2221.02000000,0.06030000,295665,295665,1782867930201482,False,True
286461,2221.02000000,0.01800000,295666,295666,1782867930202373,False,True
286462,2221.02000000,0.01800000,295667,295667,1782867932817319,False,True
286463,2221.02000000,0.01800000,295668,295668,1782867932817512,False,True
286464,2221.02000000,0.01800000,295669,295669,1782867932817524,False,True
286465,2221.02000000,0.01800000,295670,295670,1782867932817650,False,True
286466,2221.02000000,0.01800000,295671,295671,1782867932817786,False,True
286467,2221.02000000,0.01800000,295672,295672,1782867932817804,False,True
286468,2221.02000000,0.00010000,295673,295673,1782867932817826,False,True
286469,2221.03000000,0.01790000,295674,295674,1782867932817826,False,True
286470,2221.03000000,0.01800000,295675,295675,1782867932817861,False,True
286471,2221.03000000,0.06030000,295676,295676,1782867932817890,False,True
286472,2221.03000000,0.06030000,295677,295677,1782867932817989,False,True
286473,2221.03000000,0.01800000,295678,295678,1782867932818393,False,True
286474,2221.03000000,0.06030000,295679,295679,1782867932818487,False,True
286475,2221.21000000,0.01800000,295680,295680,1782867932822716,False,True
286476,2221.21000000,0.06030000,295681,295681,1782867932822773,False,True
286477,2221.21000000,0.00630000,295682,295682,1782867932822918,False,True
286478,2221.61000000,0.01680000,295683,295683,1782867933525235,False,True
286479,2221.61000000,0.01680000,295684,295684,1782867933525596,False,True
286480,2221.61000000,0.05550000,295685,295685,1782867933551013,False,True
286481,2221.61000000,0.08460000,295686,295686,1782867938557703,False,True
286482,2221.00000000,0.01770000,295687,295687,1782867993119316,True,True
286483,2221.00000000,0.01770000,295688,295688,1782867993120280,True,True
286484,2221.00000000,0.01770000,295689,295689,1782867993120347,True,True
286485,2221.00000000,0.01770000,295690,295690,1782867993121351,True,True
286486,2221.00000000,0.01770000,295691,295691,1782867993122456,True,True
286487,2221.00000000,0.01770000,295692,295692,1782867993123843,True,True
286488,2221.00000000,0.01770000,295693,295693,1782867993123901,True,True
286489,2221.00000000,0.01770000,295694,295694,1782867993124931,True,True
286490,2221.00000000,0.01770000,295695,295695,1782867993125129,True,True
286491,2221.00000000,0.01770000,295696,295696,1782867993125945,True,True
286492,2221.00000000,0.01770000,295697,295697,1782867993126000,True,True
286493,2221.00000000,0.01770000,295698,295698,1782867993126520,True,True
286494,2221.00000000,0.01770000,295699,295699,1782867995473631,True,True
286495,2221.00000000,0.01770000,295700,295700,1782867995473823,True,True
286496,2221.00000000,0.01770000,295701,295701,1782867995473964,True,True
286497,2221.00000000,0.01770000,295702,295702,1782867995474105,True,True
286498,2221.00000000,0.01770000,295703,295703,1782867995474649,True,True
286499,2221.00000000,0.01770000,295704,295704,1782867995479019,True,True
286500,2221.00000000,0.01770000,295705,295705,1782867995479035,True,True
286501,2221.00000000,0.01770000,295706,295706,1782867995486084,True,True
286502,2221.00000000,0.01770000,295707,295707,1782867995518095,True,True
286503,2221.00000000,0.01770000,295708,295708,1782867995528567,True,True
286504,2221.00000000,0.05930000,295709,295709,1782868000727746,True,True
286505,2221.00000000,0.05930000,295710,295710,1782868000728018,True,True
286506,2221.00000000,0.01770000,295711,295711,1782868000728137,True,True
286507,2221.00000000,0.01770000,295712,295712,1782868000728148,True,True
286508,2221.00000000,0.01770000,295713,295713,1782868000728158,True,True
286509,2221.00000000,0.01770000,295714,295714,1782868000728636,True,True
286510,2221.00000000,0.01770000,295715,295715,1782868000728672,True,True
286511,2221.00000000,0.01770000,295716,295716,1782868000729840,True,True
286512,2221.00000000,0.01770000,295717,295717,1782868000729977,True,True
286513,2221.00000000,0.05930000,295718,295718,1782868000730737,True,True
286514,2221.00000000,0.23430000,295719,295719,1782868000731927,True,True
286515,2221.00000000,0.01770000,295720,295720,1782868000732261,True,True
286516,2221.00000000,0.01770000,295721,295721,1782868000732266,True,True
286517,2221.00000000,0.05930000,295722,295722,1782868000733165,True,True
286518,2221.00000000,0.04000000,295723,295723,1782868000734693,True,True
286519,2221.00000000,0.04000000,295724,295724,1782868000735000,True,True
286520,2221.00000000,0.08000000,295725,295725,1782868000756267,True,True
286521,2221.00000000,0.08000000,295726,295726,1782868000757097,True,True
286522,2221.00000000,0.29000000,295727,295727,1782868000769159,True,True
286523,2221.00000000,0.29000000,295728,295728,1782868000771705,True,True
286524,2221.00000000,0.80000000,295729,295729,1782868000778213,True,True
286525,2221.00000000,1.60000000,295730,295730,1782868000786124,True,True
286526,2221.00000000,1.60000000,295731,295731,1782868000791920,True,True
286527,2221.00000000,0.23520000,295732,295732,1782868000794987,True,True
286528,2221.00000000,0.23520000,295733,295733,1782868000795316,True,True
286529,2221.00000000,0.29000000,295734,295734,1782868000837601,True,True
286530,2221.00000000,0.04000000,295735,295735,1782868002035740,True,True
286531,2221.00000000,0.08000000,295736,295736,1782868002072643,True,True
286532,2221.00000000,0.29000000,295737,295737,1782868002099759,True,True
286533,2221.00000000,0.80000000,295738,295738,1782868002138339,True,True
286534,2221.00000000,1.60000000,295739,295739,1782868002160571,True,True
286535,2221.00000000,1.60000000,295740,295740,1782868002184057,True,True
286536,2221.00000000,0.23000000,295741,295741,1782868004733574,True,True
286537,2221.00000000,0.23520000,295742,295742,1782868004909703,True,True
286538,2221.00000000,0.23520000,295743,295743,1782868004910079,True,True
286539,2221.00000000,0.29000000,295744,295744,1782868004911727,True,True
286540,2221.00000000,0.80000000,295745,295745,1782868004929347,True,True
286541,2221.00000000,1.12680000,295746,295746,1782868005025083,True,True
286542,2219.20000000,0.00250000,295747,295747,1782868005033759,True,True
286543,2219.00000000,0.21380000,295748,295748,1782868005033759,True,True
286544,2219.00000000,0.03920000,295749,295749,1782868005034929,True,True
286545,2219.00000000,0.02000000,295750,295750,1782868005202141,True,True
286546,2219.02000000,0.01910000,295751,295751,1782868006375770,False,True
286547,2219.00000000,0.01680000,295752,295752,1782868007930366,True,True
286548,2219.00000000,0.01680000,295753,295753,1782868007930406,True,True
286549,2219.09000000,0.01780000,295754,295754,1782868019913651,False,True
286550,2219.09000000,0.01780000,295755,295755,1782868019914702,False,True
286551,2219.09000000,0.01780000,295756,295756,1782868019914819,False,True
286552,2219.09000000,0.05930000,295757,295757,1782868019914888,False,True
286553,2219.09000000,0.01780000,295758,295758,1782868019915973,False,True
286554,2219.09000000,0.01780000,295759,295759,1782868019916012,False,True
286555,2219.09000000,0.01780000,295760,295760,1782868019916286,False,True
286556,2219.09000000,0.03920000,295761,295761,1782868019917060,False,True
286557,2219.09000000,0.05930000,295762,295762,1782868019917309,False,True
286558,2219.09000000,0.00390000,295763,295763,1782868019918468,False,True
286559,2219.21000000,0.01780000,295764,295764,1782868019918677,False,True
286560,2219.21000000,0.05930000,295765,295765,1782868019919908,False,True
286561,2219.21000000,0.00970000,295766,295766,1782868019920120,False,True
286562,2220.10000000,0.01040000,295767,295767,1782868022148827,False,True
286563,2219.00000000,0.02360000,295768,295768,1782868024332019,True,True
286564,2219.00000000,0.02360000,295769,295769,1782868024332032,True,True
286565,2219.00000000,0.06490000,295770,295770,1782868024333323,True,True
286566,2219.00000000,0.02360000,295771,295771,1782868024337037,True,True
286567,2219.00000000,0.06490000,295772,295772,1782868024337183,True,True
286568,2219.00000000,0.02360000,295773,295773,1782868024337329,True,True
286569,2219.00000000,0.06490000,295774,295774,1782868024340991,True,True
286570,2219.00000000,0.06490000,295775,295775,1782868024341116,True,True
286571,2219.00000000,0.02360000,295776,295776,1782868024341187,True,True
286572,2219.19000000,0.01780000,295777,295777,1782868037092593,False,True
286573,2219.19000000,0.01780000,295778,295778,1782868037092801,False,True
286574,2219.19000000,0.01780000,295779,295779,1782868037093647,False,True
286575,2219.19000000,0.01780000,295780,295780,1782868037093664,False,True
286576,2219.19000000,0.01780000,295781,295781,1782868037093745,False,True
286577,2219.19000000,0.01780000,295782,295782,1782868037093762,False,True
286578,2219.19000000,0.01780000,295783,295783,1782868037094819,False,True
286579,2219.19000000,0.01780000,295784,295784,1782868037094860,False,True
286580,2219.19000000,0.05930000,295785,295785,1782868037095202,False,True
286581,2219.19000000,0.01780000,295786,295786,1782868037096143,False,True
286582,2219.19000000,0.01780000,295787,295787,1782868037097236,False,True
286583,2219.19000000,0.05930000,295788,295788,1782868037097304,False,True
286584,2219.19000000,0.05930000,295789,295789,1782868037097912,False,True
286585,2219.19000000,0.05930000,295790,295790,1782868037099211,False,True
286586,2219.19000000,0.05930000,295791,295791,1782868037099224,False,True
286587,2219.19000000,0.01780000,295792,295792,1782868037100038,False,True
286588,2219.19000000,0.01780000,295793,295793,1782868037100381,False,True
286589,2219.19000000,0.01780000,295794,295794,1782868037742015,False,True
286590,2219.19000000,0.01780000,295795,295795,1782868037742076,False,True
286591,2219.19000000,0.05550000,295796,295796,1782868037742112,False,True
286592,2219.19000000,0.01780000,295797,295797,1782868037742124,False,True
286593,2219.19000000,0.03940000,295798,295798,1782868037742154,False,True
286594,2219.21000000,0.01990000,295799,295799,1782868037742154,False,True
286595,2219.21000000,0.05930000,295800,295800,1782868037742172,False,True
286596,2219.21000000,0.00900000,295801,295801,1782868037742440,False,True
286597,2220.12000000,0.05550000,295802,295802,1782868052494055,False,True
286598,2219.00000000,0.05550000,295803,295803,1782868077652902,True,True
286599,2219.00000000,0.01790000,295804,295804,1782868077653683,True,True
286600,2219.00000000,0.05990000,295805,295805,1782868077653781,True,True
286601,2219.00000000,0.01790000,295806,295806,1782868077653812,True,True
286602,2219.00000000,0.05990000,295807,295807,1782868077653903,True,True
286603,2219.00000000,0.01790000,295808,295808,1782868077653931,True,True
286604,2219.00000000,0.01790000,295809,295809,1782868077654430,True,True
286605,2219.00000000,0.01790000,295810,295810,1782868077654484,True,True
286606,2219.00000000,0.01790000,295811,295811,1782868077654910,True,True
286607,2219.00000000,0.01790000,295812,295812,1782868077655860,True,True
286608,2219.00000000,0.01790000,295813,295813,1782868077655975,True,True
286609,2219.00000000,0.01790000,295814,295814,1782868077719088,True,True
286610,2219.00000000,0.01790000,295815,295815,1782868077719260,True,True
286611,2219.00000000,0.01790000,295816,295816,1782868077723038,True,True
286612,2219.00000000,0.06000000,295817,295817,1782868079980612,True,True
