137700041,1.14270000,7.50000000,157276781,157276781,1782864007391057,True,True
137700042,1.14280000,466.70000000,157276782,157276782,1782864007772024,False,True
137700043,1.14270000,9.50000000,157276783,157276783,1782864008985653,True,True
137700044,1.14280000,314.90000000,157276784,157276784,1782864010790135,False,True
137700045,1.14280000,538.00000000,157276785,157276785,1782864013776662,False,True
137700046,1.14280000,337.50000000,157276786,157276786,1782864035781690,False,True
137700047,1.14280000,465.20000000,157276787,157276787,1782864037771766,False,True
137700048,1.14280000,628.60000000,157276788,157276788,1782864044776182,False,True
137700049,1.14280000,528.50000000,157276789,157276789,1782864048781843,False,True
137700050,1.14280000,357.90000000,157276790,157276790,1782864054775685,False,True
137700051,1.14280000,587.00000000,157276791,157276791,1782864055775665,False,True
137700052,1.14280000,548.70000000,157276792,157276792,1782864060780226,False,True
137700053,1.14270000,915.10000000,157276793,157276795,1782864060824800,True,True
137700054,1.14280000,100.00000000,157276796,157276796,1782864062774178,False,True
137700055,1.14280000,622.20000000,157276797,157276797,1782864067772055,False,True
137700056,1.14280000,315.50000000,157276798,157276798,1782864070788031,False,True
137700057,1.14280000,313.10000000,157276799,157276799,1782864073777023,False,True
137700058,1.14280000,660.50000000,157276800,157276800,1782864074783750,False,True
137700059,1.14280000,395.00000000,157276801,157276801,1782864075776749,False,True
137700060,1.14280000,620.00000000,157276802,157276802,1782864075798789,False,True
137700061,1.14280000,453.90000000,157276803,157276803,1782864075801497,True,True
137700062,1.14280000,472.20000000,157276804,157276804,1782864075805135,True,True
137700063,1.14280000,472.20000000,157276805,157276805,1782864075807561,True,True
137700064,1.14280000,472.20000000,157276806,157276806,1782864075811496,True,True
137700065,1.14280000,472.20000000,157276807,157276807,1782864075815503,True,True
137700066,1.14280000,472.20000000,157276808,157276808,1782864075817546,True,True
137700067,1.14280000,472.20000000,157276809,157276809,1782864075819459,True,True
137700068,1.14280000,434.20000000,157276810,157276810,1782864075823196,False,True
137700069,1.14280000,434.20000000,157276811,157276811,1782864075913032,True,True
137700070,1.14280000,434.20000000,157276812,157276812,1782864076350166,False,True
137700071,1.14290000,287.60000000,157276813,157276813,1782864093783411,False,True
137700072,1.14290000,264.60000000,157276814,157276814,1782864095781483,False,True
137700073,1.14290000,471.50000000,157276815,157276815,1782864105782831,False,True
137700074,1.14290000,644.90000000,157276816,157276816,1782864107778743,False,True
137700075,1.14290000,562.20000000,157276817,157276817,1782864110782064,False,True
137700076,1.14280000,86.40000000,157276818,157276818,1782864111435571,True,True
137700077,1.14290000,695.10000000,157276819,157276819,1782864112774436,False,True
137700078,1.14290000,498.10000000,157276820,157276820,1782864114776038,False,True
137700079,1.14290000,36563.80000000,157276821,157276821,1782864117336473,False,True
137700080,1.14290000,378.90000000,157276822,157276822,1782864118784017,False,True
137700081,1.14280000,571.70000000,157276823,157276823,1782864120719279,True,True
137700082,1.14290000,747.00000000,157276824,157276824,1782864130788293,False,True
137700083,1.14290000,331.20000000,157276825,157276825,1782864133776173,False,True
137700084,1.14290000,434.00000000,157276826,157276826,1782864135790120,False,True
137700085,1.14290000,23.70000000,157276827,157276827,1782864139775930,False,True
137700086,1.14290000,411.20000000,157276828,157276828,1782864141750030,False,True
137700087,1.14290000,762.80000000,157276829,157276829,1782864160776074,False,True
137700088,1.14290000,503.00000000,157276830,157276830,1782864162782232,False,True
137700089,1.14290000,752.60000000,157276831,157276831,1782864170781274,False,True
137700090,1.14290000,564.00000000,157276832,157276832,1782864172775950,False,True
137700091,1.14290000,13.60000000,157276833,157276833,1782864175115933,False,True
137700092,1.14290000,196.40000000,157276834,157276834,1782864186674319,False,True
137700093,1.14290000,87.70000000,157276835,157276835,1782864188477095,False,True
137700094,1.14290000,769.30000000,157276836,157276836,1782864190798001,False,True
137700095,1.14290000,352.10000000,157276837,157276837,1782864195776187,False,True
137700096,1.14290000,619.80000000,157276838,157276838,1782864202774331,False,True
137700097,1.14290000,449.90000000,157276839,157276840,1782864215782788,False,True
137700098,1.14290000,309.70000000,157276841,157276845,1782864220749463,False,True
137700099,1.14290000,619.70000000,157276846,157276846,1782864232774544,False,True
137700100,1.14290000,800.00000000,157276847,157276847,1782864238191821,False,True
137700101,1.14290000,1851.30000000,157276848,157276852,1782864239229563,False,True
137700102,1.14290000,477.50000000,157276853,157276853,1782864240780364,False,True
137700103,1.14290000,500.00000000,157276854,157276854,1782864245784594,False,True
137700104,1.14300000,104.50000000,157276855,157276855,1782864245784594,False,True
137700105,1.14290000,434.20000000,157276856,157276856,1782864245991991,True,True
137700106,1.14290000,500.00000000,157276857,157276857,1782864250787918,False,True
137700107,1.14300000,81.30000000,157276858,157276858,1782864250787918,False,True
137700108,1.14290000,338.20000000,157276859,157276859,1782864252780854,False,True
137700109,1.14290000,1284.30000000,157276860,157276861,1782864252782251,False,True
137700110,1.14300000,483.10000000,157276862,157276862,1782864255776099,False,True
137700111,1.14300000,673.20000000,157276863,157276863,1782864262774709,False,True
137700112,1.14300000,854.80000000,157276864,157276864,1782864272773904,False,True
137700113,1.14300000,703.80000000,157276865,157276865,1782864285774874,False,True
137700114,1.14300000,588.20000000,157276866,157276866,1782864285784708,False,True
137700115,1.14300000,102.10000000,157276867,157276867,1782864287273424,False,True
137700116,1.14300000,737.30000000,157276868,157276868,1782864292774817,False,True
137700117,1.14300000,493.70000000,157276869,157276869,1782864298849704,False,True
137700118,1.14290000,1600.00000000,157276870,157276871,1782864298850892,True,True
137700119,1.14300000,495.20000000,157276872,157276872,1782864310787918,False,True
137700120,1.14300000,124.50000000,157276873,157276873,1782864312781465,False,True
137700121,1.14300000,761.30000000,157276874,157276874,1782864315776819,False,True
137700122,1.14280000,2056.40000000,157276875,157276875,1782864324101083,True,True
137700123,1.14290000,429.70000000,157276876,157276876,1782864327776066,False,True
137700124,1.14290000,1170.30000000,157276877,157276877,1782864327777575,False,True
137700125,1.14300000,544.30000000,157276878,157276878,1782864335781754,False,True
137700126,1.14290000,1600.00000000,157276879,157276880,1782864335783237,True,True
137700127,1.14290000,122.10000000,157276881,157276881,1782864335877744,False,True
137700128,1.14300000,568.70000000,157276882,157276882,1782864352774563,False,True
137700129,1.14300000,443.90000000,157276883,157276883,1782864365782298,False,True
137700130,1.14300000,512.30000000,157276884,157276884,1782864370789009,False,True
137700131,1.14300000,370.50000000,157276885,157276885,1782864375775698,False,True
137700132,1.14300000,500.90000000,157276886,157276886,1782864387774509,False,True
137700133,1.14300000,841.30000000,157276887,157276887,1782864400775486,False,True
137700134,1.14300000,406.90000000,157276888,157276888,1782864412775760,False,True
137700135,1.14300000,7.10000000,157276889,157276889,1782864425323303,False,True
137700136,1.14290000,500.00000000,157276890,157276890,1782864425379389,False,True
137700137,1.14280000,275.40000000,157276891,157276891,1782864428118085,True,True
137700138,1.14290000,500.00000000,157276892,157276892,1782864428122669,False,True
137700139,1.14300000,291.90000000,157276893,157276893,1782864430790420,False,True
137700140,1.14300000,438.20000000,157276894,157276894,1782864435776110,False,True
137700141,1.14300000,312.30000000,157276895,157276895,1782864442786718,False,True
137700142,1.14300000,431.30000000,157276896,157276896,1782864450774169,False,True
137700143,1.14290000,590.10000000,157276897,157276897,1782864457774068,False,True
137700144,1.14290000,560.70000000,157276898,157276898,1782864470775848,False,True
137700145,1.14290000,652.40000000,157276899,157276899,1782864472779896,False,True
137700146,1.14290000,236.20000000,157276900,157276900,1782864475774303,False,True
137700147,1.14290000,308.10000000,157276901,157276901,1782864476249581,False,True
137700148,1.14290000,500.90000000,157276902,157276902,1782864478177452,False,True
137700149,1.14290000,356.20000000,157276903,157276903,1782864490789655,False,True
137700150,1.14290000,311.90000000,157276904,157276904,1782864495784267,False,True
137700151,1.14290000,513.50000000,157276905,157276905,1782864502514966,False,True
137700152,1.14290000,327.60000000,157276906,157276906,1782864510773779,False,True
137700153,1.14280000,1671.70000000,157276907,157276907,1782864512107212,True,True
137700154,1.14280000,172.00000000,157276908,157276910,1782864512109561,True,True
137700155,1.14280000,213.80000000,157276911,157276911,1782864512111131,False,True
137700156,1.14280000,507.90000000,157276912,157276912,1782864512113162,False,True
137700157,1.14280000,454.80000000,157276913,157276913,1782864512775175,False,True
137700158,1.14280000,303.90000000,157276914,157276914,1782864515782759,False,True
137700159,1.14290000,311.90000000,157276915,157276915,1782864532779018,False,True
137700160,1.14290000,234.20000000,157276916,157276916,1782864550790938,False,True
137700161,1.14290000,307.70000000,157276917,157276917,1782864552779987,False,True
137700162,1.14290000,382.30000000,157276918,157276918,1782864555778803,False,True
137700163,1.14290000,285.70000000,157276919,157276919,1782864556779837,False,True
137700164,1.14290000,128.90000000,157276920,157276920,1782864565773757,False,True
137700165,1.14290000,14.30000000,157276921,157276921,1782864575124513,False,True
137700166,1.14290000,616.00000000,157276922,157276922,1782864576773181,False,True
137700167,1.14290000,373.00000000,157276923,157276923,1782864577773900,False,True
137700168,1.14290000,542.90000000,157276924,157276924,1782864585775252,False,True
137700169,1.14290000,472.60000000,157276925,157276925,1782864591777287,False,True
137700170,1.14290000,532.50000000,157276926,157276926,1782864592779393,False,True
137700171,1.14290000,35.30000000,157276927,157276927,1782864593977581,False,True
137700172,1.14290000,517.80000000,157276928,157276928,1782864616779750,False,True
137700173,1.14290000,395.80000000,157276929,157276929,1782864621783906,False,True
137700174,1.14290000,373.90000000,157276930,157276930,1782864625776169,False,True
137700175,1.14280000,1720.00000000,157276931,157276931,1782864631436714,True,True
137700176,1.14280000,644.40000000,157276932,157276932,1782864631445086,True,True
137700177,1.14280000,436.40000000,157276933,157276933,1782864631445839,True,True
137700178,1.14270000,973.00000000,157276934,157276934,1782864631447776,True,True
137700179,1.14280000,434.80000000,157276935,157276936,1782864631457029,False,True
137700180,1.14280000,433.70000000,157276937,157276937,1782864631458391,False,True
137700181,1.14290000,643.80000000,157276938,157276938,1782864632776939,False,True
137700182,1.14290000,314.20000000,157276939,157276939,1782864646788508,False,True
137700183,1.14290000,226.50000000,157276940,157276940,1782864651775684,False,True
137700184,1.14290000,315.40000000,157276941,157276941,1782864652778652,False,True
137700185,1.14290000,583.20000000,157276942,157276942,1782864660781084,False,True
137700186,1.14290000,7.80000000,157276943,157276943,1782864667226772,False,True
137700187,1.14290000,411.70000000,157276944,157276944,1782864675775644,False,True
137700188,1.14290000,62.40000000,157276945,157276945,1782864677787094,False,True
137700189,1.14290000,317.40000000,157276946,157276946,1782864700775028,False,True
137700190,1.14290000,200.10000000,157276947,157276947,1782864713181882,False,True
137700191,1.14280000,434.30000000,157276948,157276948,1782864720673724,True,True
137700192,1.14280000,434.20000000,157276949,157276949,1782864734716846,False,True
137700193,1.14280000,433.70000000,157276950,157276950,1782864734719880,False,True
137700194,1.14280000,0.50000000,157276951,157276951,1782864734719921,False,True
137700195,1.14290000,438.00000000,157276952,157276952,1782864735775683,False,True
137700196,1.14290000,10.30000000,157276953,157276953,1782864740288940,False,True
137700197,1.14280000,2052.60000000,157276954,157276955,1782864758565350,True,True
137700198,1.14290000,2052.70000000,157276956,157276956,1782864758568087,False,True
137700199,1.14290000,275.30000000,157276957,157276957,1782864758569184,False,True
137700200,1.14290000,237.10000000,157276958,157276958,1782864758655142,False,True
137700201,1.14290000,913.60000000,157276959,157276959,1782864758783830,False,True
137700202,1.14290000,551.20000000,157276960,157276960,1782864758790939,False,True
137700203,1.14290000,556.10000000,157276961,157276961,1782864759591986,False,True
137700204,1.14290000,530.40000000,157276962,157276962,1782864775774973,False,True
137700205,1.14290000,191.30000000,157276963,157276963,1782864776681598,False,True
137700206,1.14290000,19.40000000,157276964,157276964,1782864778559889,False,True
137700207,1.14290000,13.40000000,157276965,157276965,1782864778560271,False,True
137700208,1.14290000,472.80000000,157276966,157276966,1782864795784578,False,True
137700209,1.14280000,340.90000000,157276967,157276968,1782864830596119,True,True
137700210,1.14280000,1693.50000000,157276969,157276969,1782864840700761,True,True
137700211,1.14280000,434.20000000,157276970,157276970,1782864840705821,False,True
137700212,1.14290000,213.80000000,157276971,157276971,1782864855777513,False,True
137700213,1.14280000,44.80000000,157276972,157276972,1782864856596116,True,True
137700214,1.14280000,65.10000000,157276973,157276973,1782864867595924,True,True
137700215,1.14290000,563.40000000,157276974,157276974,1782864870775405,False,True
137700216,1.14280000,434.20000000,157276975,157276975,1782864876140435,True,True
137700217,1.14280000,1105.60000000,157276976,157276976,1782864876143125,False,True
137700218,1.14280000,407.40000000,157276977,157276977,1782864876147347,False,True
137700219,1.14280000,434.20000000,157276978,157276978,1782864876424775,True,True
137700220,1.14280000,324.30000000,157276979,157276979,1782864876556780,True,True
137700221,1.14290000,18.20000000,157276980,157276980,1782864892680887,False,True
137700222,1.14270000,375.90000000,157276981,157276981,1782864902696210,True,True
137700223,1.14280000,412.90000000,157276982,157276982,1782864907772923,False,True
137700224,1.14270000,185.80000000,157276983,157276983,1782864912597572,True,True
137700225,1.14280000,36.40000000,157276984,157276984,1782864913629677,False,True
137700226,1.14280000,463.50000000,157276985,157276985,1782864913636312,False,True
137700227,1.14280000,612.40000000,157276986,157276987,1782864914318085,False,True
137700228,1.14280000,3183.10000000,157276988,157276989,1782864915784930,False,True
137700229,1.14290000,408.00000000,157276990,157276990,1782864915785778,False,True
137700230,1.14280000,355.90000000,157276991,157276991,1782864915792958,False,True
137700231,1.14270000,63.00000000,157276992,157276992,1782864922707467,True,True
137700232,1.14280000,15.00000000,157276993,157276993,1782864924277470,False,True
137700233,1.14270000,22.20000000,157276994,157276994,1782864933598366,True,True
137700234,1.14270000,70.90000000,157276995,157276995,1782864937018759,True,True
137700235,1.14270000,920.00000000,157276996,157276996,1782864937022506,False,True
137700236,1.14270000,356.30000000,157276997,157276997,1782864937773081,False,True
137700237,1.14270000,36.70000000,157276998,157276998,1782864944594833,False,True
137700238,1.14270000,36.70000000,157276999,157276999,1782864944604483,False,True
137700239,1.14270000,410.60000000,157277000,157277001,1782864945775582,False,True
137700240,1.14270000,285.10000000,157277002,157277002,1782864953771506,False,True
137700241,1.14270000,415.30000000,157277003,157277003,1782864967772934,False,True
137700242,1.14270000,594.80000000,157277004,157277004,1782864968771525,False,True
137700243,1.14270000,160.00000000,157277005,157277005,1782864969638842,False,True
137700244,1.14270000,551.00000000,157277006,157277006,1782864975775622,False,True
137700245,1.14260000,8.20000000,157277007,157277007,1782864977615718,True,True
137700246,1.14260000,32.90000000,157277008,157277008,1782864979339078,True,True
137700247,1.14260000,250.00000000,157277009,157277012,1782864979815721,True,True
137700248,1.14260000,622.60000000,157277013,157277013,1782864980781227,True,True
137700249,1.14260000,77.00000000,157277014,157277014,1782864992242873,False,True
137700250,1.14260000,77.00000000,157277015,157277015,1782864992242889,False,True
137700251,1.14260000,24.90000000,157277016,157277016,1782864992242932,False,True
137700252,1.14260000,86.60000000,157277017,157277017,1782864992242980,False,True
137700253,1.14260000,18.00000000,157277018,157277018,1782864992243054,False,True
137700254,1.14260000,77.00000000,157277019,157277019,1782864992243086,False,True
137700255,1.14260000,16.30000000,157277020,157277020,1782864992243091,False,True
137700256,1.14260000,434.10000000,157277021,157277022,1782864992243306,False,True
137700257,1.14260000,19.70000000,157277023,157277023,1782864992243419,False,True
137700258,1.14260000,17.20000000,157277024,157277024,1782864992243442,False,True
137700259,1.14270000,10.10000000,157277025,157277025,1782865004175809,False,True
137700260,1.14260000,3650.00000000,157277026,157277028,1782865009173751,True,True
137700261,1.14260000,894.00000000,157277029,157277029,1782865009175438,True,True
137700262,1.14260000,690.50000000,157277030,157277030,1782865009176866,False,True
137700263,1.14270000,408.50000000,157277031,157277031,1782865010775539,False,True
137700264,1.14270000,20.00000000,157277032,157277032,1782865013771474,False,True
137700265,1.14260000,1029.80000000,157277033,157277033,1782865020640772,True,True
137700266,1.14260000,459.10000000,157277034,157277034,1782865025780437,True,True
137700267,1.14270000,674.30000000,157277035,157277035,1782865027773082,False,True
137700268,1.14270000,606.50000000,157277036,157277036,1782865035775227,False,True
137700269,1.14260000,185.00000000,157277037,157277038,1782865040780920,True,True
137700270,1.14260000,98.00000000,157277039,157277039,1782865056815727,True,True
137700271,1.14260000,9.90000000,157277040,157277040,1782865058274071,True,True
137700272,1.14260000,9.00000000,157277041,157277041,1782865061788418,True,True
137700273,1.14260000,13.90000000,157277042,157277042,1782865073920818,True,True
137700274,1.14260000,434.20000000,157277043,157277043,1782865084373931,False,True
137700275,1.14260000,499.50000000,157277044,157277044,1782865084379063,False,True
137700276,1.14260000,0.50000000,157277045,157277045,1782865085781455,False,True
137700277,1.14270000,514.10000000,157277046,157277046,1782865085781455,False,True
137700278,1.14260000,433.80000000,157277047,157277047,1782865086014520,False,True
137700279,1.14260000,499.50000000,157277048,157277048,1782865086793357,False,True
137700280,1.14260000,0.50000000,157277049,157277049,1782865087773608,False,True
137700281,1.14270000,436.60000000,157277050,157277050,1782865087773608,False,True
137700282,1.14260000,499.50000000,157277051,157277051,1782865093184447,False,True
137700283,1.14270000,458.00000000,157277052,157277052,1782865095775240,False,True
137700284,1.14270000,271.10000000,157277053,157277053,1782865117772569,False,True
137700285,1.14270000,221.90000000,157277054,157277054,1782865125783877,False,True
137700286,1.14270000,5.80000000,157277055,157277055,1782865142423143,False,True
137700287,1.14260000,5.30000000,157277056,157277056,1782865142523357,True,True
137700288,1.14270000,299.90000000,157277057,157277057,1782865144099977,False,True
137700289,1.14270000,573.40000000,157277058,157277058,1782865144419999,False,True
137700290,1.14270000,582.20000000,157277059,157277059,1782865147772938,False,True
137700291,1.14270000,382.50000000,157277060,157277060,1782865155781928,False,True
137700292,1.14270000,345.60000000,157277061,157277061,1782865156889327,False,True
137700293,1.14270000,267.10000000,157277062,157277062,1782865172771477,False,True
137700294,1.14270000,335.30000000,157277063,157277063,1782865187778893,False,True
137700295,1.14270000,367.70000000,157277064,157277064,1782865192773139,False,True
137700296,1.14270000,10.90000000,157277065,157277065,1782865193123727,False,True
137700297,1.14260000,340.40000000,157277066,157277066,1782865200757361,True,True
137700298,1.14250000,1594.80000000,157277067,157277069,1782865200757361,True,True
137700299,1.14260000,687.00000000,157277070,157277070,1782865200762565,False,True
137700300,1.14260000,687.00000000,157277071,157277071,1782865200766220,False,True
137700301,1.14260000,686.10000000,157277072,157277073,1782865200775589,False,True
137700302,1.14260000,687.00000000,157277074,157277074,1782865200779297,False,True
137700303,1.14260000,687.00000000,157277075,157277075,1782865200783831,False,True
137700304,1.14260000,687.00000000,157277076,157277076,1782865200787293,False,True
137700305,1.14260000,687.00000000,157277077,157277077,1782865200790916,False,True
137700306,1.14260000,687.00000000,157277078,157277078,1782865200794573,False,True
137700307,1.14260000,165.70000000,157277079,157277079,1782865200797342,False,True
137700308,1.14260000,10.90000000,157277080,157277080,1782865205975498,False,True
137700309,1.14260000,77.80000000,157277081,157277081,1782865206123388,False,True
137700310,1.14260000,9.00000000,157277082,157277082,1782865217439162,False,True
137700311,1.14260000,603.20000000,157277083,157277083,1782865222771751,False,True
137700312,1.14260000,698.20000000,157277084,157277084,1782865223771199,False,True
137700313,1.14250000,2049.60000000,157277085,157277085,1782865231885214,True,True
137700314,1.14260000,405.00000000,157277086,157277086,1782865232771420,False,True
137700315,1.14260000,273.90000000,157277087,157277087,1782865250475209,True,True
137700316,1.14260000,259.60000000,157277088,157277088,1782865250478815,False,True
137700317,1.14260000,19.30000000,157277089,157277089,1782865251013016,False,True
137700318,1.14260000,499.50000000,157277090,157277090,1782865253627877,False,True
137700319,1.14260000,0.50000000,157277091,157277091,1782865259424651,False,True
137700320,1.14260000,512.50000000,157277092,157277092,1782865260665191,True,True
137700321,1.14270000,569.80000000,157277093,157277093,1782865262777082,False,True
137700322,1.14270000,9.20000000,157277094,157277094,1782865265622949,False,True
137700323,1.14270000,470.20000000,157277095,157277097,1782865283771445,False,True
137700324,1.14270000,257.50000000,157277098,157277098,1782865292771653,False,True
137700325,1.14270000,274.70000000,157277099,157277099,1782865299510238,False,True
137700326,1.14270000,64.70000000,157277100,157277100,1782865312587774,False,True
137700327,1.14270000,140.10000000,157277101,157277101,1782865312619248,False,True
137700328,1.14270000,485.10000000,157277102,157277102,1782865312625238,False,True
137700329,1.14270000,143.70000000,157277103,157277103,1782865312628305,False,True
137700330,1.14260000,8.20000000,157277104,157277104,1782865312629255,True,True
137700331,1.14250000,2038.50000000,157277105,157277105,1782865312629255,True,True
137700332,1.14270000,1417.90000000,157277106,157277106,1782865312635024,False,True
137700333,1.14270000,12.50000000,157277107,157277107,1782865312642628,False,True
137700334,1.14270000,122.10000000,157277108,157277108,1782865312644413,False,True
137700335,1.14270000,638.90000000,157277109,157277109,1782865312772536,False,True
137700336,1.14260000,1521.20000000,157277110,157277111,1782865312830834,True,True
137700337,1.14250000,524.80000000,157277112,157277112,1782865312830834,True,True
137700338,1.14270000,284.10000000,157277113,157277113,1782865312918409,False,True
137700339,1.14270000,349.40000000,157277114,157277114,1782865312935145,False,True
137700340,1.14270000,541.20000000,157277115,157277115,1782865313771274,False,True
137700341,1.14270000,197.50000000,157277116,157277116,1782865314415171,False,True
137700342,1.14270000,594.10000000,157277117,157277117,1782865324774661,False,True
137700343,1.14270000,377.40000000,157277118,157277118,1782865326771285,False,True
137700344,1.14260000,30.00000000,157277119,157277119,1782865337099905,True,True
137700345,1.14260000,65.20000000,157277120,157277120,1782865343568267,True,True
137700346,1.14260000,65.20000000,157277121,157277121,1782865343679020,True,True
137700347,1.14270000,61.10000000,157277122,157277122,1782865343700146,False,True
137700348,1.14270000,525.90000000,157277123,157277123,1782865343772011,False,True
137700349,1.14260000,98.90000000,157277124,157277124,1782865346981355,True,True
137700350,1.14270000,664.80000000,157277125,157277125,1782865352771713,False,True
137700351,1.14270000,497.40000000,157277126,157277126,1782865356771327,False,True
137700352,1.14270000,167.10000000,157277127,157277127,1782865359780846,False,True
137700353,1.14260000,8.60000000,157277128,157277128,1782865361791955,True,True
137700354,1.14260000,655.60000000,157277129,157277129,1782865372689179,True,True
137700355,1.14260000,8.80000000,157277130,157277130,1782865372785102,True,True
137700356,1.14260000,433.80000000,157277131,157277131,1782865374916126,False,True
137700357,1.14260000,170.00000000,157277132,157277132,1782865378612972,False,True
137700358,1.14260000,8.80000000,157277133,157277133,1782865383422727,False,True
137700359,1.14260000,514.20000000,157277134,157277134,1782865383450545,False,True
137700360,1.14260000,597.40000000,157277135,157277135,1782865383771577,False,True
137700361,1.14260000,620.00000000,157277136,157277136,1782865386956694,False,True
137700362,1.14260000,434.20000000,157277137,157277137,1782865392605635,True,True
137700363,1.14260000,185.80000000,157277138,157277138,1782865400779530,True,True
137700364,1.14260000,248.40000000,157277139,157277139,1782865400781454,True,True
137700365,1.14260000,351.60000000,157277140,157277140,1782865402771728,False,True
137700366,1.14260000,608.10000000,157277141,157277141,1782865403771323,False,True
137700367,1.14260000,391.90000000,157277142,157277142,1782865406605029,False,True
137700368,1.14270000,270.40000000,157277143,157277143,1782865412771882,False,True
137700369,1.14260000,6.40000000,157277144,157277144,1782865412782190,True,True
137700370,1.14270000,78.60000000,157277145,157277145,1782865414145446,False,True
137700371,1.14270000,30.00000000,157277146,157277146,1782865419999722,False,True
137700372,1.14260000,8.20000000,157277147,157277147,1782865421792140,True,True
137700373,1.14270000,12.90000000,157277148,157277148,1782865431588836,False,True
137700374,1.14270000,264.60000000,157277149,157277149,1782865432772367,False,True
137700375,1.14260000,7.00000000,157277150,157277150,1782865432784428,True,True
137700376,1.14260000,434.20000000,157277151,157277151,1782865434034178,False,True
137700377,1.14270000,56.40000000,157277152,157277152,1782865434675003,False,True
137700378,1.14270000,12.30000000,157277153,157277153,1782865441725136,False,True
137700379,1.14270000,24.70000000,157277154,157277154,1782865441725515,False,True
137700380,1.14270000,332.80000000,157277155,157277155,1782865441785461,False,True
137700381,1.14270000,551.00000000,157277156,157277156,1782865447773644,False,True
137700382,1.14270000,297.00000000,157277157,157277157,1782865448771643,False,True
137700383,1.14270000,180.20000000,157277158,157277161,1782865457395231,False,True
137700384,1.14270000,214.60000000,157277162,157277162,1782865457400461,True,True
137700385,1.14270000,65.30000000,157277163,157277163,1782865457509311,True,True
137700386,1.14270000,154.30000000,157277164,157277164,1782865460190915,True,True
137700387,1.14270000,434.20000000,157277165,157277165,1782865461012949,True,True
137700388,1.14280000,624.90000000,157277166,157277166,1782865463771509,False,True
137700389,1.14270000,412.30000000,157277167,157277167,1782865463772622,True,True
137700390,1.14280000,440.90000000,157277168,157277168,1782865472771660,False,True
137700391,1.14280000,31.70000000,157277169,157277169,1782865479388612,False,True
137700392,1.14280000,540.50000000,157277170,157277170,1782865486999866,False,True
137700393,1.14270000,8.10000000,157277171,157277171,1782865500047414,True,True
137700394,1.14270000,16.60000000,157277172,157277172,1782865500157404,True,True
137700395,1.14270000,16.50000000,157277173,157277173,1782865500158602,True,True
137700396,1.14280000,592.70000000,157277174,157277174,1782865500901767,False,True
137700397,1.14280000,332.40000000,157277175,157277175,1782865507771612,False,True
137700398,1.14280000,303.90000000,157277176,157277176,1782865508771275,False,True
137700399,1.14280000,521.80000000,157277177,157277177,1782865517778078,False,True
137700400,1.14280000,673.30000000,157277178,157277178,1782865523771558,False,True
137700401,1.14270000,7.00000000,157277179,157277179,1782865527783135,True,True
137700402,1.14280000,605.10000000,157277180,157277180,1782865532771743,False,True
137700403,1.14270000,2044.20000000,157277181,157277181,1782865539911352,True,True
137700404,1.14280000,2043.60000000,157277182,157277182,1782865539924962,False,True
137700405,1.14280000,541.60000000,157277183,157277183,1782865539950732,False,True
137700406,1.14280000,460.40000000,157277184,157277184,1782865539981181,False,True
137700407,1.14270000,16.50000000,157277185,157277185,1782865540186211,True,True
137700408,1.14280000,502.40000000,157277186,157277186,1782865540250216,False,True
137700409,1.14280000,365.90000000,157277187,157277190,1782865540251548,False,True
137700410,1.14280000,963.00000000,157277191,157277191,1782865540263179,False,True
137700411,1.14280000,399.00000000,157277192,157277192,1782865540574696,False,True
137700412,1.14280000,692.90000000,157277193,157277193,1782865540774256,False,True
137700413,1.14280000,132.50000000,157277194,157277194,1782865559921825,False,True
137700414,1.14280000,203.60000000,157277195,157277195,1782865560780054,False,True
137700415,1.14270000,2042.90000000,157277196,157277197,1782865562187685,True,True
137700416,1.14280000,290.50000000,157277198,157277198,1782865562188193,False,True
137700417,1.14280000,274.20000000,157277199,157277199,1782865562233173,False,True
137700418,1.14280000,885.60000000,157277200,157277200,1782865562254636,False,True
137700419,1.14280000,289.70000000,157277201,157277201,1782865567771671,False,True
137700420,1.14280000,518.60000000,157277202,157277202,1782865568771434,False,True
137700421,1.14280000,14.40000000,157277203,157277203,1782865578023221,False,True
137700422,1.14280000,12.30000000,157277204,157277204,1782865582033492,False,True
137700423,1.14280000,221.10000000,157277205,157277205,1782865582034362,False,True
137700424,1.14280000,12.30000000,157277206,157277206,1782865582036349,False,True
137700425,1.14280000,12.30000000,157277207,157277207,1782865582037831,False,True
137700426,1.14280000,12.30000000,157277208,157277208,1782865582038826,False,True
137700427,1.14280000,474.80000000,157277209,157277209,1782865582240184,False,True
137700428,1.14280000,233.20000000,157277210,157277210,1782865582247098,False,True
137700429,1.14280000,493.30000000,157277211,157277211,1782865583771284,False,True
137700430,1.14280000,155.00000000,157277212,157277212,1782865584511543,True,True
137700431,1.14280000,57.70000000,157277213,157277213,1782865584619996,True,True
137700432,1.14280000,6.20000000,157277214,157277214,1782865586039604,True,True
137700433,1.14280000,35.20000000,157277215,157277215,1782865586157373,True,True
137700434,1.14280000,35.10000000,157277216,157277216,1782865586158375,True,True
137700435,1.14290000,74.20000000,157277217,157277217,1782865588066277,False,True
137700436,1.14290000,507.00000000,157277218,157277218,1782865592771456,False,True
137700437,1.14280000,7.80000000,157277219,157277219,1782865597780392,True,True
137700438,1.14290000,41.50000000,157277220,157277220,1782865599081026,False,True
137700439,1.14280000,16.10000000,157277221,157277221,1782865599088216,True,True
137700440,1.14280000,16.00000000,157277222,157277222,1782865599089209,True,True
137700441,1.14280000,8.40000000,157277223,157277223,1782865599090981,True,True
137700442,1.14280000,708.40000000,157277224,157277224,1782865613771204,False,True
137700443,1.14280000,728.80000000,157277225,157277225,1782865618507936,False,True
137700444,1.14280000,647.10000000,157277226,157277226,1782865627772084,False,True
137700445,1.14280000,552.50000000,157277227,157277227,1782865643771260,False,True
137700446,1.14280000,631.10000000,157277228,157277228,1782865652771372,False,True
137700447,1.14280000,574.70000000,157277229,157277229,1782865678771428,False,True
137700448,1.14270000,371.90000000,157277230,157277230,1782865682777693,True,True
137700449,1.14270000,12.60000000,157277231,157277231,1782865686790517,True,True
137700450,1.14270000,536.20000000,157277232,157277233,1782865686791271,True,True
137700451,1.14280000,528.70000000,157277234,157277234,1782865697777772,False,True
137700452,1.14280000,664.40000000,157277235,157277235,1782865703771264,False,True
137700453,1.14280000,277.90000000,157277236,157277236,1782865712771421,False,True
137700454,1.14270000,608.50000000,157277237,157277238,1782865712774562,True,True
137700455,1.14280000,243.30000000,157277239,157277239,1782865732771582,False,True
137700456,1.14280000,196.60000000,157277240,157277240,1782865734816343,True,True
137700457,1.14280000,1065.90000000,157277241,157277241,1782865734965047,True,True
137700458,1.14270000,28.50000000,157277242,157277242,1782865739491419,True,True
137700459,1.14270000,494.40000000,157277243,157277243,1782865742777781,True,True
137700460,1.14280000,494.10000000,157277244,157277244,1782865743206899,False,True
137700461,1.14280000,240.10000000,157277245,157277246,1782865743771134,False,True
137700462,1.14280000,17.00000000,157277247,157277247,1782865752868904,True,True
137700463,1.14280000,16.90000000,157277248,157277248,1782865752870262,True,True
137700464,1.14280000,305.50000000,157277249,157277249,1782865763771062,False,True
137700465,1.14280000,594.20000000,157277250,157277250,1782865763772234,False,True
137700466,1.14280000,12.90000000,157277251,157277251,1782865763774668,True,True
137700467,1.14280000,8.10000000,157277252,157277252,1782865767783909,True,True
137700468,1.14280000,629.80000000,157277253,157277253,1782865777779453,True,True
137700469,1.14280000,612.40000000,157277254,157277254,1782865778174258,False,True
137700470,1.14280000,33.30000000,157277255,157277255,1782865781791960,True,True
137700471,1.14280000,33.10000000,157277256,157277256,1782865781794317,True,True
137700472,1.14290000,478.40000000,157277257,157277257,1782865783771684,False,True
137700473,1.14280000,18.90000000,157277258,157277258,1782865783815705,True,True
137700474,1.14290000,86.70000000,157277259,157277259,1782865786200304,False,True
137700475,1.14290000,246.50000000,157277260,157277260,1782865787781085,False,True
137700476,1.14280000,498.50000000,157277261,157277261,1782865788575087,True,True
137700477,1.14270000,594.40000000,157277262,157277262,1782865802936798,True,True
137700478,1.14280000,475.20000000,157277263,157277263,1782865807773045,False,True
137700479,1.14280000,291.40000000,157277264,157277264,1782865819772451,False,True
137700480,1.14280000,133.70000000,157277265,157277265,1782865821724060,False,True
137700481,1.14270000,622.20000000,157277266,157277266,1782865823670186,True,True
137700482,1.14280000,543.10000000,157277267,157277267,1782865823771211,False,True
137700483,1.14280000,571.60000000,157277268,157277268,1782865839772227,False,True
137700484,1.14280000,499.80000000,157277269,157277269,1782865841781445,False,True
137700485,1.14270000,2045.40000000,157277270,157277271,1782865842286412,True,True
137700486,1.14270000,607.20000000,157277272,157277272,1782865842772607,True,True
137700487,1.14270000,599.70000000,157277273,157277273,1782865851755277,True,True
137700488,1.14270000,117.40000000,157277274,157277274,1782865851759921,False,True
137700489,1.14270000,97.50000000,157277275,157277275,1782865856424531,False,True
137700490,1.14270000,132.40000000,157277276,157277276,1782865858771113,False,True
137700491,1.14270000,142.20000000,157277277,157277278,1782865862777608,True,True
137700492,1.14280000,23.30000000,157277279,157277279,1782865879681481,False,True
137700493,1.14280000,274.50000000,157277280,157277280,1782865879772388,False,True
137700494,1.14280000,642.40000000,157277281,157277281,1782865883771537,False,True
137700495,1.14280000,12.30000000,157277282,157277282,1782865900581663,False,True
137700496,1.14280000,598.90000000,157277283,157277283,1782865911772302,False,True
137700497,1.14280000,13.50000000,157277284,157277284,1782865913952720,False,True
137700498,1.14280000,194.10000000,157277285,157277285,1782865914523705,False,True
137700499,1.14280000,15.00000000,157277286,157277286,1782865920619683,False,True
137700500,1.14280000,297.80000000,157277287,157277287,1782865923771585,False,True
137700501,1.14280000,47.20000000,157277288,157277288,1782865933773926,False,True
137700502,1.14270000,100.50000000,157277289,157277289,1782865940412473,True,True
137700503,1.14280000,572.80000000,157277290,157277290,1782865943779543,False,True
137700504,1.14280000,242.10000000,157277291,157277291,1782865951772011,False,True
137700505,1.14280000,12.70000000,157277292,157277292,1782865955523842,False,True
137700506,1.14270000,434.20000000,157277293,157277293,1782865959337762,False,True
137700507,1.14280000,412.40000000,157277294,157277294,1782865971781563,False,True
137700508,1.14280000,522.50000000,157277295,157277295,1782865983771747,False,True
137700509,1.14280000,418.70000000,157277296,157277296,1782866003771620,False,True
137700510,1.14280000,11.30000000,157277297,157277297,1782866013188919,False,True
137700511,1.14280000,391.90000000,157277298,157277298,1782866020301394,False,True
137700512,1.14280000,25.80000000,157277299,157277299,1782866026799790,False,True
137700513,1.14280000,352.80000000,157277300,157277300,1782866033771472,False,True
137700514,1.14280000,99.50000000,157277301,157277301,1782866036488443,False,True
137700515,1.14280000,49.10000000,157277302,157277302,1782866044077412,False,True
137700516,1.14270000,98.90000000,157277303,157277303,1782866046419067,True,True
137700517,1.14280000,52.70000000,157277304,157277304,1782866050680986,False,True
137700518,1.14270000,120.10000000,157277305,157277305,1782866054469152,False,True
137700519,1.14270000,434.20000000,157277306,157277306,1782866054469651,False,True
137700520,1.14270000,434.20000000,157277307,157277307,1782866054473430,False,True
137700521,1.14280000,460.00000000,157277308,157277308,1782866063771445,False,True
137700522,1.14270000,5.70000000,157277309,157277309,1782866073581275,True,True
137700523,1.14270000,187.60000000,157277310,157277310,1782866076771231,True,True
137700524,1.14260000,224.20000000,157277311,157277311,1782866076771231,True,True
137700525,1.14270000,433.70000000,157277312,157277312,1782866082470865,False,True
137700526,1.14280000,255.00000000,157277313,157277313,1782866098771619,False,True
137700527,1.14270000,10.70000000,157277314,157277314,1782866102422115,True,True
137700528,1.14270000,14.00000000,157277315,157277315,1782866106999978,True,True
137700529,1.14270000,18.00000000,157277316,157277316,1782866114713612,False,True
137700530,1.14270000,7.20000000,157277317,157277317,1782866114714340,False,True
137700531,1.14270000,434.20000000,157277318,157277318,1782866116771718,True,True
137700532,1.14260000,104.90000000,157277319,157277319,1782866116771718,True,True
137700533,1.14270000,181.40000000,157277320,157277320,1782866116814139,False,True
137700534,1.14280000,516.80000000,157277321,157277321,1782866123772032,False,True
137700535,1.14270000,65.50000000,157277322,157277322,1782866125844308,True,True
137700536,1.14260000,529.30000000,157277323,157277323,1782866136771419,True,True
137700537,1.14270000,253.60000000,157277324,157277324,1782866143339126,False,True
137700538,1.14270000,1502.20000000,157277325,157277326,1782866148405669,False,True
137700539,1.14260000,8.20000000,157277327,157277327,1782866161057273,True,True
137700540,1.14260000,653.70000000,157277328,157277328,1782866161058870,False,True
137700541,1.14260000,653.70000000,157277329,157277329,1782866162405415,True,True
137700542,1.14270000,505.10000000,157277330,157277330,1782866163771850,False,True
137700543,1.14270000,169.40000000,157277331,157277331,1782866171429935,False,True
137700544,1.14260000,362.00000000,157277332,157277333,1782866176771504,True,True
137700545,1.14260000,47.20000000,157277334,157277334,1782866176784796,True,True
137700546,1.14270000,123.70000000,157277335,157277335,1782866183772452,False,True
137700547,1.14260000,49.00000000,157277336,157277336,1782866190299496,True,True
137700548,1.14260000,371.50000000,157277337,157277337,1782866196779732,True,True
137700549,1.14260000,152.90000000,157277338,157277338,1782866197409735,True,True
137700550,1.14260000,152.90000000,157277339,157277339,1782866197409835,True,True
137700551,1.14260000,152.90000000,157277340,157277340,1782866197409840,True,True
137700552,1.14260000,152.90000000,157277341,157277341,1782866197409885,True,True
137700553,1.14260000,152.90000000,157277342,157277342,1782866197409933,True,True
137700554,1.14260000,152.90000000,157277343,157277343,1782866197409968,True,True
137700555,1.14260000,65.50000000,157277344,157277344,1782866197538077,True,True
137700556,1.14260000,19.00000000,157277345,157277345,1782866203622724,True,True
137700557,1.14260000,104.20000000,157277346,157277346,1782866215177021,True,True
137700558,1.14260000,572.00000000,157277347,157277347,1782866221771826,True,True
137700559,1.14250000,41.90000000,157277348,157277348,1782866222075476,True,True
137700560,1.14260000,13.00000000,157277349,157277349,1782866225788315,False,True
137700561,1.14250000,50.70000000,157277350,157277350,1782866226981581,True,True
137700562,1.14250000,112.60000000,157277351,157277351,1782866231777617,True,True
137700563,1.14260000,500.00000000,157277352,157277352,1782866236980923,False,True
137700564,1.14260000,499.50000000,157277353,157277353,1782866251790806,False,True
137700565,1.14250000,521.10000000,157277354,157277355,1782866256771801,True,True
137700566,1.14250000,367.10000000,157277356,157277356,1782866316771827,True,True
137700567,1.14250000,48.90000000,157277357,157277357,1782866322075490,True,True
137700568,1.14270000,5110.30000000,157277358,157277363,1782866341058275,False,True
137700569,1.14270000,720.20000000,157277364,157277364,1782866341058279,False,True
137700570,1.14270000,260.30000000,157277365,157277366,1782866341061229,False,True
137700571,1.14270000,599.30000000,157277367,157277368,1782866341064533,False,True
137700572,1.14270000,810.10000000,157277369,157277369,1782866341069023,False,True
137700573,1.14270000,810.50000000,157277370,157277370,1782866341072823,False,True
137700574,1.14270000,809.60000000,157277371,157277371,1782866341076131,False,True
137700575,1.14270000,605.60000000,157277372,157277372,1782866341079515,False,True
137700576,1.14270000,54.60000000,157277373,157277373,1782866341598849,True,True
137700577,1.14270000,303.90000000,157277374,157277374,1782866376772271,True,True
137700578,1.14270000,490.10000000,157277375,157277376,1782866416771926,True,True
137700579,1.14270000,78.90000000,157277377,157277377,1782866436023203,True,True
137700580,1.14270000,441.20000000,157277378,157277378,1782866436771768,True,True
137700581,1.14270000,9.00000000,157277379,157277379,1782866444587972,True,True
137700582,1.14270000,1587.00000000,157277380,157277380,1782866450495439,True,True
137700583,1.14270000,433.70000000,157277381,157277381,1782866450500150,False,True
137700584,1.14270000,0.50000000,157277382,157277382,1782866450501599,False,True
137700585,1.14270000,5578.20000000,157277383,157277384,1782866450552198,True,True
137700586,1.14270000,292.40000000,157277385,157277385,1782866465773481,True,True
137700587,1.14270000,291.80000000,157277386,157277386,1782866465777185,False,True
137700588,1.14270000,434.20000000,157277387,157277387,1782866471786694,True,True
137700589,1.14260000,79.80000000,157277388,157277388,1782866471786694,True,True
137700590,1.14270000,433.70000000,157277389,157277389,1782866471789858,False,True
137700591,1.14280000,168.20000000,157277390,157277392,1782866471917766,False,True
137700592,1.14280000,367.90000000,157277393,157277393,1782866471918158,False,True
137700593,1.14270000,812.20000000,157277394,157277394,1782866477471982,False,True
137700594,1.14260000,306.70000000,157277395,157277395,1782866487123241,True,True
137700595,1.14260000,275.00000000,157277396,157277396,1782866490931836,True,True
137700596,1.14260000,499.40000000,157277397,157277397,1782866490933751,True,True
137700597,1.14260000,335.30000000,157277398,157277398,1782866496771716,True,True
137700598,1.14260000,49.90000000,157277399,157277399,1782866532576994,True,True
137700599,1.14260000,50.00000000,157277400,157277400,1782866537981242,True,True
137700600,1.14260000,20.00000000,157277401,157277401,1782866538315377,True,True
137700601,1.14270000,92.60000000,157277402,157277402,1782866543187341,False,True
137700602,1.14270000,449.60000000,157277403,157277403,1782866543187412,False,True
137700603,1.14260000,225.10000000,157277404,157277404,1782866546771668,True,True
137700604,1.14260000,6148.70000000,157277405,157277405,1782866548667260,True,True
137700605,1.14260000,63.40000000,157277406,157277407,1782866551822134,True,True
137700606,1.14250000,638.40000000,157277408,157277408,1782866556771971,True,True
137700607,1.14260000,82.50000000,157277409,157277409,1782866556906543,False,True
137700608,1.14250000,39.00000000,157277410,157277410,1782866569519959,True,True
137700609,1.14250000,5.30000000,157277411,157277411,1782866582522014,True,True
137700610,1.14250000,43.60000000,157277412,157277412,1782866595899443,True,True
137700611,1.14250000,472.50000000,157277413,157277413,1782866596771844,True,True
137700612,1.14260000,39.80000000,157277414,157277414,1782866608424407,False,True
137700613,1.14260000,40.10000000,157277415,157277415,1782866608424630,False,True
137700614,1.14260000,159.90000000,157277416,157277416,1782866608424758,False,True
137700615,1.14260000,40.00000000,157277417,157277417,1782866608425211,False,True
137700616,1.14250000,370.00000000,157277418,157277422,1782866616771836,True,True
137700617,1.14250000,201.40000000,157277423,157277423,1782866676771598,True,True
137700618,1.14250000,9.00000000,157277424,157277424,1782866678749052,True,True
137700619,1.14260000,517.60000000,157277425,157277425,1782866684830786,False,True
137700620,1.14250000,98.90000000,157277426,157277426,1782866695015681,True,True
137700621,1.14250000,394.70000000,157277427,157277427,1782866696772784,True,True
137700622,1.14260000,18.10000000,157277428,157277428,1782866701939215,False,True
137700623,1.14260000,17.20000000,157277429,157277429,1782866704423006,False,True
137700624,1.14250000,498.50000000,157277430,157277432,1782866705149318,True,True
137700625,1.14250000,812.40000000,157277433,157277433,1782866705156992,False,True
137700626,1.14250000,41.30000000,157277434,157277434,1782866715939361,False,True
137700627,1.14250000,156.50000000,157277435,157277435,1782866719111587,False,True
137700628,1.14250000,71.80000000,157277436,157277436,1782866719119141,False,True
137700629,1.14250000,46.60000000,157277437,157277437,1782866719127018,False,True
137700630,1.14250000,500.00000000,157277438,157277438,1782866720787978,False,True
137700631,1.14250000,285.80000000,157277439,157277439,1782866721771555,True,True
137700632,1.14250000,614.30000000,157277440,157277440,1782866735899799,False,True
137700633,1.14250000,171.50000000,157277441,157277441,1782866735901018,False,True
137700634,1.14250000,304.40000000,157277442,157277442,1782866736772140,True,True
137700635,1.14250000,375.60000000,157277443,157277443,1782866761771489,True,True
137700636,1.14250000,363.30000000,157277444,157277444,1782866763578590,False,True
137700637,1.14240000,275.30000000,157277445,157277446,1782866765205057,True,True
137700638,1.14240000,9.90000000,157277447,157277447,1782866770677310,True,True
137700639,1.14250000,273.80000000,157277448,157277448,1782866786771473,True,True
137700640,1.14260000,23.90000000,157277449,157277449,1782866788815301,False,True
137700641,1.14250000,346.80000000,157277450,157277450,1782866796771446,True,True
137700642,1.14250000,69.00000000,157277451,157277451,1782866803178841,True,True
137700643,1.14250000,7.60000000,157277452,157277452,1782866809919692,True,True
137700644,1.14260000,21.30000000,157277453,157277453,1782866810800059,False,True
137700645,1.14250000,366.90000000,157277454,157277454,1782866826771970,True,True
137700646,1.14250000,36.00000000,157277455,157277455,1782866832581762,True,True
137700647,1.14250000,487.50000000,157277456,157277457,1782866856771487,True,True
137700648,1.14250000,500.00000000,157277458,157277458,1782866864249602,False,True
137700649,1.14250000,500.00000000,157277459,157277459,1782866865255603,False,True
137700650,1.14250000,500.00000000,157277460,157277460,1782866866261862,False,True
137700651,1.14250000,500.00000000,157277461,157277461,1782866867267687,False,True
137700652,1.14250000,288.80000000,157277462,157277462,1782866879781452,True,True
137700653,1.14240000,462.40000000,157277463,157277463,1782866906771631,True,True
137700654,1.14240000,345.70000000,157277464,157277464,1782866909775174,True,True
137700655,1.14250000,1669.70000000,157277465,157277466,1782866913276083,False,True
137700656,1.14250000,1600.00000000,157277467,157277467,1782866913712864,True,True
137700657,1.14240000,189.30000000,157277468,157277468,1782866916771433,True,True
137700658,1.14240000,199.00000000,157277469,157277469,1782866919881247,True,True
137700659,1.14240000,48.40000000,157277470,157277470,1782866931771391,True,True
137700660,1.14250000,14.20000000,157277471,157277471,1782866934449048,False,True
137700661,1.14250000,122.20000000,157277472,157277473,1782866934771994,False,True
137700662,1.14260000,259.80000000,157277474,157277474,1782866934771994,False,True
137700663,1.14240000,561.50000000,157277475,157277475,1782866939775511,True,True
137700664,1.14250000,358.90000000,157277476,157277476,1782866964601958,False,True
137700665,1.14250000,282.40000000,157277477,157277477,1782866964771759,False,True
137700666,1.14250000,12.20000000,157277478,157277478,1782866974798264,False,True
137700667,1.14250000,12.20000000,157277479,157277479,1782866974799607,False,True
137700668,1.14240000,73.90000000,157277480,157277480,1782866976100444,True,True
137700669,1.14250000,329.20000000,157277481,157277481,1782866994771643,False,True
137700670,1.14250000,405.90000000,157277482,157277482,1782866995849934,False,True
137700671,1.14250000,524.00000000,157277483,157277483,1782867024772487,False,True
137700672,1.14250000,275.30000000,157277484,157277484,1782867045299903,False,True
137700673,1.14250000,12.20000000,157277485,157277485,1782867045303636,False,True
137700674,1.14250000,90.10000000,157277486,157277486,1782867045305016,False,True
137700675,1.14250000,396.00000000,157277487,157277487,1782867054771577,False,True
137700676,1.14250000,78.60000000,157277488,157277488,1782867057203952,False,True
137700677,1.14240000,11.70000000,157277489,157277489,1782867066122237,True,True
137700678,1.14250000,187.20000000,157277490,157277490,1782867075199780,False,True
137700679,1.14250000,6.80000000,157277491,157277491,1782867081088453,False,True
137700680,1.14250000,611.20000000,157277492,157277492,1782867086850134,False,True
137700681,1.14240000,440.90000000,157277493,157277494,1782867087771513,True,True
137700682,1.14250000,434.20000000,157277495,157277495,1782867088567207,True,True
137700683,1.14260000,459.90000000,157277496,157277496,1782867089771853,False,True
137700684,1.14250000,434.20000000,157277497,157277497,1782867089773161,True,True
137700685,1.14250000,434.20000000,157277498,157277498,1782867090858787,True,True
137700686,1.14260000,413.50000000,157277499,157277499,1782867092880813,False,True
137700687,1.14250000,433.10000000,157277500,157277500,1782867092883180,True,True
137700688,1.14250000,5.50000000,157277501,157277501,1782867101488536,False,True
137700689,1.14240000,98.90000000,157277502,157277502,1782867108119074,True,True
137700690,1.14250000,126.80000000,157277503,157277503,1782867114771821,False,True
137700691,1.14240000,530.70000000,157277504,157277504,1782867122777852,True,True
137700692,1.14240000,6.00000000,157277505,157277505,1782867129752400,True,True
137700693,1.14250000,12.90000000,157277506,157277506,1782867139690922,False,True
137700694,1.14240000,121.00000000,157277507,157277507,1782867147771430,True,True
137700695,1.14250000,660.30000000,157277508,157277509,1782867148572117,False,True
137700696,1.14260000,17.50000000,157277510,157277510,1782867183521519,False,True
137700697,1.14260000,87.50000000,157277511,157277511,1782867186575087,False,True
137700698,1.14250000,65.50000000,157277512,157277512,1782867220277074,True,True
137700699,1.14250000,65.40000000,157277513,157277513,1782867220278577,True,True
137700700,1.14250000,65.40000000,157277514,157277514,1782867220361124,True,True
137700701,1.14250000,65.30000000,157277515,157277515,1782867220362059,True,True
137700702,1.14250000,65.50000000,157277516,157277516,1782867220385265,True,True
137700703,1.14250000,65.40000000,157277517,157277517,1782867220470119,True,True
137700704,1.14250000,5.80000000,157277518,157277518,1782867221786530,True,True
137700705,1.14250000,2512.60000000,157277519,157277519,1782867227138576,True,True
137700706,1.14250000,434.20000000,157277520,157277520,1782867227142093,False,True
137700707,1.14240000,260.50000000,157277521,157277521,1782867238382780,True,True
137700708,1.14240000,260.40000000,157277522,157277522,1782867238382852,True,True
137700709,1.14240000,260.40000000,157277523,157277523,1782867238382875,True,True
137700710,1.14240000,260.40000000,157277524,157277524,1782867238382915,True,True
137700711,1.14240000,260.40000000,157277525,157277525,1782867238383042,True,True
137700712,1.14240000,260.40000000,157277526,157277526,1782867238383160,True,True
137700713,1.14240000,260.40000000,157277527,157277527,1782867238383781,True,True
137700714,1.14240000,260.30000000,157277528,157277528,1782867238384032,True,True
137700715,1.14250000,565.80000000,157277529,157277530,1782867238931570,False,True
137700716,1.14250000,242.50000000,157277531,157277532,1782867247327876,True,True
137700717,1.14250000,433.80000000,157277533,157277533,1782867247329397,True,True
137700718,1.14250000,16.60000000,157277534,157277534,1782867250586495,False,True
137700719,1.14250000,524.70000000,157277535,157277535,1782867296083245,False,True
137700720,1.14250000,434.20000000,157277536,157277536,1782867300663945,True,True
137700721,1.14240000,9.30000000,157277537,157277537,1782867304321629,True,True
137700722,1.14250000,8.50000000,157277538,157277538,1782867304321931,False,True
137700723,1.14240000,7.70000000,157277539,157277539,1782867306883238,True,True
137700724,1.14250000,491.50000000,157277540,157277540,1782867338992989,False,True
137700725,1.14250000,1243.30000000,157277541,157277541,1782867371925412,True,True
137700726,1.14250000,1600.00000000,157277542,157277542,1782867371927417,True,True
137700727,1.14250000,25.00000000,157277543,157277543,1782867376226474,True,True
137700728,1.14250000,35.00000000,157277544,157277544,1782867376520914,True,True
137700729,1.14250000,5.30000000,157277545,157277545,1782867390251206,True,True
137700730,1.14250000,4.50000000,157277546,157277546,1782867390251366,True,True
137700731,1.14260000,5.80000000,157277547,157277547,1782867390253196,False,True
137700732,1.14250000,4.90000000,157277548,157277548,1782867390254471,True,True
137700733,1.14250000,5.50000000,157277549,157277549,1782867390273832,True,True
137700734,1.14250000,5.50000000,157277550,157277550,1782867423175297,True,True
137700735,1.14260000,300.80000000,157277551,157277552,1782867425477149,False,True
137700736,1.14260000,25.00000000,157277553,157277553,1782867444085058,False,True
137700737,1.14250000,4.90000000,157277554,157277554,1782867457854497,True,True
137700738,1.14250000,4.90000000,157277555,157277555,1782867458098580,True,True
137700739,1.14250000,6.00000000,157277556,157277556,1782867458142046,True,True
137700740,1.14250000,534.40000000,157277557,157277558,1782867463262960,False,True
137700741,1.14260000,679.90000000,157277559,157277559,1782867507681847,False,True
137700742,1.14260000,336.00000000,157277560,157277560,1782867540640474,False,True
137700743,1.14260000,19.50000000,157277561,157277561,1782867552561389,False,True
137700744,1.14260000,16.10000000,157277562,157277562,1782867552561818,False,True
137700745,1.14260000,17.80000000,157277563,157277563,1782867552564916,False,True
137700746,1.14260000,24.60000000,157277564,157277564,1782867552565801,False,True
137700747,1.14260000,74.30000000,157277565,157277565,1782867552566105,False,True
137700748,1.14260000,31.60000000,157277566,157277566,1782867552572352,False,True
137700749,1.14260000,41.70000000,157277567,157277567,1782867552572758,False,True
137700750,1.14260000,31.60000000,157277568,157277568,1782867552572883,False,True
137700751,1.14250000,534.40000000,157277569,157277569,1782867592602505,True,True
137700752,1.14250000,164.90000000,157277570,157277570,1782867598521464,False,True
137700753,1.14250000,172.80000000,157277571,157277571,1782867598521495,False,True
137700754,1.14250000,216.90000000,157277572,157277572,1782867598692980,False,True
137700755,1.14260000,128.60000000,157277573,157277573,1782867598692980,False,True
137700756,1.14260000,172.80000000,157277574,157277574,1782867598693545,False,True
137700757,1.14260000,172.50000000,157277575,157277575,1782867598792227,False,True
137700758,1.14260000,356.10000000,157277576,157277576,1782867598792294,False,True
137700759,1.14260000,173.00000000,157277577,157277577,1782867603083966,False,True
137700760,1.14260000,55.30000000,157277578,157277578,1782867603084219,False,True
137700761,1.14260000,120.60000000,157277579,157277579,1782867603084459,False,True
137700762,1.14260000,172.90000000,157277580,157277580,1782867603084475,False,True
137700763,1.14260000,10.30000000,157277581,157277581,1782867603759290,False,True
137700764,1.14260000,11.50000000,157277582,157277582,1782867619311794,False,True
137700765,1.14250000,11.50000000,157277583,157277583,1782867656217854,False,True
137700766,1.14250000,275.70000000,157277584,157277584,1782867663045303,False,True
137700767,1.14240000,10.90000000,157277585,157277585,1782867669522269,True,True
137700768,1.14250000,78.60000000,157277586,157277586,1782867670588773,False,True
137700769,1.14250000,22.30000000,157277587,157277587,1782867691633365,False,True
137700770,1.14250000,156.90000000,157277588,157277588,1782867705892390,False,True
137700771,1.14250000,256.20000000,157277589,157277589,1782867724771914,False,True
137700772,1.14240000,99.00000000,157277590,157277591,1782867734879477,True,True
137700773,1.14250000,11.50000000,157277592,157277592,1782867738357548,False,True
137700774,1.14250000,209.30000000,157277593,157277593,1782867738358575,False,True
137700775,1.14250000,33.00000000,157277594,157277594,1782867738358709,False,True
137700776,1.14250000,11.50000000,157277595,157277595,1782867738358724,False,True
137700777,1.14250000,9.90000000,157277596,157277596,1782867738359035,False,True
137700778,1.14250000,206.60000000,157277597,157277597,1782867739094634,False,True
137700779,1.14240000,6.90000000,157277598,157277598,1782867780609875,True,True
137700780,1.14230000,329.10000000,157277599,157277599,1782867780609875,True,True
137700781,1.14240000,226.60000000,157277600,157277600,1782867781016123,False,True
137700782,1.14240000,202.20000000,157277601,157277601,1782867784771944,False,True
137700783,1.14240000,141.70000000,157277602,157277602,1782867814771964,False,True
137700784,1.14240000,209.60000000,157277603,157277603,1782867844771882,False,True
137700785,1.14240000,106.90000000,157277604,157277604,1782867879772687,False,True
137700786,1.14240000,190.20000000,157277605,157277605,1782867900667536,False,True
137700787,1.14230000,1600.00000000,157277606,157277606,1782867904508729,True,True
137700788,1.14230000,175.40000000,157277607,157277607,1782867904771959,False,True
137700789,1.14230000,71.70000000,157277608,157277608,1782867907228242,False,True
137700790,1.14230000,294.50000000,157277609,157277609,1782867917123123,False,True
137700791,1.14230000,87.70000000,157277610,157277610,1782867921143732,False,True
137700792,1.14230000,434.20000000,157277611,157277611,1782867922588155,False,True
137700793,1.14230000,410.20000000,157277612,157277613,1782867932177123,False,True
137700794,1.14230000,211.50000000,157277614,157277614,1782867934772971,False,True
137700795,1.14220000,157.10000000,157277615,157277616,1782867940421760,True,True
137700796,1.14220000,157.10000000,157277617,157277617,1782867940423257,True,True
137700797,1.14230000,200.00000000,157277618,157277618,1782867942219815,False,True
137700798,1.14220000,229.70000000,157277619,157277619,1782867950778035,True,True
137700799,1.14230000,873.60000000,157277620,157277620,1782867959509481,False,True
137700800,1.14230000,35.80000000,157277621,157277621,1782867959517087,False,True
137700801,1.14230000,205.40000000,157277622,157277622,1782867960712305,False,True
137700802,1.14220000,2931.00000000,157277623,157277623,1782867962016355,True,True
137700803,1.14220000,1067.40000000,157277624,157277624,1782867962026739,True,True
137700804,1.14220000,77.00000000,157277625,157277625,1782867962030038,False,True
137700805,1.14220000,18.00000000,157277626,157277626,1782867962031455,False,True
137700806,1.14220000,19.70000000,157277627,157277627,1782867962031576,False,True
137700807,1.14220000,17.20000000,157277628,157277628,1782867962031720,False,True
137700808,1.14220000,322.10000000,157277629,157277629,1782867962031845,False,True
137700809,1.14220000,77.00000000,157277630,157277630,1782867962031873,False,True
137700810,1.14220000,322.10000000,157277631,157277631,1782867962031907,False,True
137700811,1.14220000,322.10000000,157277632,157277632,1782867962031921,False,True
137700812,1.14220000,77.00000000,157277633,157277633,1782867962032043,False,True
137700813,1.14220000,322.10000000,157277634,157277634,1782867962032050,False,True
137700814,1.14220000,77.00000000,157277635,157277635,1782867962032063,False,True
137700815,1.14220000,24.90000000,157277636,157277636,1782867962032293,False,True
137700816,1.14220000,16.30000000,157277637,157277637,1782867962032437,False,True
137700817,1.14220000,1158.60000000,157277638,157277638,1782867963518650,False,True
137700818,1.14220000,219.60000000,157277639,157277639,1782867964772645,False,True
137700819,1.14210000,14.00000000,157277640,157277640,1782867965478632,True,True
137700820,1.14220000,33.60000000,157277641,157277641,1782867974144854,False,True
137700821,1.14210000,434.20000000,157277642,157277642,1782867983531720,True,True
137700822,1.14210000,455.60000000,157277643,157277643,1782867983533956,True,True
137700823,1.14210000,112.00000000,157277644,157277644,1782867985771785,True,True
137700824,1.14220000,368.30000000,157277645,157277645,1782867989955843,False,True
137700825,1.14220000,293.20000000,157277646,157277646,1782867989971557,False,True
137700826,1.14220000,1381.80000000,157277647,157277647,1782867989972256,False,True
137700827,1.14220000,10.30000000,157277648,157277648,1782867989988016,False,True
137700828,1.14220000,10.30000000,157277649,157277649,1782867989988652,False,True
137700829,1.14220000,254.10000000,157277650,157277650,1782867989988686,False,True
137700830,1.14210000,203.10000000,157277651,157277651,1782867995773479,True,True
137700831,1.14220000,218.20000000,157277652,157277652,1782868004772077,False,True
137700832,1.14210000,293.40000000,157277653,157277653,1782868010778270,True,True
137700833,1.14220000,8.80000000,157277654,157277654,1782868016800935,False,True
137700834,1.14210000,395.60000000,157277655,157277655,1782868020661413,True,True
137700835,1.14220000,57.00000000,157277656,157277656,1782868024773083,False,True
137700836,1.14210000,238.00000000,157277657,157277657,1782868025771643,True,True
137700837,1.14220000,16.80000000,157277658,157277658,1782868027989515,False,True
137700838,1.14210000,148.80000000,157277659,157277659,1782868028915422,True,True
137700839,1.14210000,22.30000000,157277660,157277660,1782868029000834,True,True
137700840,1.14210000,41.10000000,157277661,157277661,1782868034081513,True,True
137700841,1.14210000,1454.30000000,157277662,157277662,1782868039061592,False,True
137700842,1.14210000,448.50000000,157277663,157277663,1782868043518024,True,True
137700843,1.14210000,164.90000000,157277664,157277664,1782868050786717,True,True
137700844,1.14200000,152.90000000,157277665,157277665,1782868055771646,True,True
137700845,1.14210000,500.00000000,157277666,157277666,1782868068069911,False,True
137700846,1.14210000,1613.40000000,157277667,157277668,1782868073208826,False,True
137700847,1.14200000,219.10000000,157277669,157277669,1782868078277213,True,True
137700848,1.14200000,169.50000000,157277670,157277670,1782868080771756,True,True
137700849,1.14210000,204.10000000,157277671,157277671,1782868112307208,False,True
137700850,1.14200000,250.80000000,157277672,157277672,1782868115771970,True,True
137700851,1.14200000,163.30000000,157277673,157277673,1782868119809629,True,True
137700852,1.14210000,195.70000000,157277674,157277674,1782868120902124,False,True
137700853,1.14210000,69.30000000,157277675,157277675,1782868125877247,True,True
137700854,1.14210000,69.30000000,157277676,157277676,1782868125880868,True,True
137700855,1.14210000,69.30000000,157277677,157277677,1782868125884170,True,True
137700856,1.14210000,69.30000000,157277678,157277678,1782868125887739,True,True
137700857,1.14210000,69.30000000,157277679,157277679,1782868125890939,True,True
137700858,1.14210000,69.30000000,157277680,157277680,1782868125893916,True,True
137700859,1.14210000,69.30000000,157277681,157277681,1782868125897531,True,True
137700860,1.14210000,69.30000000,157277682,157277682,1782868125900573,True,True
137700861,1.14210000,69.30000000,157277683,157277683,1782868125903360,True,True
137700862,1.14210000,415.80000000,157277684,157277684,1782868125913924,False,True
137700863,1.14210000,976.30000000,157277685,157277685,1782868132511803,True,True
137700864,1.14200000,1063.70000000,157277686,157277686,1782868132511803,True,True
137700865,1.14210000,421.70000000,157277687,157277687,1782868140699884,False,True
137700866,1.14200000,99.00000000,157277688,157277688,1782868145777970,True,True
137700867,1.14200000,121.90000000,157277689,157277689,1782868175771926,True,True
137700868,1.14200000,1600.00000000,157277690,157277690,1782868187322897,True,True
137700869,1.14210000,460.60000000,157277691,157277692,1782868188846786,False,True
137700870,1.14200000,7.10000000,157277693,157277693,1782868200276445,True,True
137700871,1.14200000,17.30000000,157277694,157277694,1782868200317800,True,True
137700872,1.14200000,421.70000000,157277695,157277695,1782868200672540,True,True
137700873,1.14200000,291.80000000,157277696,157277696,1782868200771702,True,True
137700874,1.14200000,862.10000000,157277697,157277697,1782868202788528,True,True
137700875,1.14200000,3326.30000000,157277698,157277699,1782868205296691,False,True
137700876,1.14200000,73.50000000,157277700,157277700,1782868206237176,False,True
137700877,1.14200000,9.30000000,157277701,157277701,1782868208839095,False,True
137700878,1.14200000,386.30000000,157277702,157277702,1782868208840522,False,True
137700879,1.14200000,434.20000000,157277703,157277703,1782868208843280,True,True
137700880,1.14210000,342.80000000,157277704,157277704,1782868215809863,False,True
137700881,1.14210000,145.20000000,157277705,157277705,1782868215813736,False,True
137700882,1.14200000,17.50000000,157277706,157277706,1782868217158955,True,True
137700883,1.14200000,434.20000000,157277707,157277707,1782868225999662,False,True
137700884,1.14200000,500.00000000,157277708,157277708,1782868227283051,False,True
137700885,1.14200000,434.20000000,157277709,157277709,1782868228115533,True,True
137700886,1.14200000,434.20000000,157277710,157277710,1782868228665248,True,True
137700887,1.14190000,5.80000000,157277711,157277712,1782868229002462,True,True
137700888,1.14200000,434.20000000,157277713,157277713,1782868229004086,False,True
137700889,1.14200000,230.90000000,157277714,157277714,1782868233716994,False,True
137700890,1.14200000,434.20000000,157277715,157277715,1782868233864461,True,True
137700891,1.14190000,4077.90000000,157277716,157277717,1782868235259305,True,True
137700892,1.14200000,434.20000000,157277718,157277718,1782868235332274,False,True
137700893,1.14200000,2039.00000000,157277719,157277719,1782868235354021,True,True
137700894,1.14200000,1820.80000000,157277720,157277721,1782868235478803,False,True
137700895,1.14200000,282.00000000,157277722,157277722,1782868235772679,True,True
137700896,1.14200000,1318.00000000,157277723,157277723,1782868235774004,True,True
137700897,1.14200000,100.00000000,157277724,157277724,1782868236882618,True,True
137700898,1.14190000,250.00000000,157277725,157277725,1782868236919988,True,True
137700899,1.14190000,2038.50000000,157277726,157277727,1782868238178512,True,True
137700900,1.14190000,100.00000000,157277728,157277728,1782868242800580,True,True
137700901,1.14190000,2037.20000000,157277729,157277729,1782868244607265,True,True
137700902,1.14200000,58.50000000,157277730,157277730,1782868244681103,False,True
137700903,1.14190000,999.00000000,157277731,157277731,1782868244875414,True,True
137700904,1.14190000,45.10000000,157277732,157277732,1782868247646093,True,True
137700905,1.14190000,340.00000000,157277733,157277733,1782868248775534,True,True
137700906,1.14200000,9.70000000,157277734,157277734,1782868250626869,False,True
137700907,1.14200000,19.40000000,157277735,157277735,1782868250628066,False,True
137700908,1.14200000,244.70000000,157277736,157277737,1782868250634688,False,True
137700909,1.14200000,528.30000000,157277738,157277738,1782868250923969,False,True
137700910,1.14190000,2036.50000000,157277739,157277739,1782868257093634,True,True
137700911,1.14190000,7586.10000000,157277740,157277743,1782868257133456,True,True
137700912,1.14190000,560.00000000,157277744,157277744,1782868257135597,True,True
137700913,1.14200000,2035.40000000,157277745,157277745,1782868257137727,False,True
137700914,1.14190000,264.30000000,157277746,157277746,1782868257462524,True,True
137700915,1.14190000,9.30000000,157277747,157277747,1782868257464243,True,True
137700916,1.14190000,15.70000000,157277748,157277748,1782868257791955,True,True
137700917,1.14190000,1452.30000000,157277749,157277749,1782868257950353,True,True
137700918,1.14190000,478.50000000,157277750,157277750,1782868257954168,True,True
137700919,1.14190000,641.40000000,157277751,157277751,1782868257959125,True,True
137700920,1.14190000,1394.90000000,157277752,157277752,1782868257960202,True,True
137700921,1.14190000,641.40000000,157277753,157277753,1782868257962083,True,True
137700922,1.14190000,1394.90000000,157277754,157277754,1782868257962598,True,True
137700923,1.14190000,2035.60000000,157277755,157277755,1782868258396751,True,True
137700924,1.14190000,8143.00000000,157277756,157277756,1782868258411124,True,True
137700925,1.14190000,2910.80000000,157277757,157277757,1782868258607259,True,True
137700926,1.14190000,1160.20000000,157277758,157277758,1782868258607998,True,True
137700927,1.14190000,4071.10000000,157277759,157277759,1782868258613504,True,True
137700928,1.14190000,4071.10000000,157277760,157277760,1782868258618020,True,True
137700929,1.14190000,4071.20000000,157277761,157277764,1782868258624450,True,True
137700930,1.14190000,284.90000000,157277765,157277765,1782868258626482,True,True
137700931,1.14190000,3786.20000000,157277766,157277767,1782868258626500,True,True
137700932,1.14190000,641.90000000,157277768,157277769,1782868258628411,True,True
137700933,1.14190000,2035.70000000,157277770,157277771,1782868258637282,True,True
137700934,1.14190000,2035.70000000,157277772,157277772,1782868258645450,True,True
137700935,1.14190000,2035.70000000,157277773,157277773,1782868258650660,True,True
137700936,1.14190000,2035.70000000,157277774,157277774,1782868258657218,True,True
137700937,1.14190000,152.60000000,157277775,157277775,1782868258659726,True,True
137700938,1.14190000,1883.10000000,157277776,157277776,1782868258660250,True,True
137700939,1.14190000,2036.00000000,157277777,157277777,1782868258730823,True,True
137700940,1.14190000,5.00000000,157277778,157277778,1782868258854452,True,True
137700941,1.14190000,2036.20000000,157277779,157277779,1782868259071378,True,True
137700942,1.14190000,2020.30000000,157277780,157277780,1782868259634864,True,True
137700943,1.14190000,2035.50000000,157277781,157277781,1782868259695170,True,True
137700944,1.14190000,2035.50000000,157277782,157277782,1782868259704490,True,True
137700945,1.14190000,1648.70000000,157277783,157277783,1782868259716726,True,True
137700946,1.14190000,386.70000000,157277784,157277784,1782868259819602,True,True
137700947,1.14190000,2035.60000000,157277785,157277785,1782868260953563,True,True
137700948,1.14190000,2035.60000000,157277786,157277786,1782868260959021,True,True
137700949,1.14190000,48.80000000,157277787,157277787,1782868264447433,True,True
137700950,1.14200000,1577.60000000,157277788,157277788,1782868265460956,False,True
137700951,1.14190000,318.60000000,157277789,157277789,1782868265771578,True,True
137700952,1.14190000,6.70000000,157277790,157277790,1782868266221815,True,True
137700953,1.14190000,13.90000000,157277791,157277791,1782868266878202,True,True
137700954,1.14200000,2272.70000000,157277792,157277792,1782868266879932,False,True
137700955,1.14200000,3850.20000000,157277793,157277795,1782868267727488,False,True
137700956,1.14200000,434.20000000,157277796,157277796,1782868269427448,True,True
137700957,1.14190000,273.90000000,157277797,157277797,1782868285407901,True,True
137700958,1.14200000,434.20000000,157277798,157277798,1782868295771583,True,True
137700959,1.14190000,215.80000000,157277799,157277799,1782868295771583,True,True
137700960,1.14190000,273.70000000,157277800,157277800,1782868314309216,True,True
137700961,1.14190000,71.00000000,157277801,157277801,1782868315719076,True,True
137700962,1.14200000,500.00000000,157277802,157277802,1782868315720644,False,True
137700963,1.14190000,138.80000000,157277803,157277803,1782868315887491,True,True
137700964,1.14200000,379.60000000,157277804,157277804,1782868336777518,False,True
137700965,1.14200000,38.60000000,157277805,157277805,1782868338775710,False,True
137700966,1.14190000,266.10000000,157277806,157277806,1782868340778623,True,True
137700967,1.14190000,17.10000000,157277807,157277807,1782868343594547,True,True
137700968,1.14190000,86.50000000,157277808,157277808,1782868343595544,True,True
137700969,1.14190000,474.20000000,157277809,157277809,1782868343602919,True,True
137700970,1.14200000,422.90000000,157277810,157277811,1782868345776749,False,True
137700971,1.14190000,582.80000000,157277812,157277812,1782868355771641,True,True
137700972,1.14200000,486.40000000,157277813,157277813,1782868361776547,False,True
137700973,1.14200000,296.20000000,157277814,157277814,1782868364773181,False,True
137700974,1.14200000,74.30000000,157277815,157277815,1782868364778010,False,True
137700975,1.14200000,74.30000000,157277816,157277816,1782868364786981,False,True
137700976,1.14200000,74.30000000,157277817,157277817,1782868364804406,False,True
137700977,1.14200000,74.30000000,157277818,157277818,1782868364812450,False,True
137700978,1.14200000,279.40000000,157277819,157277820,1782868365067225,False,True
137700979,1.14200000,295.10000000,157277821,157277821,1782868365070104,False,True
137700980,1.14200000,104.60000000,157277822,157277822,1782868365091056,False,True
137700981,1.14210000,1303.20000000,157277823,157277823,1782868365091056,False,True
137700982,1.14210000,624.40000000,157277824,157277824,1782868365106027,False,True
137700983,1.14200000,877.60000000,157277825,157277826,1782868365263070,True,True
137700984,1.14200000,9145.80000000,157277827,157277827,1782868365305597,True,True
137700985,1.14200000,500.00000000,157277828,157277828,1782868365469266,True,True
137700986,1.14190000,1531.50000000,157277829,157277829,1782868365469266,True,True
137700987,1.14200000,77.00000000,157277830,157277830,1782868365643853,False,True
137700988,1.14200000,629.30000000,157277831,157277831,1782868365690450,False,True
137700989,1.14200000,629.30000000,157277832,157277832,1782868365690577,False,True
137700990,1.14200000,629.30000000,157277833,157277833,1782868365690600,False,True
137700991,1.14200000,629.30000000,157277834,157277834,1782868365690653,False,True
137700992,1.14200000,701.20000000,157277835,157277835,1782868365696250,False,True
137700993,1.14210000,2579.80000000,157277836,157277836,1782868365900970,False,True
137700994,1.14210000,1999.90000000,157277837,157277847,1782868366016608,False,True
137700995,1.14210000,1999.90000000,157277848,157277848,1782868366022833,False,True
137700996,1.14210000,2618.70000000,157277849,157277850,1782868366029526,False,True
137700997,1.14210000,15056.50000000,157277851,157277851,1782868366046551,False,True
137700998,1.14200000,701.20000000,157277852,157277852,1782868366046766,False,True
137700999,1.14210000,8668.00000000,157277853,157277853,1782868366046766,False,True
137701000,1.14210000,11911.70000000,157277854,157277854,1782868366049868,False,True
137701001,1.14190000,2030.40000000,157277855,157277857,1782868366074184,True,True
137701002,1.14210000,15086.60000000,157277858,157277860,1782868366077733,False,True
137701003,1.14200000,434.20000000,157277861,157277861,1782868366119300,True,True
137701004,1.14210000,320.80000000,157277862,157277862,1782868366311923,False,True
137701005,1.14200000,321.80000000,157277863,157277863,1782868366313026,True,True
137701006,1.14210000,1999.90000000,157277864,157277865,1782868366314275,False,True
137701007,1.14200000,1278.20000000,157277866,157277867,1782868366314861,True,True
137701008,1.14190000,92.40000000,157277868,157277868,1782868366314861,True,True
137701009,1.14200000,1999.90000000,157277869,157277870,1782868366320930,False,True
137701010,1.14190000,2010.20000000,157277871,157277871,1782868366321159,True,True
137701011,1.14200000,18.90000000,157277872,157277872,1782868366322525,False,True
137701012,1.14200000,15.40000000,157277873,157277873,1782868366322712,False,True
137701013,1.14210000,90.80000000,157277874,157277874,1782868366322712,False,True
137701014,1.14190000,20.30000000,157277875,157277875,1782868366322982,True,True
137701015,1.14200000,320.80000000,157277876,157277876,1782868366330850,False,True
137701016,1.14200000,113.40000000,157277877,157277877,1782868366331079,False,True
137701017,1.14210000,198.70000000,157277878,157277878,1782868366331079,False,True
137701018,1.14210000,312.10000000,157277879,157277879,1782868366331864,False,True
137701019,1.14210000,16.20000000,157277880,157277880,1782868366337615,False,True
137701020,1.14210000,16.20000000,157277881,157277881,1782868366338163,False,True
137701021,1.14210000,320.80000000,157277882,157277882,1782868366338405,False,True
137701022,1.14200000,426.60000000,157277883,157277883,1782868366351944,False,True
137701023,1.14200000,7.60000000,157277884,157277884,1782868366352088,False,True
137701024,1.14210000,8.60000000,157277885,157277885,1782868366352088,False,True
137701025,1.14210000,17.90000000,157277886,157277886,1782868366352422,False,True
137701026,1.14210000,17.90000000,157277887,157277887,1782868366352691,False,True
137701027,1.14210000,1539.70000000,157277888,157277888,1782868366393578,False,True
137701028,1.14210000,629.20000000,157277889,157277897,1782868366413836,False,True
137701029,1.14210000,629.20000000,157277898,157277898,1782868366414044,False,True
137701030,1.14210000,629.20000000,157277899,157277899,1782868366415166,False,True
137701031,1.14210000,637.50000000,157277900,157277900,1782868366415845,False,True
137701032,1.14210000,430.50000000,157277901,157277901,1782868366422863,False,True
137701033,1.14210000,430.50000000,157277902,157277902,1782868366422983,False,True
137701034,1.14210000,4.50000000,157277903,157277903,1782868366426336,False,True
137701035,1.14210000,206.50000000,157277904,157277904,1782868366426730,False,True
137701036,1.14210000,206.50000000,157277905,157277905,1782868366430025,False,True
137701037,1.14210000,423.50000000,157277906,157277906,1782868366442820,False,True
137701038,1.14210000,423.50000000,157277907,157277907,1782868366442966,False,True
137701039,1.14210000,423.50000000,157277908,157277908,1782868366443220,False,True
137701040,1.14210000,429.50000000,157277909,157277909,1782868366445166,False,True
137701041,1.14210000,895.10000000,157277910,157277910,1782868366447675,False,True
137701042,1.14210000,5.40000000,157277911,157277911,1782868366451537,False,True
137701043,1.14210000,5.40000000,157277912,157277912,1782868366451934,False,True
137701044,1.14210000,629.10000000,157277913,157277913,1782868366452936,False,True
137701045,1.14210000,5.50000000,157277914,157277914,1782868366453600,False,True
137701046,1.14210000,5.50000000,157277915,157277915,1782868366454379,False,True
137701047,1.14210000,5.40000000,157277916,157277916,1782868366455808,False,True
137701048,1.14210000,5.40000000,157277917,157277917,1782868366456501,False,True
137701049,1.14210000,5.50000000,157277918,157277918,1782868366457109,False,True
137701050,1.14210000,5.50000000,157277919,157277919,1782868366457449,False,True
137701051,1.14210000,5.50000000,157277920,157277920,1782868366457746,False,True
137701052,1.14210000,629.20000000,157277921,157277921,1782868366460130,False,True
137701053,1.14210000,5.40000000,157277922,157277922,1782868366463570,False,True
137701054,1.14210000,5.40000000,157277923,157277923,1782868366464080,False,True
137701055,1.14210000,5.50000000,157277924,157277924,1782868366465149,False,True
137701056,1.14210000,2550.10000000,157277925,157277925,1782868366468224,False,True
137701057,1.14210000,24.40000000,157277926,157277926,1782868366471146,False,True
137701058,1.14210000,654.70000000,157277927,157277927,1782868366473401,False,True
137701059,1.14210000,386.00000000,157277928,157277928,1782868366479878,False,True
137701060,1.14210000,386.00000000,157277929,157277929,1782868366481862,False,True
137701061,1.14210000,1486.60000000,157277930,157277930,1782868366489977,False,True
137701062,1.14210000,637.50000000,157277931,157277931,1782868366496024,False,True
137701063,1.14210000,629.10000000,157277932,157277932,1782868366497870,False,True
137701064,1.14210000,5.40000000,157277933,157277933,1782868366500761,False,True
137701065,1.14210000,5.40000000,157277934,157277934,1782868366500986,False,True
137701066,1.14210000,5.40000000,157277935,157277935,1782868366501201,False,True
137701067,1.14210000,5.50000000,157277936,157277936,1782868366502532,False,True
137701068,1.14210000,5.50000000,157277937,157277937,1782868366502536,False,True
137701069,1.14210000,629.10000000,157277938,157277938,1782868366505174,False,True
137701070,1.14210000,5.40000000,157277939,157277939,1782868366509117,False,True
137701071,1.14210000,5.40000000,157277940,157277940,1782868366509495,False,True
137701072,1.14210000,5.50000000,157277941,157277941,1782868366510315,False,True
137701073,1.14210000,436.60000000,157277942,157277942,1782868366544692,False,True
137701074,1.14210000,437.10000000,157277943,157277943,1782868366546487,False,True
137701075,1.14210000,437.10000000,157277944,157277944,1782868366546934,False,True
137701076,1.14210000,1705.20000000,157277945,157277945,1782868366550354,False,True
137701077,1.14210000,202.00000000,157277946,157277946,1782868366553292,False,True
137701078,1.14210000,202.00000000,157277947,157277947,1782868366556311,False,True
137701079,1.14210000,4.50000000,157277948,157277948,1782868366557267,False,True
137701080,1.14210000,1503.80000000,157277949,157277949,1782868366558514,False,True
137701081,1.14210000,2580.50000000,157277950,157277950,1782868366562123,False,True
137701082,1.14210000,320.70000000,157277951,157277951,1782868366573630,False,True
137701083,1.14200000,321.70000000,157277952,157277952,1782868366574845,True,True
137701084,1.14210000,1682.40000000,157277953,157277953,1782868366576830,False,True
137701085,1.14200000,112.50000000,157277954,157277954,1782868366577166,True,True
137701086,1.14190000,1578.60000000,157277955,157277955,1782868366577166,True,True
137701087,1.14210000,15.90000000,157277956,157277956,1782868366579359,False,True
137701088,1.14200000,17.20000000,157277957,157277957,1782868366579982,True,True
137701089,1.14210000,637.50000000,157277958,157277958,1782868366581453,False,True
137701090,1.14210000,637.50000000,157277959,157277959,1782868366585215,False,True
137701091,1.14210000,2619.10000000,157277960,157277960,1782868366604830,False,True
137701092,1.14210000,2619.10000000,157277961,157277961,1782868366613537,False,True
137701093,1.14210000,629.20000000,157277962,157277962,1782868366665703,False,True
137701094,1.14200000,551.90000000,157277963,157277964,1782868366665979,True,True
137701095,1.14210000,2580.50000000,157277965,157277965,1782868366669678,False,True
137701096,1.14210000,629.20000000,157277966,157277966,1782868366675820,False,True
137701097,1.14210000,637.50000000,157277967,157277967,1782868366681556,False,True
137701098,1.14210000,629.20000000,157277968,157277968,1782868366683129,False,True
137701099,1.14210000,5.40000000,157277969,157277969,1782868366691092,False,True
137701100,1.14210000,5.40000000,157277970,157277970,1782868366691781,False,True
137701101,1.14210000,320.80000000,157277971,157277971,1782868366691933,False,True
137701102,1.14210000,5.50000000,157277972,157277972,1782868366692657,False,True
137701103,1.14210000,5.50000000,157277973,157277973,1782868366693178,False,True
137701104,1.14210000,5.50000000,157277974,157277974,1782868366693866,False,True
137701105,1.14210000,2550.10000000,157277975,157277976,1782868366720594,False,True
137701106,1.14200000,272.70000000,157277977,157277977,1782868366741706,True,True
137701107,1.14200000,1192.40000000,157277978,157277978,1782868366844344,True,True
137701108,1.14190000,9975.90000000,157277979,157277985,1782868366844344,True,True
137701109,1.14200000,434.20000000,157277986,157277986,1782868366848353,True,True
137701110,1.14190000,6516.20000000,157277987,157277988,1782868366849920,True,True
137701111,1.14200000,639.70000000,157277989,157277989,1782868366853573,False,True
137701112,1.14200000,517.10000000,157277990,157277990,1782868366857814,False,True
137701113,1.14210000,525.90000000,157277991,157277991,1782868366864168,False,True
137701114,1.14210000,639.70000000,157277992,157277992,1782868366886004,False,True
137701115,1.14190000,915.50000000,157277993,157277993,1782868366899770,True,True
137701116,1.14190000,2031.10000000,157277994,157277994,1782868367018223,True,True
137701117,1.14190000,2030.90000000,157277995,157277995,1782868367171929,True,True
137701118,1.14200000,500.00000000,157277996,157277996,1782868367202833,False,True
137701119,1.14190000,864.80000000,157277997,157277997,1782868367208394,True,True
137701120,1.14190000,2031.20000000,157277998,157277998,1782868367290919,True,True
137701121,1.14210000,2578.60000000,157277999,157277999,1782868367401433,False,True
137701122,1.14190000,1726.10000000,157278000,157278000,1782868367468113,True,True
137701123,1.14200000,434.20000000,157278001,157278001,1782868367472817,False,True
137701124,1.14210000,1265.50000000,157278002,157278003,1782868367472817,False,True
137701125,1.14210000,1999.90000000,157278004,157278004,1782868367487545,False,True
137701126,1.14200000,20.30000000,157278005,157278005,1782868367488064,True,True
137701127,1.14200000,413.90000000,157278006,157278006,1782868367488229,True,True
137701128,1.14190000,1596.40000000,157278007,157278007,1782868367488229,True,True
137701129,1.14190000,304.60000000,157278008,157278008,1782868367492803,True,True
137701130,1.14190000,2030.60000000,157278009,157278009,1782868367588405,True,True
137701131,1.14190000,50.70000000,157278010,157278010,1782868367655231,True,True
137701132,1.14190000,507.60000000,157278011,157278011,1782868367656180,True,True
137701133,1.14190000,14216.00000000,157278012,157278012,1782868367698203,True,True
137701134,1.14200000,351.60000000,157278013,157278013,1782868367751304,False,True
137701135,1.14190000,2030.90000000,157278014,157278014,1782868367771489,True,True
137701136,1.14190000,2030.80000000,157278015,157278016,1782868367779737,True,True
137701137,1.14190000,9139.90000000,157278017,157278018,1782868367820396,True,True
137701138,1.14190000,1596.00000000,157278019,157278024,1782868367858706,True,True
137701139,1.14190000,2853.90000000,157278025,157278025,1782868367858795,True,True
137701140,1.14190000,8561.70000000,157278026,157278026,1782868367858853,True,True
137701141,1.14190000,375.70000000,157278027,157278027,1782868367858874,True,True
137701142,1.14190000,2853.90000000,157278028,157278028,1782868367858936,True,True
137701143,1.14190000,2031.20000000,157278029,157278029,1782868367919249,True,True
137701144,1.14190000,4957.80000000,157278030,157278031,1782868367987807,True,True
137701145,1.14190000,1132.50000000,157278032,157278032,1782868367988129,True,True
137701146,1.14190000,2031.60000000,157278033,157278033,1782868368064891,True,True
137701147,1.14200000,2031.00000000,157278034,157278034,1782868368133823,False,True
137701148,1.14190000,2031.00000000,157278035,157278035,1782868368151517,True,True
137701149,1.14190000,1979.70000000,157278036,157278036,1782868368206841,True,True
137701150,1.14200000,2619.50000000,157278037,157278037,1782868368209829,False,True
137701151,1.14190000,2619.50000000,157278038,157278038,1782868368227559,True,True
137701152,1.14200000,2619.50000000,157278039,157278040,1782868368230227,False,True
137701153,1.14190000,2619.50000000,157278041,157278041,1782868368237419,True,True
137701154,1.14200000,2619.50000000,157278042,157278042,1782868368238083,False,True
137701155,1.14190000,355.30000000,157278043,157278043,1782868368246719,True,True
137701156,1.14190000,355.30000000,157278044,157278044,1782868368247625,True,True
137701157,1.14190000,1218.40000000,157278045,157278045,1782868368247948,True,True
137701158,1.14190000,101.50000000,157278046,157278046,1782868368249227,True,True
137701159,1.14200000,320.80000000,157278047,157278047,1782868368256764,False,True
137701160,1.14200000,195.30000000,157278048,157278048,1782868368259398,False,True
137701161,1.14200000,1.20000000,157278049,157278049,1782868368259652,False,True
137701162,1.14210000,507.20000000,157278050,157278050,1782868368259652,False,True
137701163,1.14210000,19.60000000,157278051,157278051,1782868368260005,False,True
137701164,1.14200000,320.80000000,157278052,157278052,1782868368263324,False,True
137701165,1.14200000,320.80000000,157278053,157278053,1782868368265339,False,True
137701166,1.14190000,4383.40000000,157278054,157278054,1782868368266753,True,True
137701167,1.14190000,2030.20000000,157278055,157278055,1782868368267149,True,True
137701168,1.14190000,4084.40000000,157278056,157278056,1782868368268410,True,True
137701169,1.14200000,2030.20000000,157278057,157278057,1782868368268629,False,True
137701170,1.14200000,623.60000000,157278058,157278058,1782868368268776,False,True
137701171,1.14210000,1407.10000000,157278059,157278059,1782868368268776,False,True
137701172,1.14200000,24.80000000,157278060,157278060,1782868368270487,False,True
137701173,1.14200000,24.80000000,157278061,157278061,1782868368270927,False,True
137701174,1.14200000,24.80000000,157278062,157278062,1782868368271727,False,True
137701175,1.14200000,359.80000000,157278063,157278063,1782868368278070,False,True
137701176,1.14210000,74.20000000,157278064,157278064,1782868368278070,False,True
137701177,1.14210000,177.00000000,157278065,157278065,1782868368278771,False,True
137701178,1.14200000,24.70000000,157278066,157278066,1782868368287229,False,True
137701179,1.14190000,24.80000000,157278067,157278067,1782868368287598,True,True
137701180,1.14200000,409.50000000,157278068,157278068,1782868368293758,False,True
137701181,1.14210000,1590.30000000,157278069,157278069,1782868368293758,False,True
137701182,1.14190000,2010.30000000,157278070,157278070,1782868368294219,True,True
137701183,1.14190000,2010.40000000,157278071,157278071,1782868368294689,True,True
137701184,1.14190000,6112.10000000,157278072,157278072,1782868368294740,True,True
137701185,1.14190000,2030.80000000,157278073,157278073,1782868368300872,True,True
137701186,1.14210000,629.20000000,157278074,157278074,1782868368304548,False,True
137701187,1.14210000,5.40000000,157278075,157278075,1782868368315648,False,True
137701188,1.14210000,5.40000000,157278076,157278076,1782868368316150,False,True
137701189,1.14210000,5.50000000,157278077,157278077,1782868368317113,False,True
137701190,1.14210000,5.50000000,157278078,157278078,1782868368317337,False,True
137701191,1.14210000,5.50000000,157278079,157278079,1782868368317553,False,True
137701192,1.14210000,639.60000000,157278080,157278080,1782868368325118,False,True
137701193,1.14210000,629.20000000,157278081,157278081,1782868368328316,False,True
137701194,1.14200000,434.20000000,157278082,157278082,1782868368333174,True,True
137701195,1.14200000,434.20000000,157278083,157278083,1782868368354940,False,True
137701196,1.14210000,4823.70000000,157278084,157278084,1782868368354940,False,True
137701197,1.14190000,5277.10000000,157278085,157278086,1782868368355426,True,True
137701198,1.14210000,9368.70000000,157278087,157278087,1782868368358211,False,True
137701199,1.14210000,10226.60000000,157278088,157278088,1782868368358505,False,True
137701200,1.14210000,10210.50000000,157278089,157278089,1782868368358798,False,True
137701201,1.14200000,434.20000000,157278090,157278090,1782868368359549,True,True
137701202,1.14190000,5123.60000000,157278091,157278092,1782868368359549,True,True
137701203,1.14180000,14310.10000000,157278093,157278097,1782868368359549,True,True
137701204,1.14180000,9402.40000000,157278098,157278104,1782868368359754,True,True
137701205,1.14190000,40.00000000,157278105,157278105,1782868368365347,True,True
137701206,1.14190000,1599.60000000,157278106,157278106,1782868368370087,True,True
137701207,1.14200000,1599.60000000,157278107,157278107,1782868368373310,False,True
137701208,1.14190000,431.00000000,157278108,157278108,1782868368415992,True,True
137701209,1.14200000,1070.60000000,157278109,157278111,1782868368419690,False,True
137701210,1.14200000,639.60000000,157278112,157278112,1782868368424269,False,True
137701211,1.14190000,2325.10000000,157278113,157278113,1782868368426830,True,True
137701212,1.14190000,1685.40000000,157278114,157278114,1782868368429206,True,True
137701213,1.14200000,1685.60000000,157278115,157278115,1782868368430150,False,True
137701214,1.14210000,639.50000000,157278116,157278120,1782868368430150,False,True
137701215,1.14210000,1685.40000000,157278121,157278121,1782868368431674,False,True
137701216,1.14190000,2619.00000000,157278122,157278123,1782868368435967,True,True
137701217,1.14210000,2619.00000000,157278124,157278124,1782868368438414,False,True
137701218,1.14190000,218.40000000,157278125,157278127,1782868368443365,True,True
137701219,1.14180000,2400.60000000,157278128,157278128,1782868368443365,True,True
137701220,1.14180000,5579.20000000,157278129,157278129,1782868368445277,True,True
137701221,1.14200000,2619.00000000,157278130,157278130,1782868368446428,False,True
137701222,1.14200000,3868.00000000,157278131,157278131,1782868368447253,False,True
137701223,1.14210000,6247.90000000,157278132,157278136,1782868368447253,False,True
137701224,1.14220000,2110.00000000,157278137,157278137,1782868368447253,False,True
137701225,1.14190000,1700.00000000,157278138,157278139,1782868368448432,True,True
137701226,1.14180000,10566.10000000,157278140,157278140,1782868368448432,True,True
137701227,1.14190000,1335.10000000,157278141,157278141,1782868368449034,True,True
137701228,1.14190000,1517.90000000,157278142,157278142,1782868368453862,True,True
137701229,1.14190000,512.70000000,157278143,157278143,1782868368455763,True,True
137701230,1.14190000,49.20000000,157278144,157278144,1782868368461164,True,True
137701231,1.14190000,1341.70000000,157278145,157278145,1782868368461382,True,True
137701232,1.14190000,639.60000000,157278146,157278146,1782868368461399,True,True
137701233,1.14200000,639.60000000,157278147,157278147,1782868368463959,False,True
137701234,1.14200000,49.20000000,157278148,157278148,1782868368464079,False,True
137701235,1.14190000,2030.60000000,157278149,157278149,1782868368466536,True,True
137701236,1.14190000,2030.60000000,157278150,157278151,1782868368471407,True,True
137701237,1.14190000,2030.60000000,157278152,157278152,1782868368476032,True,True
137701238,1.14190000,332.10000000,157278153,157278153,1782868368483290,True,True
137701239,1.14180000,2206.20000000,157278154,157278154,1782868368483290,True,True
137701240,1.14180000,6589.60000000,157278155,157278155,1782868368485567,True,True
137701241,1.14180000,1533.10000000,157278156,157278156,1782868368485587,True,True
137701242,1.14190000,434.20000000,157278157,157278157,1782868368490145,False,True
137701243,1.14200000,5636.40000000,157278158,157278160,1782868368490145,False,True
137701244,1.14180000,6092.10000000,157278161,157278161,1782868368491442,True,True
137701245,1.14190000,1600.00000000,157278162,157278162,1782868368497526,True,True
137701246,1.14180000,430.10000000,157278163,157278163,1782868368497526,True,True
137701247,1.14180000,1979.40000000,157278164,157278164,1782868368500267,True,True
137701248,1.14180000,2621.10000000,157278165,157278166,1782868368500692,True,True
137701249,1.14200000,2619.10000000,157278167,157278167,1782868368502026,False,True
137701250,1.14200000,2621.10000000,157278168,157278168,1782868368502311,False,True
137701251,1.14190000,1501.60000000,157278169,157278169,1782868368505572,True,True
137701252,1.14200000,285.00000000,157278170,157278171,1782868368511593,False,True
137701253,1.14210000,354.60000000,157278172,157278172,1782868368511593,False,True
137701254,1.14190000,284.70000000,157278173,157278173,1782868368516555,True,True
137701255,1.14200000,284.70000000,157278174,157278174,1782868368519307,False,True
137701256,1.14190000,244.10000000,157278175,157278175,1782868368520816,True,True
137701257,1.14200000,244.10000000,157278176,157278176,1782868368523479,False,True
137701258,1.14190000,1314.80000000,157278177,157278178,1782868368524841,True,True
137701259,1.14200000,1314.80000000,157278179,157278180,1782868368527532,False,True
137701260,1.14190000,715.80000000,157278181,157278181,1782868368528188,True,True
137701261,1.14200000,715.80000000,157278182,157278182,1782868368531205,False,True
137701262,1.14190000,100.00000000,157278183,157278183,1782868368534005,True,True
137701263,1.14180000,1391.50000000,157278184,157278184,1782868368534005,True,True
137701264,1.14200000,1491.50000000,157278185,157278185,1782868368537116,False,True
137701265,1.14180000,539.10000000,157278186,157278186,1782868368539246,True,True
137701266,1.14200000,539.10000000,157278187,157278187,1782868368541928,False,True
137701267,1.14180000,1491.50000000,157278188,157278188,1782868368543284,True,True
137701268,1.14200000,1491.50000000,157278189,157278190,1782868368546528,False,True
