16806896,0.01284000,429.00000000,27151024,27151024,1782864020565481,True,True
16806897,0.01283000,8979.00000000,27151025,27151026,1782864020814805,True,True
16806898,0.01282000,13934.00000000,27151027,27151031,1782864020814805,True,True
16806899,0.01282000,16120.00000000,27151032,27151033,1782864021507066,False,True
16806900,0.01283000,1253.00000000,27151034,27151034,1782864021507066,False,True
16806901,0.01283000,16120.00000000,27151035,27151036,1782864024045289,False,True
16806902,0.01284000,1208.00000000,27151037,27151038,1782864044161098,False,True
16806903,0.01284000,27177.00000000,27151039,27151040,1782864072085093,True,True
16806904,0.01282000,14612.00000000,27151041,27151043,1782864099038443,True,True
16806905,0.01283000,6350.00000000,27151044,27151044,1782864119643240,False,True
16806906,0.01283000,8993.00000000,27151045,27151045,1782864121759318,False,True
16806907,0.01283000,9241.00000000,27151046,27151046,1782864129227043,True,True
16806908,0.01282000,1000.00000000,27151047,27151047,1782864134103683,True,True
16806909,0.01281000,1430.00000000,27151048,27151049,1782864135249320,True,True
16806910,0.01280000,1430.00000000,27151050,27151051,1782864144141211,True,True
16806911,0.01280000,7865.00000000,27151052,27151052,1782864144795267,False,True
16806912,0.01279000,649.00000000,27151053,27151054,1782864160856766,True,True
16806913,0.01279000,782.00000000,27151055,27151055,1782864180568139,True,True
16806914,0.01279000,8542.00000000,27151056,27151057,1782864182635472,False,True
16806915,0.01279000,19163.00000000,27151058,27151059,1782864186285606,True,True
16806916,0.01278000,1431.00000000,27151060,27151061,1782864207619332,True,True
16806917,0.01278000,858.00000000,27151062,27151062,1782864208333651,False,True
16806918,0.01278000,429.00000000,27151063,27151063,1782864294855813,False,True
16806919,0.01279000,5251.00000000,27151064,27151065,1782864328214876,False,True
16806920,0.01280000,2060.00000000,27151066,27151068,1782864328382025,False,True
16806921,0.01279000,2406.00000000,27151069,27151070,1782864332411775,True,True
16806922,0.01280000,1000.00000000,27151071,27151071,1782864343967933,True,True
16806923,0.01279000,4909.00000000,27151072,27151073,1782864360025141,True,True
16806924,0.01279000,7502.00000000,27151074,27151074,1782864360097259,True,True
16806925,0.01279000,1000.00000000,27151075,27151075,1782864360168537,True,True
16806926,0.01279000,8546.00000000,27151076,27151077,1782864360846358,False,True
16806927,0.01278000,1431.00000000,27151078,27151079,1782864366549678,True,True
16806928,0.01277000,1431.00000000,27151080,27151081,1782864374389592,True,True
16806929,0.01277000,1000.00000000,27151082,27151082,1782864406790428,True,True
16806930,0.01277000,4059.00000000,27151083,27151084,1782864436347174,False,True
16806931,0.01278000,783.00000000,27151085,27151085,1782864441712068,False,True
16806932,0.01279000,1214.00000000,27151086,27151087,1782864491846659,False,True
16806933,0.01280000,10017.00000000,27151088,27151091,1782864491853900,False,True
16806934,0.01280000,5700.00000000,27151092,27151092,1782864491870965,False,True
16806935,0.01281000,15665.00000000,27151093,27151096,1782864491870965,False,True
16806936,0.01280000,38600.00000000,27151097,27151099,1782864510144014,True,True
16806937,0.01279000,1000.00000000,27151100,27151100,1782864510155996,True,True
16806938,0.01278000,1431.00000000,27151101,27151102,1782864541749094,True,True
16806939,0.01277000,9981.00000000,27151103,27151105,1782864562217081,True,True
16806940,0.01277000,12840.00000000,27151106,27151106,1782864562936494,False,True
16806941,0.01277000,1000.00000000,27151107,27151107,1782864571344053,True,True
16806942,0.01276000,1432.00000000,27151108,27151109,1782864580761108,True,True
16806943,0.01276000,1148.00000000,27151110,27151110,1782864581423897,False,True
16806944,0.01276000,15343.00000000,27151111,27151111,1782864649058114,False,True
16806945,0.01277000,784.00000000,27151112,27151112,1782864694533861,False,True
16806946,0.01278000,2279.00000000,27151113,27151115,1782864694535070,False,True
16806947,0.01278000,5398.00000000,27151116,27151117,1782864711912947,True,True
16806948,0.01278000,7782.00000000,27151118,27151118,1782864712480740,False,True
16806949,0.01278000,1000.00000000,27151119,27151119,1782864719678226,True,True
16806950,0.01277000,1000.00000000,27151120,27151120,1782864719690689,True,True
16806951,0.01276000,1432.00000000,27151121,27151122,1782864893582895,True,True
16806952,0.01275000,9091.00000000,27151123,27151126,1782864954763221,True,True
16806953,0.01275000,8550.00000000,27151127,27151127,1782864954846126,False,True
16806954,0.01277000,1431.00000000,27151128,27151129,1782865071951614,False,True
16806955,0.01278000,6781.00000000,27151130,27151131,1782865071952886,False,True
16806956,0.01277000,8231.00000000,27151132,27151135,1782865150577457,True,True
16806957,0.01277000,2438.00000000,27151136,27151136,1782865150577953,True,True
16806958,0.01276000,3186.00000000,27151137,27151138,1782865156793456,True,True
16806959,0.01276000,18835.00000000,27151139,27151143,1782865156793618,True,True
16806960,0.01275000,544.00000000,27151144,27151144,1782865156796813,True,True
16806961,0.01275000,4492.00000000,27151145,27151145,1782865156798167,True,True
16806962,0.01275000,1877.00000000,27151146,27151146,1782865156798292,True,True
16806963,0.01276000,8570.00000000,27151147,27151148,1782865174136960,False,True
16806964,0.01276000,12855.00000000,27151149,27151149,1782865175503922,False,True
16806965,0.01277000,4537.00000000,27151150,27151151,1782865271278688,True,True
16806966,0.01277000,1000.00000000,27151152,27151152,1782865274910223,True,True
16806967,0.01276000,5880.00000000,27151153,27151153,1782865292249776,True,True
16806968,0.01276000,1000.00000000,27151154,27151154,1782865292264366,True,True
16806969,0.01275000,1280.00000000,27151155,27151156,1782865292264649,True,True
16806970,0.01275000,774.00000000,27151157,27151157,1782865496902245,True,True
16806971,0.01275000,5329.00000000,27151158,27151160,1782865539997490,True,True
16806972,0.01275000,3020.00000000,27151161,27151161,1782865549281634,False,True
16806973,0.01276000,13881.00000000,27151162,27151163,1782865655410133,False,True
16806974,0.01276000,5294.00000000,27151164,27151165,1782865655989920,True,True
16806975,0.01276000,9811.00000000,27151166,27151166,1782865684124416,False,True
16806976,0.01277000,5885.00000000,27151167,27151168,1782865721184399,False,True
16806977,0.01277000,783.00000000,27151169,27151169,1782865721187537,False,True
16806978,0.01277000,3993.00000000,27151170,27151170,1782865732755108,False,True
16806979,0.01278000,12790.00000000,27151171,27151172,1782865852630327,False,True
16806980,0.01279000,13161.00000000,27151173,27151174,1782865864192460,False,True
16806981,0.01280000,9752.00000000,27151175,27151176,1782865871168465,False,True
16806982,0.01280000,1000.00000000,27151177,27151177,1782865873505460,True,True
16806983,0.01279000,5364.00000000,27151178,27151179,1782865916902443,True,True
16806984,0.01279000,2984.00000000,27151180,27151180,1782865953023329,False,True
16806985,0.01279000,2214.00000000,27151181,27151181,1782865953023454,False,True
16806986,0.01279000,17260.00000000,27151182,27151183,1782865953023595,False,True
16806987,0.01280000,22347.00000000,27151184,27151186,1782865968268515,False,True
16806988,0.01281000,10402.00000000,27151187,27151189,1782865968268515,False,True
16806989,0.01281000,12990.00000000,27151190,27151192,1782865968268955,False,True
16806990,0.01282000,15330.00000000,27151193,27151195,1782865968269581,False,True
16806991,0.01281000,4601.00000000,27151196,27151196,1782865968272071,True,True
16806992,0.01281000,3949.00000000,27151197,27151197,1782865968272241,True,True
16806993,0.01280000,652.00000000,27151198,27151198,1782865968272241,True,True
16806994,0.01281000,3206.00000000,27151199,27151199,1782865968279819,False,True
16806995,0.01281000,1000.00000000,27151200,27151200,1782865968356712,True,True
16806996,0.01281000,14822.00000000,27151201,27151202,1782865980653835,False,True
16806997,0.01280000,7350.00000000,27151203,27151204,1782866046715426,True,True
16806998,0.01279000,7781.00000000,27151205,27151207,1782866129069075,True,True
16806999,0.01278000,2212.00000000,27151208,27151210,1782866129161593,True,True
16807000,0.01277000,13691.00000000,27151211,27151212,1782866129161593,True,True
16807001,0.01277000,134124.00000000,27151213,27151215,1782866129162590,True,True
16807002,0.01276000,8982.00000000,27151216,27151217,1782866129163932,True,True
16807003,0.01276000,848.00000000,27151218,27151218,1782866129165076,True,True
16807004,0.01275000,8982.00000000,27151219,27151220,1782866129166910,True,True
16807005,0.01275000,11234.00000000,27151221,27151221,1782866129207188,False,True
16807006,0.01274000,2216.00000000,27151222,27151224,1782866139250882,True,True
16807007,0.01274000,30515.00000000,27151225,27151226,1782866142005925,False,True
16807008,0.01274000,1000.00000000,27151227,27151227,1782866148258817,True,True
16807009,0.01275000,6810.00000000,27151228,27151228,1782866186126314,False,True
16807010,0.01275000,4251.00000000,27151229,27151229,1782866186277109,False,True
16807011,0.01275000,821.00000000,27151230,27151230,1782866200918554,True,True
16807012,0.01276000,9748.00000000,27151231,27151232,1782866231963926,False,True
16807013,0.01276000,821.00000000,27151233,27151233,1782866233726507,True,True
16807014,0.01276000,963.00000000,27151234,27151235,1782866233726799,True,True
16807015,0.01275000,835.00000000,27151236,27151236,1782866233730194,True,True
16807016,0.01275000,1763.00000000,27151237,27151237,1782866307059637,True,True
16807017,0.01275000,1000.00000000,27151238,27151238,1782866327813549,True,True
16807018,0.01274000,9153.00000000,27151239,27151241,1782866366715253,True,True
16807019,0.01273000,1433.00000000,27151242,27151243,1782866367011309,True,True
16807020,0.01273000,5000.00000000,27151244,27151244,1782866368055620,False,True
16807021,0.01272000,1433.00000000,27151245,27151246,1782866563730901,True,True
16807022,0.01272000,786.00000000,27151247,27151247,1782866563884852,False,True
16807023,0.01273000,57729.00000000,27151248,27151253,1782866563886462,False,True
16807024,0.01273000,1000.00000000,27151254,27151254,1782866584417674,True,True
16807025,0.01273000,4049.00000000,27151255,27151256,1782866634838238,False,True
16807026,0.01273000,8993.00000000,27151257,27151257,1782866634838342,False,True
16807027,0.01274000,14708.00000000,27151258,27151260,1782866742297180,False,True
16807028,0.01275000,6838.00000000,27151261,27151262,1782866808937728,False,True
16807029,0.01275000,8542.00000000,27151263,27151263,1782866809013605,False,True
16807030,0.01275000,4924.00000000,27151264,27151265,1782866929928058,True,True
16807031,0.01274000,14581.00000000,27151266,27151267,1782867072375631,True,True
16807032,0.01273000,3735.00000000,27151268,27151269,1782867072390594,True,True
16807033,0.01273000,777.00000000,27151270,27151270,1782867072393496,True,True
16807034,0.01274000,14348.00000000,27151271,27151273,1782867110969897,False,True
16807035,0.01275000,18520.00000000,27151274,27151276,1782867164079552,False,True
16807036,0.01276000,14404.00000000,27151277,27151279,1782867330908599,False,True
16807037,0.01276000,3225.00000000,27151280,27151281,1782867331302680,True,True
16807038,0.01276000,11284.00000000,27151282,27151282,1782867360638661,False,True
16807039,0.01277000,14153.00000000,27151283,27151284,1782867508477297,False,True
16807040,0.01277000,1000.00000000,27151285,27151285,1782867541581201,True,True
16807041,0.01277000,13779.00000000,27151286,27151287,1782867607482473,False,True
16807042,0.01278000,2702.00000000,27151288,27151288,1782867607485177,False,True
16807043,0.01278000,3921.00000000,27151289,27151290,1782867610338080,False,True
16807044,0.01278000,3921.00000000,27151291,27151291,1782867610338555,False,True
16807045,0.01277000,9550.00000000,27151292,27151293,1782867612900378,True,True
16807046,0.01276000,1000.00000000,27151294,27151294,1782867622161186,True,True
16807047,0.01275000,9280.00000000,27151295,27151298,1782867677913916,True,True
16807048,0.01274000,9775.00000000,27151299,27151301,1782867677916082,True,True
16807049,0.01274000,9802.00000000,27151302,27151302,1782867720439915,False,True
16807050,0.01274000,1000.00000000,27151303,27151303,1782867745269414,True,True
16807051,0.01274000,11799.00000000,27151304,27151304,1782867753222651,False,True
16807052,0.01274000,9902.00000000,27151305,27151307,1782867841393193,True,True
16807053,0.01274000,21627.00000000,27151308,27151308,1782867841394654,True,True
16807054,0.01274000,8717.00000000,27151309,27151309,1782867841395404,True,True
16807055,0.01274000,972.00000000,27151310,27151310,1782867915703006,True,True
16807056,0.01274000,28.00000000,27151311,27151311,1782867915704123,True,True
16807057,0.01274000,14610.00000000,27151312,27151314,1782867955987622,False,True
16807058,0.01275000,30829.00000000,27151315,27151316,1782867960157518,False,True
16807059,0.01275000,3930.00000000,27151317,27151317,1782867960159058,False,True
16807060,0.01275000,3930.00000000,27151318,27151318,1782867960161653,False,True
16807061,0.01275000,1870.00000000,27151319,27151320,1782868018192238,True,True
16807062,0.01275000,6978.00000000,27151321,27151322,1782868018192285,True,True
16807063,0.01274000,14553.00000000,27151323,27151324,1782868018196570,True,True
16807064,0.01274000,8854.00000000,27151325,27151327,1782868018198555,True,True
16807065,0.01273000,5056.00000000,27151328,27151330,1782868018199144,True,True
16807066,0.01272000,1868.00000000,27151331,27151331,1782868018199144,True,True
16807067,0.01273000,3927.00000000,27151332,27151332,1782868018202340,True,True
16807068,0.01274000,9305.00000000,27151333,27151334,1782868019071531,False,True
16807069,0.01274000,1000.00000000,27151335,27151335,1782868023319588,True,True
16807070,0.01274000,14445.00000000,27151336,27151337,1782868033945348,False,True
16807071,0.01274000,20481.00000000,27151338,27151339,1782868215842315,True,True
16807072,0.01273000,7350.00000000,27151340,27151341,1782868228043406,True,True
16807073,0.01273000,15343.00000000,27151342,27151342,1782868228388872,False,True
16807074,0.01273000,1000.00000000,27151343,27151343,1782868239181918,True,True
16807075,0.01273000,17870.00000000,27151344,27151345,1782868240151882,False,True
16807076,0.01273000,17658.00000000,27151346,27151347,1782868256060893,True,True
16807077,0.01273000,868.00000000,27151348,27151348,1782868256061204,True,True
16807078,0.01273000,6498.00000000,27151349,27151349,1782868256061277,True,True
16807079,0.01273000,9358.00000000,27151350,27151351,1782868268859513,False,True
16807080,0.01273000,891.00000000,27151352,27151352,1782868268859782,False,True
16807081,0.01274000,11440.00000000,27151353,27151353,1782868285423438,False,True
16807082,0.01275000,11614.00000000,27151354,27151355,1782868289500175,False,True
16807083,0.01275000,959.00000000,27151356,27151356,1782868289501237,False,True
16807084,0.01275000,8019.00000000,27151357,27151357,1782868298826182,False,True
16807085,0.01275000,784.00000000,27151358,27151358,1782868298828953,False,True
16807086,0.01275000,4212.00000000,27151359,27151359,1782868299394388,False,True
16807087,0.01276000,5530.00000000,27151360,27151361,1782868315695145,False,True
16807088,0.01276000,1330.00000000,27151362,27151362,1782868315738960,False,True
16807089,0.01276000,6453.00000000,27151363,27151363,1782868319219091,False,True
16807090,0.01276000,1000.00000000,27151364,27151364,1782868344503101,True,True
16807091,0.01275000,9550.00000000,27151365,27151366,1782868344554114,True,True
16807092,0.01274000,1432.00000000,27151367,27151368,1782868364943464,True,True
16807093,0.01273000,9776.00000000,27151369,27151371,1782868364976251,True,True
16807094,0.01273000,1000.00000000,27151372,27151372,1782868365118529,True,True
16807095,0.01273000,5002.00000000,27151373,27151374,1782868365224785,True,True
16807096,0.01272000,42553.00000000,27151375,27151379,1782868365391009,True,True
16807097,0.01271000,518.00000000,27151380,27151380,1782868366089526,True,True
16807098,0.01271000,482.00000000,27151381,27151381,1782868366092011,True,True
16807099,0.01270000,7784.00000000,27151382,27151384,1782868366290083,True,True
16807100,0.01270000,1000.00000000,27151385,27151385,1782868368556646,True,True
16807101,0.01269000,2329.00000000,27151386,27151388,1782868372679477,True,True
16807102,0.01269000,1329.00000000,27151389,27151389,1782868373141640,True,True
16807103,0.01269000,9550.00000000,27151390,27151391,1782868373307529,True,True
16807104,0.01268000,6957.00000000,27151392,27151394,1782868375821010,True,True
16807105,0.01268000,26099.00000000,27151395,27151396,1782868375823365,True,True
16807106,0.01267000,1435.00000000,27151397,27151398,1782868379012592,True,True
16807107,0.01266000,1435.00000000,27151399,27151400,1782868379246021,True,True
16807108,0.01266000,7137.00000000,27151401,27151402,1782868379856769,False,True
16807109,0.01267000,1000.00000000,27151403,27151403,1782868381559804,True,True
16807110,0.01266000,65147.00000000,27151404,27151407,1782868382652755,True,True
16807111,0.01265000,1435.00000000,27151408,27151409,1782868382728187,True,True
16807112,0.01265000,1000.00000000,27151410,27151410,1782868382738549,True,True
16807113,0.01264000,1531.00000000,27151411,27151413,1782868382754866,True,True
16807114,0.01265000,1000.00000000,27151414,27151414,1782868384406454,True,True
16807115,0.01265000,15148.00000000,27151415,27151416,1782868385325215,False,True
16807116,0.01265000,32620.00000000,27151417,27151418,1782868388372053,True,True
16807117,0.01264000,793.00000000,27151419,27151419,1782868388372222,True,True
16807118,0.01264000,6973.00000000,27151420,27151420,1782868388373646,True,True
16807119,0.01264000,1577.00000000,27151421,27151421,1782868388397744,True,True
16807120,0.01264000,1000.00000000,27151422,27151422,1782868389608181,True,True
16807121,0.01263000,33106.00000000,27151423,27151425,1782868389684555,True,True
16807122,0.01262000,521.00000000,27151426,27151427,1782868389844708,True,True
16807123,0.01262000,916.00000000,27151428,27151428,1782868389845193,True,True
16807124,0.01262000,789.00000000,27151429,27151429,1782868390071361,False,True
16807125,0.01262000,6350.00000000,27151430,27151430,1782868390505515,True,True
16807126,0.01261000,437.00000000,27151431,27151431,1782868390587760,True,True
16807127,0.01262000,9343.00000000,27151432,27151433,1782868390956891,False,True
16807128,0.01263000,21002.00000000,27151434,27151436,1782868390956891,False,True
16807129,0.01264000,1426.00000000,27151437,27151437,1782868390956891,False,True
16807130,0.01262000,1000.00000000,27151438,27151438,1782868391295869,True,True
16807131,0.01261000,6350.00000000,27151439,27151439,1782868391295991,True,True
16807132,0.01261000,7001.00000000,27151440,27151440,1782868391303840,True,True
16807133,0.01261000,1000.00000000,27151441,27151441,1782868393686334,True,True
16807134,0.01260000,9661.00000000,27151442,27151443,1782868393793184,True,True
16807135,0.01260000,6776.00000000,27151444,27151445,1782868393794607,True,True
16807136,0.01259000,1437.00000000,27151446,27151447,1782868394353966,True,True
16807137,0.01259000,20072.00000000,27151448,27151449,1782868395695286,False,True
16807138,0.01260000,7933.00000000,27151450,27151452,1782868396761507,False,True
16807139,0.01259000,1000.00000000,27151453,27151453,1782868398141494,True,True
16807140,0.01258000,8596.00000000,27151454,27151456,1782868398141574,True,True
16807141,0.01258000,7013.00000000,27151457,27151457,1782868398149299,True,True
16807142,0.01258000,25783.00000000,27151458,27151459,1782868398154038,True,True
16807143,0.01257000,2135.00000000,27151460,27151462,1782868398181119,True,True
16807144,0.01257000,1000.00000000,27151463,27151464,1782868398381269,True,True
16807145,0.01257000,2946.00000000,27151465,27151465,1782868398681679,True,True
16807146,0.01258000,1000.00000000,27151466,27151466,1782868401021395,True,True
16807147,0.01257000,2371.00000000,27151467,27151468,1782868401439995,True,True
16807148,0.01256000,1413.00000000,27151469,27151470,1782868401588826,True,True
16807149,0.01256000,25.00000000,27151471,27151471,1782868401591382,True,True
16807150,0.01257000,1000.00000000,27151472,27151472,1782868403679499,True,True
16807151,0.01256000,54457.00000000,27151473,27151477,1782868403683330,True,True
16807152,0.01256000,1000.00000000,27151478,27151478,1782868403688204,True,True
16807153,0.01255000,7550.00000000,27151479,27151480,1782868403688937,True,True
16807154,0.01255000,1000.00000000,27151481,27151481,1782868405378294,True,True
16807155,0.01254000,784.00000000,27151482,27151483,1782868410008807,True,True
16807156,0.01254000,655.00000000,27151484,27151484,1782868410014081,True,True
16807157,0.01254000,12470.00000000,27151485,27151485,1782868412109499,False,True
16807158,0.01254000,797.00000000,27151486,27151486,1782868412112031,False,True
16807159,0.01254000,669.00000000,27151487,27151487,1782868412116331,False,True
16807160,0.01253000,55916.00000000,27151488,27151493,1782868412129051,True,True
16807161,0.01253000,1000.00000000,27151494,27151494,1782868412136108,True,True
16807162,0.01253000,1000.00000000,27151495,27151495,1782868413669203,True,True
16807163,0.01253000,795.00000000,27151496,27151496,1782868414347324,False,True
16807164,0.01252000,1440.00000000,27151497,27151498,1782868415360277,True,True
16807165,0.01252000,13484.00000000,27151499,27151499,1782868416385950,False,True
16807166,0.01253000,9789.00000000,27151500,27151500,1782868417418880,False,True
16807167,0.01254000,1529.00000000,27151501,27151503,1782868417992782,False,True
16807168,0.01254000,1000.00000000,27151504,27151504,1782868418781591,True,True
16807169,0.01254000,796.00000000,27151505,27151505,1782868420906263,False,True
16807170,0.01254000,1000.00000000,27151506,27151506,1782868422129929,True,True
16807171,0.01255000,36884.00000000,27151507,27151509,1782868427635315,False,True
16807172,0.01256000,12370.00000000,27151510,27151511,1782868429534460,False,True
16807173,0.01257000,17109.00000000,27151512,27151514,1782868437025780,False,True
16807174,0.01258000,10908.00000000,27151515,27151517,1782868437039016,False,True
16807175,0.01259000,2230.00000000,27151518,27151520,1782868437040287,False,True
16807176,0.01259000,1000.00000000,27151521,27151521,1782868437044992,False,True
16807177,0.01260000,437.00000000,27151522,27151522,1782868437044992,False,True
16807178,0.01261000,7653.00000000,27151523,27151525,1782868437045101,False,True
16807179,0.01260000,6350.00000000,27151526,27151526,1782868437049968,False,True
16807180,0.01261000,19020.00000000,27151527,27151528,1782868437051149,False,True
16807181,0.01262000,12585.00000000,27151529,27151530,1782868437051149,False,True
16807182,0.01262000,24194.00000000,27151531,27151536,1782868437068569,False,True
16807183,0.01262000,7341.00000000,27151537,27151538,1782868437077653,False,True
16807184,0.01260000,8550.00000000,27151539,27151539,1782868437077663,True,True
16807185,0.01261000,792.00000000,27151540,27151540,1782868437100109,True,True
16807186,0.01262000,12678.00000000,27151541,27151542,1782868437125291,False,True
16807187,0.01263000,19169.00000000,27151543,27151545,1782868437125291,False,True
16807188,0.01262000,792.00000000,27151546,27151546,1782868437130996,True,True
16807189,0.01262000,10140.00000000,27151547,27151548,1782868437148967,True,True
16807190,0.01264000,436.00000000,27151549,27151549,1782868438534476,False,True
16807191,0.01265000,11391.00000000,27151550,27151552,1782868441346706,False,True
16807192,0.01265000,15255.00000000,27151553,27151555,1782868441399024,True,True
16807193,0.01264000,16488.00000000,27151556,27151558,1782868441402285,True,True
16807194,0.01264000,6257.00000000,27151559,27151559,1782868441403896,True,True
16807195,0.01264000,16043.00000000,27151560,27151560,1782868441404126,True,True
16807196,0.01264000,8911.00000000,27151561,27151562,1782868441405438,True,True
16807197,0.01265000,7905.00000000,27151563,27151563,1782868442119502,True,True
16807198,0.01265000,17455.00000000,27151564,27151566,1782868443180358,True,True
16807199,0.01264000,19990.00000000,27151567,27151570,1782868443180358,True,True
16807200,0.01263000,32923.00000000,27151571,27151575,1782868443180358,True,True
16807201,0.01262000,117423.00000000,27151576,27151579,1782868443180358,True,True
16807202,0.01264000,14900.00000000,27151580,27151581,1782868443186406,True,True
16807203,0.01263000,4014.00000000,27151582,27151582,1782868447355588,True,True
16807204,0.01263000,3514.00000000,27151583,27151583,1782868447356997,True,True
16807205,0.01263000,1389.00000000,27151584,27151585,1782868447357204,True,True
16807206,0.01262000,2083.00000000,27151586,27151588,1782868451507960,True,True
16807207,0.01262000,15661.00000000,27151589,27151590,1782868452668280,False,True
16807208,0.01262000,1000.00000000,27151591,27151591,1782868453925237,True,True
16807209,0.01262000,16968.00000000,27151592,27151593,1782868456498170,False,True
16807210,0.01263000,2382.00000000,27151594,27151594,1782868456502084,False,True
16807211,0.01263000,2919.00000000,27151595,27151595,1782868458250556,False,True
16807212,0.01263000,8611.00000000,27151596,27151597,1782868458440800,False,True
16807213,0.01263000,1000.00000000,27151598,27151598,1782868458956175,True,True
16807214,0.01263000,1030.00000000,27151599,27151599,1782868460447777,False,True
16807215,0.01263000,23558.00000000,27151600,27151601,1782868460876257,False,True
16807216,0.01264000,1228.00000000,27151602,27151603,1782868460897017,False,True
16807217,0.01265000,2740.00000000,27151604,27151604,1782868460897017,False,True
16807218,0.01265000,3968.00000000,27151605,27151605,1782868460897459,False,True
16807219,0.01265000,2381.00000000,27151606,27151608,1782868460907379,False,True
16807220,0.01265000,2381.00000000,27151609,27151609,1782868460922608,False,True
16807221,0.01265000,1000.00000000,27151610,27151610,1782868462230209,True,True
16807222,0.01264000,1000.00000000,27151611,27151611,1782868465607306,True,True
16807223,0.01264000,1000.00000000,27151612,27151612,1782868473141623,True,True
16807224,0.01263000,1436.00000000,27151613,27151614,1782868473475707,True,True
16807225,0.01262000,1436.00000000,27151615,27151616,1782868484711358,True,True
16807226,0.01261000,9987.00000000,27151617,27151619,1782868486926669,True,True
16807227,0.01262000,24975.00000000,27151620,27151622,1782868490087020,False,True
16807228,0.01263000,9494.00000000,27151623,27151624,1782868491873453,False,True
16807229,0.01264000,27829.00000000,27151625,27151628,1782868500129033,False,True
16807230,0.01265000,1228.00000000,27151629,27151630,1782868500140687,False,True
16807231,0.01266000,2736.00000000,27151631,27151632,1782868500140687,False,True
16807232,0.01266000,3964.00000000,27151633,27151633,1782868500142063,False,True
16807233,0.01265000,8550.00000000,27151634,27151634,1782868500409130,True,True
16807234,0.01265000,1000.00000000,27151635,27151635,1782868502208637,True,True
16807235,0.01265000,38772.00000000,27151636,27151638,1782868506825196,False,True
16807236,0.01266000,9638.00000000,27151639,27151639,1782868507653137,False,True
16807237,0.01267000,2089.00000000,27151640,27151642,1782868507653169,False,True
16807238,0.01268000,434.00000000,27151643,27151643,1782868509214431,False,True
16807239,0.01269000,1329.00000000,27151644,27151645,1782868510976362,False,True
16807240,0.01270000,872.00000000,27151646,27151647,1782868510980333,False,True
16807241,0.01270000,1146.00000000,27151648,27151649,1782868510983430,False,True
16807242,0.01270000,786.00000000,27151650,27151650,1782868511257532,True,True
16807243,0.01270000,8764.00000000,27151651,27151652,1782868511589063,True,True
16807244,0.01269000,1000.00000000,27151653,27151653,1782868514007940,True,True
16807245,0.01268000,6039.00000000,27151654,27151657,1782868514008584,True,True
16807246,0.01267000,36090.00000000,27151658,27151660,1782868514008824,True,True
16807247,0.01267000,1641.00000000,27151661,27151661,1782868514025753,True,True
16807248,0.01267000,2444.00000000,27151662,27151662,1782868519427241,False,True
16807249,0.01268000,6386.00000000,27151663,27151666,1782868520444139,False,True
16807250,0.01269000,6784.00000000,27151667,27151668,1782868520445906,False,True
16807251,0.01269000,793.00000000,27151669,27151669,1782868520447014,False,True
16807252,0.01270000,1434.00000000,27151670,27151671,1782868520448971,False,True
16807253,0.01271000,1222.00000000,27151672,27151673,1782868524191258,False,True
16807254,0.01272000,1226.00000000,27151674,27151675,1782868524198227,False,True
16807255,0.01273000,15025.00000000,27151676,27151678,1782868524198227,False,True
16807256,0.01274000,3878.00000000,27151679,27151680,1782868524199877,False,True
16807257,0.01274000,789.00000000,27151681,27151681,1782868525021780,False,True
16807258,0.01274000,7350.00000000,27151682,27151683,1782868527332933,True,True
16807259,0.01273000,1000.00000000,27151684,27151684,1782868531149599,True,True
16807260,0.01272000,1433.00000000,27151685,27151686,1782868532307618,True,True
16807261,0.01272000,6350.00000000,27151687,27151687,1782868532330656,False,True
16807262,0.01272000,7350.00000000,27151688,27151689,1782868534759129,True,True
16807263,0.01272000,7561.00000000,27151690,27151691,1782868541421716,False,True
16807264,0.01272000,2799.00000000,27151692,27151693,1782868549542163,True,True
16807265,0.01271000,9983.00000000,27151694,27151696,1782868551506099,True,True
16807266,0.01271000,2799.00000000,27151697,27151697,1782868553567866,False,True
16807267,0.01270000,1434.00000000,27151698,27151699,1782868568986339,True,True
16807268,0.01270000,2026.00000000,27151700,27151701,1782868574019312,False,True
16807269,0.01269000,6780.00000000,27151702,27151704,1782868590801665,True,True
16807270,0.01269000,2392.00000000,27151705,27151705,1782868590801872,True,True
16807271,0.01269000,37559.00000000,27151706,27151706,1782868590802940,True,True
16807272,0.01269000,71620.00000000,27151707,27151707,1782868593131221,True,True
16807273,0.01269000,38000.00000000,27151708,27151708,1782868593136080,True,True
16807274,0.01269000,38000.00000000,27151709,27151709,1782868593137449,True,True
16807275,0.01269000,12599.00000000,27151710,27151711,1782868593138248,True,True
16807276,0.01268000,6957.00000000,27151712,27151713,1782868593189822,True,True
16807277,0.01269000,515.00000000,27151714,27151714,1782868598904883,False,True
16807278,0.01269000,2053.00000000,27151715,27151716,1782868598905373,False,True
16807279,0.01270000,1793.00000000,27151717,27151718,1782868598905785,False,True
16807280,0.01271000,433.00000000,27151719,27151719,1782868598907217,False,True
16807281,0.01271000,793.00000000,27151720,27151720,1782868598907842,False,True
16807282,0.01270000,607.00000000,27151721,27151721,1782868608420834,True,True
16807283,0.01270000,1000.00000000,27151722,27151723,1782868608548133,True,True
16807284,0.01270000,10622.00000000,27151724,27151726,1782868625894343,False,True
16807285,0.01271000,12429.00000000,27151727,27151728,1782868625895154,False,True
16807286,0.01271000,1712.00000000,27151729,27151729,1782868625898326,False,True
16807287,0.01271000,783.00000000,27151730,27151730,1782868625900777,False,True
16807288,0.01271000,7350.00000000,27151731,27151732,1782868625956280,True,True
16807289,0.01271000,7350.00000000,27151733,27151734,1782868646025310,True,True
16807290,0.01270000,9131.00000000,27151735,27151737,1782868654228174,True,True
16807291,0.01270000,8918.00000000,27151738,27151740,1782868666174673,False,True
16807292,0.01271000,1000.00000000,27151741,27151741,1782868680735662,True,True
16807293,0.01271000,7137.00000000,27151742,27151743,1782868683747921,False,True
16807294,0.01271000,9131.00000000,27151744,27151746,1782868691908559,True,True
16807295,0.01271000,7136.00000000,27151747,27151748,1782868695757181,False,True
16807296,0.01271000,7350.00000000,27151749,27151750,1782868697530043,True,True
16807297,0.01271000,1553.00000000,27151751,27151751,1782868703296922,False,True
16807298,0.01271000,7364.00000000,27151752,27151754,1782868703634431,False,True
16807299,0.01271000,1000.00000000,27151755,27151755,1782868705271612,True,True
16807300,0.01272000,1220.00000000,27151756,27151757,1782868719959727,False,True
16807301,0.01272000,1000.00000000,27151758,27151758,1782868720402234,True,True
16807302,0.01273000,5848.00000000,27151759,27151760,1782868740932508,False,True
16807303,0.01273000,1000.00000000,27151761,27151761,1782868743466126,True,True
16807304,0.01274000,1217.00000000,27151762,27151763,1782868775263357,False,True
16807305,0.01275000,9419.00000000,27151764,27151766,1782868775289905,False,True
16807306,0.01276000,10775.00000000,27151767,27151770,1782868775289905,False,True
16807307,0.01276000,6350.00000000,27151771,27151778,1782868775293325,False,True
16807308,0.01276000,1193.00000000,27151779,27151780,1782868775294114,False,True
16807309,0.01276000,793.00000000,27151781,27151781,1782868775295340,False,True
16807310,0.01276000,7342.00000000,27151782,27151782,1782868775295636,False,True
16807311,0.01277000,431.00000000,27151783,27151783,1782868775578519,False,True
16807312,0.01278000,431.00000000,27151784,27151784,1782868776514654,False,True
16807313,0.01278000,2781.00000000,27151785,27151786,1782868783869733,True,True
16807314,0.01278000,783.00000000,27151787,27151787,1782868790426277,False,True
16807315,0.01278000,9550.00000000,27151788,27151789,1782868796470938,True,True
16807316,0.01277000,19925.00000000,27151790,27151793,1782868796470938,True,True
16807317,0.01276000,1432.00000000,27151794,27151795,1782868812702768,True,True
16807318,0.01276000,6350.00000000,27151796,27151796,1782868812714957,False,True
16807319,0.01277000,706.00000000,27151797,27151797,1782868812714957,False,True
16807320,0.01277000,31593.00000000,27151798,27151800,1782868812715145,False,True
16807321,0.01277000,793.00000000,27151801,27151801,1782868812717493,False,True
16807322,0.01277000,1781.00000000,27151802,27151802,1782868812718434,False,True
16807323,0.01278000,6781.00000000,27151803,27151804,1782868812719835,False,True
16807324,0.01278000,6220.00000000,27151805,27151805,1782868812721971,False,True
16807325,0.01279000,8981.00000000,27151806,27151807,1782868812758300,False,True
16807326,0.01279000,6350.00000000,27151808,27151808,1782868813212206,True,True
16807327,0.01278000,7827.00000000,27151809,27151810,1782868814061768,True,True
16807328,0.01279000,5428.00000000,27151811,27151811,1782868817049086,False,True
16807329,0.01279000,1000.00000000,27151812,27151812,1782868819379980,True,True
16807330,0.01280000,819.00000000,27151813,27151814,1782868840234369,False,True
16807331,0.01280000,392.00000000,27151815,27151815,1782868840236929,False,True
16807332,0.01280000,4914.00000000,27151816,27151817,1782868851230053,True,True
16807333,0.01280000,781.00000000,27151818,27151818,1782868864851145,False,True
16807334,0.01281000,3110.00000000,27151819,27151822,1782868864851145,False,True
16807335,0.01282000,430.00000000,27151823,27151823,1782868864902258,False,True
16807336,0.01283000,429.00000000,27151824,27151824,1782868864925854,False,True
16807337,0.01283000,1000.00000000,27151825,27151825,1782868898882859,True,True
16807338,0.01282000,6725.00000000,27151826,27151828,1782868899136596,True,True
16807339,0.01281000,1430.00000000,27151829,27151830,1782868901493957,True,True
16807340,0.01280000,1430.00000000,27151831,27151832,1782868905071252,True,True
16807341,0.01281000,8623.00000000,27151833,27151834,1782868909120425,False,True
16807342,0.01281000,720.00000000,27151835,27151835,1782868909171918,False,True
16807343,0.01281000,1000.00000000,27151836,27151836,1782868919015826,True,True
16807344,0.01281000,1000.00000000,27151837,27151837,1782868919093319,True,True
16807345,0.01280000,1000.00000000,27151838,27151838,1782868920577170,True,True
16807346,0.01281000,1000.00000000,27151839,27151839,1782868956072803,True,True
16807347,0.01281000,1000.00000000,27151840,27151840,1782868960523103,True,True
16807348,0.01282000,1210.00000000,27151841,27151842,1782868968287038,False,True
16807349,0.01283000,429.00000000,27151843,27151843,1782868971383796,False,True
16807350,0.01283000,1000.00000000,27151844,27151844,1782868976226635,True,True
16807351,0.01282000,1000.00000000,27151845,27151845,1782868978813303,True,True
16807352,0.01282000,2781.00000000,27151846,27151847,1782868981686896,True,True
16807353,0.01282000,1000.00000000,27151848,27151848,1782868981696195,True,True
16807354,0.01282000,1000.00000000,27151849,27151849,1782868992016034,True,True
16807355,0.01281000,1430.00000000,27151850,27151851,1782868994230398,True,True
16807356,0.01281000,1000.00000000,27151852,27151852,1782869005614478,True,True
16807357,0.01281000,7350.00000000,27151853,27151854,1782869010386360,True,True
16807358,0.01281000,780.00000000,27151855,27151855,1782869010854200,False,True
16807359,0.01282000,28934.00000000,27151856,27151862,1782869010884822,False,True
16807360,0.01282000,1781.00000000,27151863,27151863,1782869010920252,True,True
16807361,0.01281000,1000.00000000,27151864,27151864,1782869025319826,True,True
16807362,0.01281000,1000.00000000,27151865,27151865,1782869055927743,True,True
16807363,0.01281000,1000.00000000,27151866,27151866,1782869055937009,True,True
16807364,0.01281000,1000.00000000,27151867,27151867,1782869055949007,True,True
16807365,0.01281000,38950.00000000,27151868,27151870,1782869074913987,False,True
16807366,0.01281000,2256.00000000,27151871,27151871,1782869074915171,False,True
16807367,0.01282000,1572.00000000,27151872,27151873,1782869074940119,False,True
16807368,0.01282000,7350.00000000,27151874,27151875,1782869087465561,True,True
16807369,0.01281000,1000.00000000,27151876,27151876,1782869089153217,True,True
16807370,0.01283000,429.00000000,27151877,27151877,1782869107517736,False,True
16807371,0.01283000,1000.00000000,27151878,27151878,1782869109786690,True,True
16807372,0.01283000,868.00000000,27151879,27151879,1782869113707602,False,True
16807373,0.01282000,1000.00000000,27151880,27151880,1782869122355019,True,True
16807374,0.01281000,6276.00000000,27151881,27151885,1782869124070637,True,True
16807375,0.01281000,780.00000000,27151886,27151886,1782869124072655,True,True
16807376,0.01281000,397.00000000,27151887,27151887,1782869124072779,True,True
16807377,0.01281000,6350.00000000,27151888,27151888,1782869124118074,False,True
16807378,0.01282000,7922.00000000,27151889,27151891,1782869124118138,False,True
16807379,0.01283000,1208.00000000,27151892,27151893,1782869149220543,False,True
16807380,0.01283000,9833.00000000,27151894,27151896,1782869159161782,True,True
16807381,0.01283000,10331.00000000,27151897,27151898,1782869159166075,False,True
16807382,0.01283000,7350.00000000,27151899,27151900,1782869167962856,True,True
16807383,0.01284000,1208.00000000,27151901,27151902,1782869184168479,False,True
16807384,0.01285000,5492.00000000,27151903,27151906,1782869184168488,False,True
16807385,0.01286000,11942.00000000,27151907,27151910,1782869184170787,False,True
16807386,0.01286000,696.00000000,27151911,27151911,1782869184482514,True,True
16807387,0.01286000,2085.00000000,27151912,27151913,1782869184483889,True,True
16807388,0.01285000,1000.00000000,27151914,27151914,1782869185114091,True,True
16807389,0.01284000,7783.00000000,27151915,27151915,1782869185826627,True,True
16807390,0.01287000,2221.00000000,27151916,27151918,1782869214562065,False,True
16807391,0.01288000,865.00000000,27151919,27151920,1782869214591498,False,True
16807392,0.01287000,1000.00000000,27151921,27151921,1782869214640574,True,True
16807393,0.01287000,1000.00000000,27151922,27151922,1782869214645999,True,True
16807394,0.01287000,7779.00000000,27151923,27151923,1782869215634763,True,True
16807395,0.01287000,1000.00000000,27151924,27151924,1782869215635909,True,True
16807396,0.01286000,1000.00000000,27151925,27151925,1782869221195101,True,True
16807397,0.01285000,6834.00000000,27151926,27151929,1782869237186673,True,True
16807398,0.01284000,6241.00000000,27151930,27151933,1782869251994091,True,True
16807399,0.01284000,11558.00000000,27151934,27151936,1782869253546065,True,True
16807400,0.01284000,1778.00000000,27151937,27151938,1782869264408801,True,True
16807401,0.01285000,1000.00000000,27151939,27151939,1782869288419577,True,True
16807402,0.01285000,1000.00000000,27151940,27151940,1782869294967611,True,True
16807403,0.01285000,1000.00000000,27151941,27151941,1782869303841398,True,True
16807404,0.01285000,24177.00000000,27151942,27151945,1782869304181571,False,True
16807405,0.01285000,2050.00000000,27151946,27151946,1782869304187870,True,True
16807406,0.01285000,6081.00000000,27151947,27151948,1782869304188746,True,True
16807407,0.01285000,1000.00000000,27151949,27151949,1782869307396647,True,True
16807408,0.01285000,1000.00000000,27151950,27151950,1782869307524678,True,True
16807409,0.01285000,1000.00000000,27151951,27151951,1782869307532302,True,True
16807410,0.01285000,1000.00000000,27151952,27151952,1782869313324128,True,True
16807411,0.01285000,1000.00000000,27151953,27151953,1782869313366164,True,True
16807412,0.01285000,1000.00000000,27151954,27151954,1782869314603608,True,True
16807413,0.01284000,1000.00000000,27151955,27151955,1782869332444840,True,True
16807414,0.01284000,4877.00000000,27151956,27151957,1782869341807588,False,True
16807415,0.01285000,10572.00000000,27151958,27151959,1782869341836164,False,True
16807416,0.01285000,10865.00000000,27151960,27151962,1782869367569036,True,True
16807417,0.01285000,1000.00000000,27151963,27151963,1782869387396943,True,True
16807418,0.01284000,1000.00000000,27151964,27151964,1782869396621602,True,True
16807419,0.01286000,6778.00000000,27151965,27151966,1782869424675097,False,True
16807420,0.01286000,7350.00000000,27151967,27151968,1782869427682684,True,True
16807421,0.01286000,6350.00000000,27151969,27151969,1782869460762452,False,True
16807422,0.01286000,1000.00000000,27151970,27151970,1782869490858169,True,True
16807423,0.01286000,1000.00000000,27151971,27151971,1782869490944976,True,True
16807424,0.01286000,1000.00000000,27151972,27151972,1782869491419997,True,True
16807425,0.01285000,1000.00000000,27151973,27151973,1782869492412501,True,True
16807426,0.01284000,2207.00000000,27151974,27151976,1782869515077211,True,True
16807427,0.01285000,1000.00000000,27151977,27151977,1782869520955826,True,True
16807428,0.01285000,557.00000000,27151978,27151978,1782869550935350,True,True
16807429,0.01285000,1000.00000000,27151979,27151979,1782869555646687,True,True
16807430,0.01284000,11121.00000000,27151980,27151983,1782869557642724,True,True
16807431,0.01283000,62879.00000000,27151984,27151986,1782869557642724,True,True
16807432,0.01284000,8550.00000000,27151987,27151987,1782869557645858,True,True
16807433,0.01285000,10328.00000000,27151988,27151990,1782869559130012,True,True
16807434,0.01284000,63672.00000000,27151991,27151994,1782869559130012,True,True
16807435,0.01285000,8131.00000000,27151995,27151996,1782869559183696,False,True
16807436,0.01284000,14739.00000000,27151997,27152001,1782869560662684,True,True
16807437,0.01283000,32419.00000000,27152002,27152005,1782869560662684,True,True
16807438,0.01282000,26842.00000000,27152006,27152008,1782869560662684,True,True
16807439,0.01284000,1000.00000000,27152009,27152009,1782869560752015,True,True
16807440,0.01284000,15208.00000000,27152010,27152013,1782869562156601,True,True
16807441,0.01283000,16471.00000000,27152014,27152017,1782869562156601,True,True
16807442,0.01282000,42321.00000000,27152018,27152021,1782869562156601,True,True
16807443,0.01283000,44958.00000000,27152022,27152026,1782869563661427,True,True
16807444,0.01282000,19773.00000000,27152027,27152030,1782869563661427,True,True
16807445,0.01281000,9269.00000000,27152031,27152032,1782869563661427,True,True
16807446,0.01283000,8550.00000000,27152033,27152033,1782869563665132,False,True
16807447,0.01284000,6350.00000000,27152034,27152034,1782869570331411,False,True
16807448,0.01284000,1000.00000000,27152035,27152035,1782869582348751,True,True
16807449,0.01284000,1000.00000000,27152036,27152036,1782869599656749,True,True
16807450,0.01284000,14900.00000000,27152037,27152038,1782869599795334,False,True
16807451,0.01284000,1000.00000000,27152039,27152039,1782869657920569,True,True
16807452,0.01283000,11419.00000000,27152040,27152041,1782869661093428,True,True
16807453,0.01283000,8550.00000000,27152042,27152042,1782869661184917,False,True
16807454,0.01284000,1781.00000000,27152043,27152043,1782869700930584,False,True
16807455,0.01285000,1207.00000000,27152044,27152045,1782869729618546,False,True
16807456,0.01285000,1000.00000000,27152046,27152046,1782869733947340,True,True
16807457,0.01285000,1988.00000000,27152047,27152048,1782869748575300,True,True
16807458,0.01285000,4315.00000000,27152049,27152050,1782869748577081,True,True
16807459,0.01286000,11947.00000000,27152051,27152051,1782869784770698,False,True
16807460,0.01286000,1066.00000000,27152052,27152053,1782869784772104,False,True
16807461,0.01286000,2781.00000000,27152054,27152055,1782869785821468,True,True
16807462,0.01286000,1000.00000000,27152056,27152056,1782869796120829,True,True
16807463,0.01285000,1296.00000000,27152057,27152058,1782869796121666,True,True
16807464,0.01285000,1906.00000000,27152059,27152059,1782869796123770,True,True
16807465,0.01285000,14695.00000000,27152060,27152063,1782869819009008,True,True
16807466,0.01285000,7863.00000000,27152064,27152064,1782869824714547,False,True
16807467,0.01285000,1000.00000000,27152065,27152065,1782869829398707,True,True
16807468,0.01285000,9550.00000000,27152066,27152067,1782869881064901,True,True
16807469,0.01285000,21424.00000000,27152068,27152071,1782869898360680,True,True
16807470,0.01285000,771.00000000,27152072,27152072,1782869898372588,False,True
16807471,0.01285000,778.00000000,27152073,27152073,1782869898374835,False,True
16807472,0.01286000,6350.00000000,27152074,27152074,1782869914862073,False,True
16807473,0.01286000,15900.00000000,27152075,27152077,1782869916255768,True,True
16807474,0.01287000,8934.00000000,27152078,27152079,1782869928397928,False,True
16807475,0.01288000,15414.00000000,27152080,27152081,1782869943407702,False,True
16807476,0.01289000,6777.00000000,27152082,27152083,1782869945730809,False,True
16807477,0.01290000,427.00000000,27152084,27152084,1782869946349595,False,True
16807478,0.01291000,835.00000000,27152085,27152086,1782869946535842,False,True
16807479,0.01291000,7350.00000000,27152087,27152088,1782869947258099,True,True
16807480,0.01291000,6350.00000000,27152089,27152089,1782869947276189,False,True
16807481,0.01291000,1000.00000000,27152090,27152090,1782869950092563,True,True
16807482,0.01291000,1000.00000000,27152091,27152091,1782869950099781,True,True
16807483,0.01290000,1522.00000000,27152092,27152092,1782869950104308,True,True
16807484,0.01290000,4287.00000000,27152093,27152093,1782869950106105,True,True
16807485,0.01291000,1000.00000000,27152094,27152094,1782869951329995,True,True
16807486,0.01291000,1000.00000000,27152095,27152095,1782869951345602,True,True
16807487,0.01291000,1000.00000000,27152096,27152096,1782869959799602,True,True
16807488,0.01292000,426.00000000,27152097,27152097,1782869969649929,False,True
16807489,0.01292000,14900.00000000,27152098,27152099,1782869969763978,True,True
16807490,0.01292000,6350.00000000,27152100,27152100,1782869969988944,False,True
16807491,0.01292000,7350.00000000,27152101,27152102,1782869970539938,True,True
16807492,0.01291000,1000.00000000,27152103,27152103,1782869972028182,True,True
16807493,0.01290000,1427.00000000,27152104,27152105,1782869978198501,True,True
16807494,0.01290000,6350.00000000,27152106,27152106,1782869980687692,False,True
16807495,0.01290000,1000.00000000,27152107,27152107,1782869997534338,True,True
16807496,0.01289000,1835.00000000,27152108,27152110,1782870001167484,True,True
16807497,0.01289000,31292.00000000,27152111,27152112,1782870011851222,False,True
16807498,0.01290000,10343.00000000,27152113,27152115,1782870011852962,False,True
16807499,0.01290000,1000.00000000,27152116,27152116,1782870031731068,True,True
16807500,0.01291000,9385.00000000,27152117,27152119,1782870051665631,False,True
16807501,0.01292000,1200.00000000,27152120,27152121,1782870067598131,False,True
16807502,0.01293000,426.00000000,27152122,27152122,1782870068310308,False,True
16807503,0.01294000,1134.00000000,27152123,27152124,1782870068698256,False,True
16807504,0.01293000,1000.00000000,27152125,27152125,1782870079272129,True,True
16807505,0.01292000,13466.00000000,27152126,27152129,1782870079272129,True,True
16807506,0.01291000,981.00000000,27152130,27152130,1782870079272129,True,True
16807507,0.01292000,1000.00000000,27152131,27152131,1782870122400366,True,True
16807508,0.01291000,51237.00000000,27152132,27152134,1782870122630067,True,True
16807509,0.01291000,23126.00000000,27152135,27152135,1782870122631411,True,True
16807510,0.01291000,38000.00000000,27152136,27152136,1782870122631493,True,True
16807511,0.01291000,14874.00000000,27152137,27152137,1782870123467856,True,True
16807512,0.01291000,35590.00000000,27152138,27152139,1782870123467917,True,True
16807513,0.01291000,7350.00000000,27152140,27152141,1782870128892891,True,True
16807514,0.01290000,1427.00000000,27152142,27152143,1782870141892573,True,True
16807515,0.01290000,4878.00000000,27152144,27152145,1782870185815241,True,True
16807516,0.01289000,12840.00000000,27152146,27152151,1782870187540026,True,True
16807517,0.01288000,1221.00000000,27152152,27152153,1782870187570397,True,True
16807518,0.01288000,1000.00000000,27152154,27152154,1782870248621326,True,True
16807519,0.01290000,2208.00000000,27152155,27152156,1782870286425895,False,True
16807520,0.01290000,1000.00000000,27152157,27152157,1782870286454760,True,True
16807521,0.01290000,8131.00000000,27152158,27152159,1782870307975431,False,True
16807522,0.01291000,835.00000000,27152160,27152161,1782870316077235,False,True
16807523,0.01291000,1000.00000000,27152162,27152162,1782870319272431,True,True
16807524,0.01291000,6350.00000000,27152163,27152163,1782870326414069,False,True
16807525,0.01292000,426.00000000,27152164,27152164,1782870341201027,False,True
16807526,0.01293000,426.00000000,27152165,27152165,1782870341205254,False,True
16807527,0.01293000,1000.00000000,27152166,27152166,1782870345406573,True,True
16807528,0.01292000,5295.00000000,27152167,27152167,1782870361485689,True,True
16807529,0.01292000,2055.00000000,27152168,27152169,1782870361485729,True,True
16807530,0.01292000,1000.00000000,27152170,27152170,1782870380516306,True,True
16807531,0.01291000,1427.00000000,27152171,27152172,1782870400638134,True,True
16807532,0.01291000,1000.00000000,27152173,27152173,1782870507332531,True,True
16807533,0.01290000,3982.00000000,27152174,27152177,1782870507381178,True,True
16807534,0.01290000,2555.00000000,27152178,27152179,1782870507838359,False,True
16807535,0.01292000,6776.00000000,27152180,27152181,1782870537072957,False,True
16807536,0.01293000,426.00000000,27152182,27152182,1782870579854315,False,True
16807537,0.01294000,12102.00000000,27152183,27152189,1782870579854315,False,True
16807538,0.01295000,23527.00000000,27152190,27152192,1782870579854315,False,True
16807539,0.01296000,2563.00000000,27152193,27152194,1782870579854315,False,True
16807540,0.01294000,1408.00000000,27152195,27152196,1782870605507013,True,True
16807541,0.01294000,1000.00000000,27152197,27152197,1782870616244390,True,True
16807542,0.01295000,658.00000000,27152198,27152198,1782870639029996,False,True
16807543,0.01295000,663.00000000,27152199,27152199,1782870703901974,True,True
16807544,0.01296000,925.00000000,27152200,27152200,1782870704197079,False,True
16807545,0.01296000,1605.00000000,27152201,27152203,1782870723260864,False,True
16807546,0.01297000,3020.00000000,27152204,27152205,1782870723260864,False,True
16807547,0.01297000,9366.00000000,27152206,27152207,1782870723294616,False,True
16807548,0.01298000,16920.00000000,27152208,27152210,1782870723294616,False,True
16807549,0.01297000,7350.00000000,27152211,27152212,1782870723427519,True,True
16807550,0.01298000,8550.00000000,27152213,27152213,1782870760905338,True,True
16807551,0.01298000,4861.00000000,27152214,27152215,1782870801089379,True,True
16807552,0.01297000,1000.00000000,27152216,27152216,1782870803300500,True,True
16807553,0.01297000,1000.00000000,27152217,27152217,1782870846270258,True,True
16807554,0.01298000,1000.00000000,27152218,27152218,1782870954934076,True,True
16807555,0.01297000,6052.00000000,27152219,27152221,1782870967533767,True,True
16807556,0.01296000,1218.00000000,27152222,27152223,1782870967535458,True,True
16807557,0.01295000,31239.00000000,27152224,27152226,1782870967535458,True,True
16807558,0.01295000,114000.00000000,27152227,27152227,1782870967535548,True,True
16807559,0.01295000,11610.00000000,27152228,27152229,1782870967535910,True,True
16807560,0.01295000,3756.00000000,27152230,27152230,1782870967536381,True,True
16807561,0.01295000,1781.00000000,27152231,27152231,1782870967538227,True,True
16807562,0.01295000,10167.00000000,27152232,27152233,1782871058107299,False,True
16807563,0.01296000,3902.00000000,27152234,27152234,1782871058109549,False,True
16807564,0.01296000,9322.00000000,27152235,27152236,1782871152724296,False,True
16807565,0.01297000,1196.00000000,27152237,27152238,1782871201301126,False,True
16807566,0.01297000,1849.00000000,27152239,27152239,1782871210631658,True,True
16807567,0.01298000,1195.00000000,27152240,27152241,1782871221070405,False,True
16807568,0.01299000,4004.00000000,27152242,27152243,1782871260489262,False,True
16807569,0.01299000,11594.00000000,27152244,27152244,1782871260490875,False,True
16807570,0.01299000,4004.00000000,27152245,27152247,1782871260519600,False,True
16807571,0.01299000,2781.00000000,27152248,27152249,1782871266288811,True,True
16807572,0.01298000,12779.00000000,27152250,27152252,1782871271621706,True,True
16807573,0.01299000,26406.00000000,27152253,27152254,1782871355651972,False,True
16807574,0.01299000,38000.00000000,27152255,27152255,1782871355652006,False,True
16807575,0.01299000,38000.00000000,27152256,27152256,1782871355652051,False,True
16807576,0.01299000,59195.00000000,27152257,27152257,1782871355653690,False,True
16807577,0.01300000,1194.00000000,27152258,27152259,1782871370378302,False,True
16807578,0.01300000,1000.00000000,27152260,27152260,1782871385988138,True,True
16807579,0.01299000,20719.00000000,27152261,27152266,1782871477417290,True,True
16807580,0.01299000,6350.00000000,27152267,27152267,1782871477418722,True,True
16807581,0.01299000,8127.00000000,27152268,27152268,1782871477419040,True,True
16807582,0.01299000,769.00000000,27152269,27152269,1782871503499793,False,True
16807583,0.01299000,9661.00000000,27152270,27152272,1782871503887494,True,True
16807584,0.01299000,11101.00000000,27152273,27152275,1782871566560614,False,True
16807585,0.01299000,12994.00000000,27152276,27152276,1782871566562028,True,True
16807586,0.01299000,770.00000000,27152277,27152277,1782871587177055,False,True
16807587,0.01300000,769.00000000,27152278,27152278,1782871613256096,False,True
16807588,0.01301000,2725.00000000,27152279,27152280,1782871613256096,False,True
16807589,0.01300000,3187.00000000,27152281,27152281,1782871630414265,True,True
16807590,0.01301000,1192.00000000,27152282,27152283,1782871674966389,False,True
16807591,0.01301000,15605.00000000,27152284,27152288,1782871675567124,True,True
16807592,0.01301000,1000.00000000,27152289,27152289,1782871763654342,True,True
16807593,0.01300000,34663.00000000,27152290,27152292,1782871763654521,True,True
16807594,0.01299000,15084.00000000,27152293,27152298,1782871763656826,True,True
16807595,0.01298000,6790.00000000,27152299,27152300,1782871763660529,True,True
16807596,0.01298000,23619.00000000,27152301,27152304,1782871763663902,True,True
16807597,0.01298000,494.00000000,27152305,27152306,1782871765421960,True,True
16807598,0.01298000,49280.00000000,27152307,27152311,1782871765657439,True,True
16807599,0.01298000,768.00000000,27152312,27152312,1782871766274628,False,True
16807600,0.01299000,768.00000000,27152313,27152313,1782871769261833,False,True
16807601,0.01300000,944.00000000,27152314,27152314,1782871769261833,False,True
16807602,0.01300000,3008.00000000,27152315,27152317,1782871772285018,False,True
16807603,0.01301000,7542.00000000,27152318,27152320,1782871803975518,False,True
16807604,0.01302000,1599.00000000,27152321,27152323,1782871824373524,False,True
16807605,0.01303000,41026.00000000,27152324,27152327,1782871897454461,False,True
16807606,0.01304000,1597.00000000,27152328,27152330,1782871921104750,False,True
16807607,0.01305000,1189.00000000,27152331,27152332,1782871944181581,False,True
16807608,0.01306000,1335.00000000,27152333,27152335,1782871976836842,False,True
16807609,0.01307000,1595.00000000,27152336,27152338,1782871979979147,False,True
16807610,0.01307000,1000.00000000,27152339,27152339,1782871981276980,True,True
16807611,0.01306000,15372.00000000,27152340,27152344,1782872057088469,True,True
16807612,0.01305000,13690.00000000,27152345,27152350,1782872060927609,True,True
16807613,0.01305000,793.00000000,27152351,27152351,1782872060929848,True,True
16807614,0.01305000,1000.00000000,27152352,27152352,1782872060933609,True,True
16807615,0.01305000,1000.00000000,27152353,27152353,1782872093694382,True,True
16807616,0.01305000,9316.00000000,27152354,27152355,1782872117625174,False,True
16807617,0.01306000,21282.00000000,27152356,27152358,1782872117625174,False,True
16807618,0.01306000,6178.00000000,27152359,27152362,1782872117626383,False,True
16807619,0.01307000,9366.00000000,27152363,27152364,1782872117626383,False,True
16807620,0.01306000,8550.00000000,27152365,27152365,1782872117636706,False,True
16807621,0.01307000,8679.00000000,27152366,27152368,1782872117636706,False,True
16807622,0.01308000,10463.00000000,27152369,27152370,1782872117636706,False,True
16807623,0.01306000,9131.00000000,27152371,27152373,1782872117944535,True,True
16807624,0.01306000,9550.00000000,27152374,27152375,1782872168658071,True,True
16807625,0.01308000,4813.00000000,27152376,27152378,1782872170371961,False,True
16807626,0.01308000,1000.00000000,27152379,27152379,1782872170564760,True,True
16807627,0.01306000,1000.00000000,27152380,27152380,1782872172671165,True,True
16807628,0.01305000,5088.00000000,27152381,27152383,1782872172671165,True,True
16807629,0.01304000,20559.00000000,27152384,27152387,1782872172674330,True,True
16807630,0.01303000,1423.00000000,27152388,27152389,1782872172847004,True,True
16807631,0.01302000,155088.00000000,27152390,27152397,1782872172985049,True,True
16807632,0.01302000,6350.00000000,27152398,27152398,1782872173053527,False,True
16807633,0.01304000,1175.00000000,27152399,27152400,1782872221280203,False,True
16807634,0.01305000,2970.00000000,27152401,27152403,1782872235262176,False,True
16807635,0.01305000,6759.00000000,27152404,27152405,1782872235601170,True,True
16807636,0.01305000,765.00000000,27152406,27152406,1782872235603689,True,True
16807637,0.01305000,235.00000000,27152407,27152407,1782872235604268,True,True
16807638,0.01305000,1000.00000000,27152408,27152408,1782872235621734,True,True
16807639,0.01305000,1000.00000000,27152409,27152409,1782872243001078,True,True
16807640,0.01304000,7143.00000000,27152410,27152411,1782872243004102,True,True
16807641,0.01304000,1000.00000000,27152412,27152412,1782872243005551,True,True
16807642,0.01303000,1189.00000000,27152413,27152414,1782872243005551,True,True
16807643,0.01303000,7402.00000000,27152415,27152416,1782872243738136,False,True
16807644,0.01303000,1495.00000000,27152417,27152418,1782872243739369,False,True
16807645,0.01303000,1000.00000000,27152419,27152419,1782872276414778,True,True
16807646,0.01303000,4653.00000000,27152420,27152421,1782872326280560,False,True
16807647,0.01302000,1831.00000000,27152422,27152424,1782872363229011,True,True
16807648,0.01302000,19696.00000000,27152425,27152427,1782872436664167,False,True
16807649,0.01304000,1597.00000000,27152428,27152430,1782872530718490,False,True
16807650,0.01305000,3572.00000000,27152431,27152431,1782872531833254,False,True
16807651,0.01305000,3967.00000000,27152432,27152434,1782872531834199,False,True
16807652,0.01306000,9459.00000000,27152435,27152436,1782872537992316,False,True
16807653,0.01306000,752.00000000,27152437,27152437,1782872537996676,False,True
16807654,0.01306000,15.00000000,27152438,27152438,1782872537996769,False,True
16807655,0.01306000,7668.00000000,27152439,27152440,1782872539145424,True,True
16807656,0.01306000,765.00000000,27152441,27152442,1782872539147637,True,True
16807657,0.01306000,543.00000000,27152443,27152443,1782872539148670,True,True
16807658,0.01306000,2330.00000000,27152444,27152445,1782872539176108,True,True
16807659,0.01306000,1000.00000000,27152446,27152447,1782872576019964,True,True
16807660,0.01305000,2349.00000000,27152448,27152448,1782872576895686,True,True
16807661,0.01305000,1000.00000000,27152449,27152449,1782872593051222,True,True
16807662,0.01305000,766.00000000,27152450,27152450,1782872618878613,False,True
16807663,0.01306000,766.00000000,27152451,27152451,1782872783584186,False,True
16807664,0.01306000,1234.00000000,27152452,27152453,1782872784299383,True,True
16807665,0.01305000,1000.00000000,27152454,27152454,1782872855963386,True,True
16807666,0.01305000,5681.00000000,27152455,27152456,1782872858402195,True,True
16807667,0.01305000,9550.00000000,27152457,27152458,1782872860795275,True,True
16807668,0.01305000,10178.00000000,27152459,27152460,1782872918767339,True,True
16807669,0.01305000,9550.00000000,27152461,27152463,1782872921219608,True,True
16807670,0.01306000,7094.00000000,27152464,27152465,1782872931447929,False,True
16807671,0.01306000,4282.00000000,27152466,27152466,1782872931450646,False,True
16807672,0.01306000,1000.00000000,27152467,27152467,1782872932072305,True,True
16807673,0.01304000,4243.00000000,27152468,27152468,1782872932743616,True,True
16807674,0.01305000,1000.00000000,27152469,27152469,1782872956141401,True,True
16807675,0.01304000,1422.00000000,27152470,27152471,1782872956197667,True,True
16807676,0.01305000,2547.00000000,27152472,27152473,1782873038246514,False,True
16807677,0.01306000,2050.00000000,27152474,27152474,1782873038253104,False,True
16807678,0.01306000,1188.00000000,27152475,27152476,1782873061822621,False,True
16807679,0.01306000,1000.00000000,27152477,27152477,1782873087282824,True,True
16807680,0.01305000,1541.00000000,27152478,27152478,1782873087282824,True,True
16807681,0.01306000,1009.00000000,27152479,27152480,1782873110705512,False,True
16807682,0.01305000,5304.00000000,27152481,27152482,1782873113798056,True,True
16807683,0.01305000,1000.00000000,27152483,27152483,1782873128336932,True,True
16807684,0.01304000,1000.00000000,27152484,27152485,1782873163853193,True,True
16807685,0.01305000,9550.00000000,27152486,27152487,1782873242822904,True,True
16807686,0.01305000,9550.00000000,27152488,27152489,1782873264508500,True,True
16807687,0.01305000,6126.00000000,27152490,27152490,1782873264511183,True,True
16807688,0.01304000,1793.00000000,27152491,27152492,1782873264513472,True,True
16807689,0.01303000,6003.00000000,27152493,27152494,1782873264515321,True,True
16807690,0.01305000,10178.00000000,27152495,27152497,1782873352781051,True,True
16807691,0.01305000,1000.00000000,27152498,27152498,1782873372167279,True,True
16807692,0.01304000,8550.00000000,27152499,27152499,1782873372167279,True,True
16807693,0.01306000,422.00000000,27152500,27152500,1782873509908507,False,True
16807694,0.01307000,6898.00000000,27152501,27152505,1782873509908507,False,True
16807695,0.01307000,1000.00000000,27152506,27152506,1782873510286443,True,True
16807696,0.01306000,172.00000000,27152507,27152507,1782873510286443,True,True
16807697,0.01306000,2546.00000000,27152508,27152508,1782873511282625,True,True
16807698,0.01306000,2546.00000000,27152509,27152509,1782873512781882,True,True
16807699,0.01306000,1887.00000000,27152510,27152510,1782873514782077,True,True
16807700,0.01306000,2130.00000000,27152511,27152512,1782873516283089,True,True
16807701,0.01306000,651.00000000,27152513,27152513,1782873535282808,True,True
16807702,0.01305000,895.00000000,27152514,27152514,1782873535282808,True,True
16807703,0.01306000,9550.00000000,27152515,27152516,1782873614684478,True,True
16807704,0.01305000,28450.00000000,27152517,27152518,1782873614684478,True,True
16807705,0.01305000,15210.00000000,27152519,27152522,1782873614685779,True,True
16807706,0.01305000,1000.00000000,27152523,27152523,1782873636205549,True,True
16807707,0.01304000,830.00000000,27152524,27152525,1782873636209508,True,True
16807708,0.01304000,8550.00000000,27152526,27152526,1782873636320597,False,True
16807709,0.01303000,110921.00000000,27152527,27152531,1782873655881541,True,True
16807710,0.01305000,1000.00000000,27152532,27152532,1782873720646666,True,True
16807711,0.01305000,506.00000000,27152533,27152533,1782873812097369,False,True
16807712,0.01305000,1000.00000000,27152534,27152534,1782873813289591,True,True
16807713,0.01304000,193.00000000,27152535,27152535,1782873813289591,True,True
16807714,0.01305000,10942.00000000,27152536,27152537,1782873864380497,False,True
16807715,0.01306000,422.00000000,27152538,27152538,1782873897699678,False,True
16807716,0.01307000,2622.00000000,27152539,27152542,1782873897702495,False,True
16807717,0.01308000,7536.00000000,27152543,27152545,1782873897703866,False,True
16807718,0.01309000,11701.00000000,27152546,27152547,1782873897703866,False,True
16807719,0.01310000,828.00000000,27152548,27152549,1782873897794303,False,True
16807720,0.01311000,13569.00000000,27152550,27152551,1782873897889336,False,True
16807721,0.01312000,828.00000000,27152552,27152553,1782873898674145,False,True
16807722,0.01312000,7350.00000000,27152554,27152555,1782873899022287,True,True
16807723,0.01312000,6350.00000000,27152556,27152556,1782873899027375,False,True
16807724,0.01313000,8969.00000000,27152557,27152558,1782873899558912,False,True
16807725,0.01313000,1000.00000000,27152559,27152559,1782873900757478,True,True
16807726,0.01312000,7350.00000000,27152560,27152561,1782873904902724,True,True
16807727,0.01311000,1420.00000000,27152562,27152563,1782873905073166,True,True
16807728,0.01311000,6350.00000000,27152564,27152564,1782873905078573,False,True
16807729,0.01312000,47823.00000000,27152565,27152569,1782873905080335,False,True
16807730,0.01313000,1212.00000000,27152570,27152571,1782873905080646,False,True
16807731,0.01313000,793.00000000,27152572,27152572,1782873905085394,False,True
16807732,0.01313000,207.00000000,27152573,27152573,1782873905085647,False,True
16807733,0.01313000,505.00000000,27152574,27152574,1782873905087274,False,True
16807734,0.01314000,1649.00000000,27152575,27152577,1782873905090446,False,True
16807735,0.01314000,8550.00000000,27152578,27152578,1782873905380385,True,True
16807736,0.01314000,6350.00000000,27152579,27152579,1782873905483440,True,True
16807737,0.01313000,2200.00000000,27152580,27152580,1782873905483440,True,True
16807738,0.01314000,763.00000000,27152581,27152581,1782873906644221,False,True
16807739,0.01314000,1000.00000000,27152582,27152582,1782873907037861,True,True
16807740,0.01313000,4069.00000000,27152583,27152583,1782873907037861,True,True
16807741,0.01313000,33907.00000000,27152584,27152586,1782873908277987,True,True
16807742,0.01313000,8550.00000000,27152587,27152587,1782873908280978,True,True
16807743,0.01313000,763.00000000,27152588,27152588,1782873908282152,False,True
16807744,0.01313000,1781.00000000,27152589,27152589,1782873908283297,False,True
16807745,0.01315000,827.00000000,27152590,27152591,1782873922732258,False,True
16807746,0.01316000,32459.00000000,27152592,27152595,1782873928481545,False,True
16807747,0.01317000,2380.00000000,27152596,27152599,1782873932507868,False,True
16807748,0.01317000,1000.00000000,27152600,27152600,1782873980043358,True,True
16807749,0.01316000,2781.00000000,27152601,27152602,1782873985634415,True,True
16807750,0.01315000,1827.00000000,27152603,27152605,1782874007840247,True,True
16807751,0.01314000,2961.00000000,27152606,27152606,1782874015974551,True,True
16807752,0.01315000,1000.00000000,27152607,27152607,1782874027832998,True,True
16807753,0.01314000,1419.00000000,27152608,27152609,1782874042430898,True,True
16807754,0.01314000,6213.00000000,27152610,27152612,1782874087050116,True,True
16807755,0.01314000,503.00000000,27152613,27152613,1782874094099568,False,True
16807756,0.01315000,1793.00000000,27152614,27152615,1782874094171428,False,True
16807757,0.01315000,2247.00000000,27152616,27152617,1782874095152755,True,True
16807758,0.01314000,4320.00000000,27152618,27152619,1782874116757026,True,True
16807759,0.01313000,1972.00000000,27152620,27152622,1782874116757090,True,True
16807760,0.01313000,3894.00000000,27152623,27152623,1782874116759541,True,True
16807761,0.01315000,419.00000000,27152624,27152624,1782874126253009,False,True
16807762,0.01315000,31517.00000000,27152625,27152626,1782874175095949,True,True
16807763,0.01315000,8550.00000000,27152627,27152627,1782874186818540,False,True
16807764,0.01316000,23972.00000000,27152628,27152634,1782874186818540,False,True
16807765,0.01317000,1733.00000000,27152635,27152635,1782874186818540,False,True
16807766,0.01315000,27371.00000000,27152636,27152637,1782874233175348,True,True
16807767,0.01316000,1000.00000000,27152638,27152638,1782874266739510,True,True
16807768,0.01315000,40826.00000000,27152639,27152642,1782874286778499,True,True
16807769,0.01316000,13173.00000000,27152643,27152643,1782874286786179,False,True
16807770,0.01317000,7065.00000000,27152644,27152648,1782874286788190,False,True
16807771,0.01318000,1280.00000000,27152649,27152650,1782874286926941,False,True
16807772,0.01318000,1758.00000000,27152651,27152652,1782874343710141,True,True
16807773,0.01318000,1000.00000000,27152653,27152653,1782874365919147,True,True
16807774,0.01318000,2077.00000000,27152654,27152654,1782874397944588,True,True
16807775,0.01319000,17417.00000000,27152655,27152656,1782874487756912,False,True
16807776,0.01320000,825.00000000,27152657,27152658,1782874614360532,False,True
16807777,0.01320000,1000.00000000,27152659,27152659,1782874676536012,True,True
16807778,0.01319000,5427.00000000,27152660,27152662,1782874676538774,True,True
16807779,0.01319000,1000.00000000,27152663,27152663,1782874676541423,True,True
16807780,0.01318000,29873.00000000,27152664,27152664,1782874676656754,True,True
16807781,0.01318000,31599.00000000,27152665,27152667,1782874676656798,True,True
16807782,0.01317000,26339.00000000,27152668,27152673,1782874696247924,True,True
16807783,0.01318000,3739.00000000,27152674,27152674,1782874713455659,False,True
16807784,0.01318000,31517.00000000,27152675,27152676,1782874748010537,True,True
16807785,0.01318000,9309.00000000,27152677,27152678,1782874829133621,False,True
16807786,0.01318000,13207.00000000,27152679,27152679,1782874829153045,True,True
16807787,0.01319000,417.00000000,27152680,27152680,1782874839562469,False,True
16807788,0.01320000,1583.00000000,27152681,27152683,1782874852541658,False,True
16807789,0.01320000,1000.00000000,27152684,27152684,1782874852850933,True,True
16807790,0.01320000,11834.00000000,27152685,27152687,1782874883925292,True,True
16807791,0.01320000,89600.00000000,27152688,27152688,1782874901678643,True,True
16807792,0.01320000,38000.00000000,27152689,27152689,1782874901678775,True,True
16807793,0.01320000,9032.00000000,27152690,27152691,1782874901679040,True,True
16807794,0.01319000,6682.00000000,27152692,27152692,1782874901679447,True,True
16807795,0.01320000,6350.00000000,27152693,27152693,1782874903433369,False,True
16807796,0.01320000,6350.00000000,27152694,27152694,1782874911816889,True,True
16807797,0.01320000,1000.00000000,27152695,27152695,1782874911822442,True,True
16807798,0.01321000,417.00000000,27152696,27152696,1782874949991089,False,True
16807799,0.01321000,3798.00000000,27152697,27152698,1782874959490065,True,True
16807800,0.01320000,1000.00000000,27152699,27152699,1782874959709209,True,True
16807801,0.01319000,2967.00000000,27152700,27152703,1782874975151141,True,True
16807802,0.01319000,1000.00000000,27152704,27152704,1782874979108464,True,True
16807803,0.01320000,9550.00000000,27152705,27152706,1782874980747489,True,True
16807804,0.01321000,812.00000000,27152707,27152708,1782874997227160,False,True
16807805,0.01321000,1652.00000000,27152709,27152709,1782875018525505,False,True
16807806,0.01321000,1000.00000000,27152710,27152710,1782875109432095,True,True
16807807,0.01320000,1000.00000000,27152711,27152711,1782875109477845,True,True
16807808,0.01319000,1417.00000000,27152712,27152713,1782875109548953,True,True
16807809,0.01319000,756.00000000,27152714,27152714,1782875166371131,False,True
16807810,0.01321000,417.00000000,27152715,27152715,1782875226375520,False,True
16807811,0.01322000,22918.00000000,27152716,27152719,1782875244350551,False,True
16807812,0.01322000,3180.00000000,27152720,27152720,1782875273210639,False,True
16807813,0.01321000,1000.00000000,27152721,27152721,1782875315783462,True,True
16807814,0.01320000,1003.00000000,27152722,27152722,1782875315783462,True,True
16807815,0.01320000,1000.00000000,27152723,27152723,1782875332294535,True,True
16807816,0.01319000,2174.00000000,27152724,27152726,1782875340996486,True,True
16807817,0.01318000,22417.00000000,27152727,27152728,1782875340998417,True,True
16807818,0.01318000,113961.00000000,27152729,27152730,1782875340998712,True,True
16807819,0.01317000,1826.00000000,27152731,27152733,1782875345353376,True,True
16807820,0.01316000,1418.00000000,27152734,27152735,1782875355775339,True,True
16807821,0.01315000,25.00000000,27152736,27152736,1782875355775339,True,True
16807822,0.01315000,1654.00000000,27152737,27152739,1782875375785257,True,True
16807823,0.01315000,173.00000000,27152740,27152740,1782875375789044,True,True
16807824,0.01315000,1000.00000000,27152741,27152741,1782875395786191,True,True
16807825,0.01314000,795.00000000,27152742,27152742,1782875395786191,True,True
16807826,0.01315000,760.00000000,27152743,27152743,1782875404854171,False,True
16807827,0.01316000,46828.00000000,27152744,27152748,1782875404855566,False,True
16807828,0.01317000,826.00000000,27152749,27152750,1782875404857075,False,True
16807829,0.01316000,2769.00000000,27152751,27152752,1782875420796860,True,True
16807830,0.01316000,1235.00000000,27152753,27152753,1782875435783040,True,True
16807831,0.01316000,2955.00000000,27152754,27152754,1782875450775067,True,True
16807832,0.01316000,1000.00000000,27152755,27152755,1782875495789271,True,True
16807833,0.01315000,1568.00000000,27152756,27152756,1782875495789271,True,True
16807834,0.01315000,1204.00000000,27152757,27152757,1782875530787754,True,True
16807835,0.01315000,1150.00000000,27152758,27152758,1782875555784012,True,True
16807836,0.01315000,2360.00000000,27152759,27152759,1782875575775194,True,True
16807837,0.01315000,930.00000000,27152760,27152761,1782875615782119,True,True
16807838,0.01315000,2018.00000000,27152762,27152764,1782875635775338,True,True
16807839,0.01315000,3541.00000000,27152765,27152766,1782875640986621,False,True
16807840,0.01315000,804.00000000,27152767,27152767,1782875675782797,True,True
16807841,0.01315000,1014.00000000,27152768,27152768,1782875690775725,True,True
16807842,0.01315000,1876.00000000,27152769,27152770,1782875725775576,True,True
16807843,0.01315000,1000.00000000,27152771,27152771,1782875735782391,True,True
16807844,0.01314000,480.00000000,27152772,27152773,1782875735782391,True,True
16807845,0.01315000,865.00000000,27152774,27152774,1782875775775788,True,True
16807846,0.01315000,1000.00000000,27152775,27152775,1782875787943062,True,True
16807847,0.01315000,5350.00000000,27152776,27152776,1782875787976057,False,True
16807848,0.01314000,622.00000000,27152777,27152777,1782875795782217,True,True
16807849,0.01315000,3899.00000000,27152778,27152779,1782875813591900,False,True
16807850,0.01315000,874.00000000,27152780,27152780,1782875815776317,True,True
16807851,0.01315000,1370.00000000,27152781,27152781,1782875845775182,True,True
16807852,0.01316000,1171.00000000,27152782,27152782,1782875855783638,True,True
16807853,0.01316000,5810.00000000,27152783,27152784,1782875868977773,True,True
16807854,0.01315000,655.00000000,27152785,27152785,1782875895774823,True,True
16807855,0.01315000,844.00000000,27152786,27152786,1782875915782156,True,True
16807856,0.01315000,1508.00000000,27152787,27152788,1782875940774774,True,True
16807857,0.01315000,760.00000000,27152789,27152789,1782875940971139,False,True
16807858,0.01315000,872.00000000,27152790,27152790,1782875975782979,True,True
16807859,0.01315000,1000.00000000,27152791,27152792,1782876014296538,True,True
16807860,0.01315000,5245.00000000,27152793,27152795,1782876061477301,False,True
16807861,0.01316000,1000.00000000,27152796,27152796,1782876132132038,True,True
16807862,0.01315000,13301.00000000,27152797,27152799,1782876133222764,True,True
16807863,0.01315000,8923.00000000,27152800,27152802,1782876140211097,True,True
16807864,0.01315000,9550.00000000,27152803,27152804,1782876206931282,True,True
16807865,0.01315000,14329.00000000,27152805,27152806,1782876226506948,True,True
16807866,0.01315000,2364.00000000,27152807,27152809,1782876226855325,True,True
16807867,0.01315000,6350.00000000,27152810,27152810,1782876226871360,False,True
16807868,0.01316000,7110.00000000,27152811,27152812,1782876455554290,False,True
16807869,0.01317000,1585.00000000,27152813,27152815,1782876548344149,False,True
16807870,0.01318000,17064.00000000,27152816,27152819,1782876693363347,False,True
16807871,0.01318000,3755.00000000,27152820,27152820,1782876693368293,False,True
16807872,0.01319000,3853.00000000,27152821,27152821,1782876693368293,False,True
16807873,0.01318000,1000.00000000,27152822,27152822,1782876714435112,True,True
16807874,0.01317000,1000.00000000,27152823,27152823,1782876727911297,True,True
16807875,0.01316000,22804.00000000,27152824,27152826,1782876727911297,True,True
16807876,0.01316000,1211.00000000,27152827,27152828,1782876727914184,True,True
16807877,0.01316000,1000.00000000,27152829,27152829,1782876735966346,True,True
16807878,0.01316000,8550.00000000,27152830,27152830,1782876764714321,False,True
16807879,0.01317000,760.00000000,27152831,27152831,1782876820203372,False,True
16807880,0.01318000,1177.00000000,27152832,27152833,1782876904740946,False,True
16807881,0.01318000,1000.00000000,27152834,27152834,1782876905317237,True,True
16807882,0.01319000,1175.00000000,27152835,27152836,1782876997010952,False,True
16807883,0.01320000,9375.00000000,27152837,27152839,1782876997019397,False,True
16807884,0.01321000,2311.00000000,27152840,27152840,1782876997019397,False,True
16807885,0.01321000,11028.00000000,27152841,27152844,1782876997033385,False,True
16807886,0.01322000,7658.00000000,27152845,27152845,1782876997033385,False,True
16807887,0.01320000,7585.00000000,27152846,27152846,1782876998718160,True,True
16807888,0.01321000,1000.00000000,27152847,27152847,1782877058882444,True,True
16807889,0.01321000,1000.00000000,27152848,27152848,1782877078139977,True,True
16807890,0.01321000,1000.00000000,27152849,27152849,1782877125276188,True,True
16807891,0.01321000,1000.00000000,27152850,27152850,1782877128051550,True,True
16807892,0.01321000,1000.00000000,27152851,27152851,1782877131192492,True,True
16807893,0.01320000,1000.00000000,27152852,27152852,1782877249334622,True,True
16807894,0.01320000,7350.00000000,27152853,27152854,1782877260702402,True,True
16807895,0.01320000,1000.00000000,27152855,27152855,1782877320633274,True,True
16807896,0.01320000,1000.00000000,27152856,27152856,1782877328480492,True,True
16807897,0.01321000,3956.00000000,27152857,27152857,1782877442762758,False,True
16807898,0.01322000,270.00000000,27152858,27152858,1782877442762758,False,True
16807899,0.01321000,1000.00000000,27152859,27152859,1782877447955460,True,True
16807900,0.01321000,757.00000000,27152860,27152860,1782877486418432,False,True
16807901,0.01322000,4338.00000000,27152861,27152862,1782877486429095,False,True
16807902,0.01323000,5056.00000000,27152863,27152865,1782877486433480,False,True
16807903,0.01324000,1209.00000000,27152866,27152867,1782877486433526,False,True
16807904,0.01325000,166955.00000000,27152868,27152870,1782877486436175,False,True
16807905,0.01325000,793.00000000,27152871,27152871,1782877486436401,False,True
16807906,0.01325000,2895.00000000,27152872,27152872,1782877486440866,True,True
16807907,0.01325000,6344.00000000,27152873,27152873,1782877486446488,True,True
16807908,0.01325000,2145.00000000,27152874,27152874,1782877486519937,True,True
16807909,0.01325000,4814.00000000,27152875,27152875,1782877486530141,True,True
16807910,0.01323000,2161.00000000,27152876,27152876,1782877486782877,True,True
16807911,0.01323000,423.00000000,27152877,27152877,1782877487363139,True,True
16807912,0.01323000,6966.00000000,27152878,27152879,1782877487882015,True,True
16807913,0.01322000,591.00000000,27152880,27152880,1782877487882015,True,True
16807914,0.01325000,417.00000000,27152881,27152881,1782877536262237,False,True
16807915,0.01325000,1171.00000000,27152882,27152883,1782877536777395,False,True
16807916,0.01326000,11166.00000000,27152884,27152888,1782877536777395,False,True
16807917,0.01327000,13520.00000000,27152889,27152891,1782877536777395,False,True
16807918,0.01327000,4202.00000000,27152892,27152892,1782877536818892,False,True
16807919,0.01327000,498.00000000,27152893,27152893,1782877571684841,False,True
16807920,0.01327000,8052.00000000,27152894,27152894,1782877571686011,False,True
16807921,0.01327000,8341.00000000,27152895,27152895,1782877571687352,True,True
16807922,0.01328000,11603.00000000,27152896,27152901,1782877571688138,False,True
16807923,0.01328000,32456.00000000,27152902,27152902,1782877571688745,True,True
16807924,0.01327000,3262.00000000,27152903,27152903,1782877571688745,True,True
16807925,0.01328000,2034.00000000,27152904,27152905,1782877611979681,True,True
16807926,0.01329000,414.00000000,27152906,27152906,1782877621461182,False,True
16807927,0.01330000,10302.00000000,27152907,27152909,1782877624965679,True,True
16807928,0.01329000,1000.00000000,27152910,27152910,1782877626331953,True,True
16807929,0.01328000,2128.00000000,27152911,27152913,1782877636771744,True,True
16807930,0.01329000,17372.00000000,27152914,27152917,1782877659304413,True,True
16807931,0.01331000,7617.00000000,27152918,27152920,1782877790251950,False,True
16807932,0.01331000,1751.00000000,27152921,27152922,1782877790536723,True,True
16807933,0.01331000,1751.00000000,27152923,27152924,1782877795040376,True,True
16807934,0.01332000,413.00000000,27152925,27152925,1782877836113620,False,True
16807935,0.01333000,3019.00000000,27152926,27152927,1782877845079826,False,True
16807936,0.01333000,13396.00000000,27152928,27152928,1782877845080898,False,True
16807937,0.01334000,24255.00000000,27152929,27152932,1782877845080988,False,True
16807938,0.01335000,13005.00000000,27152933,27152934,1782877845301530,False,True
16807939,0.01336000,16096.00000000,27152935,27152939,1782877845301635,False,True
16807940,0.01336000,22790.00000000,27152940,27152941,1782877845302947,False,True
16807941,0.01337000,412.00000000,27152942,27152942,1782877845307482,False,True
16807942,0.01337000,12423.00000000,27152943,27152943,1782877845383388,False,True
16807943,0.01337000,1750.00000000,27152944,27152945,1782877846895451,True,True
16807944,0.01338000,412.00000000,27152946,27152946,1782877849902834,False,True
16807945,0.01339000,411.00000000,27152947,27152947,1782877860655611,False,True
16807946,0.01339000,6553.00000000,27152948,27152948,1782877860675458,True,True
16807947,0.01339000,1000.00000000,27152949,27152949,1782877860702763,True,True
16807948,0.01338000,4739.00000000,27152950,27152951,1782877868113033,True,True
16807949,0.01339000,6350.00000000,27152952,27152952,1782877889724396,True,True
16807950,0.01339000,1000.00000000,27152953,27152953,1782877889724659,True,True
16807951,0.01338000,11089.00000000,27152954,27152956,1782877889990215,True,True
16807952,0.01339000,2984.00000000,27152957,27152957,1782877892266458,False,True
16807953,0.01339000,5566.00000000,27152958,27152958,1782877899298927,False,True
16807954,0.01340000,4707.00000000,27152959,27152959,1782877899298927,False,True
16807955,0.01340000,9008.00000000,27152960,27152961,1782877906425067,False,True
16807956,0.01340000,9550.00000000,27152962,27152963,1782877906452778,True,True
16807957,0.01339000,846.00000000,27152964,27152965,1782877906776359,True,True
16807958,0.01339000,8550.00000000,27152966,27152966,1782877914677231,False,True
16807959,0.01339000,147631.00000000,27152967,27152967,1782877914678929,True,True
16807960,0.01338000,461.00000000,27152968,27152969,1782877914687663,True,True
16807961,0.01339000,39167.00000000,27152970,27152973,1782877914716449,False,True
16807962,0.01341000,17100.00000000,27152974,27152979,1782877921493581,False,True
16807963,0.01341000,11663.00000000,27152980,27152980,1782877921493719,False,True
16807964,0.01341000,793.00000000,27152981,27152981,1782877921496392,False,True
16807965,0.01342000,1410.00000000,27152982,27152983,1782877921498174,False,True
16807966,0.01342000,13142.00000000,27152984,27152985,1782877921555260,False,True
16807967,0.01343000,1256.00000000,27152986,27152987,1782877921565613,False,True
16807968,0.01343000,6350.00000000,27152988,27152988,1782877921573976,True,True
16807969,0.01343000,6350.00000000,27152989,27152989,1782877922587425,False,True
16807970,0.01344000,14808.00000000,27152990,27152993,1782877922591967,False,True
16807971,0.01344000,1000.00000000,27152994,27152994,1782877922604454,True,True
16807972,0.01344000,7902.00000000,27152995,27152995,1782877922625585,False,True
16807973,0.01344000,743.00000000,27152996,27152996,1782877922629640,True,True
16807974,0.01345000,1155.00000000,27152997,27152998,1782877923696702,False,True
16807975,0.01346000,1202.00000000,27152999,27153000,1782877923755229,False,True
16807976,0.01347000,37528.00000000,27153001,27153002,1782877923785722,False,True
16807977,0.01348000,31672.00000000,27153003,27153005,1782877925966673,False,True
16807978,0.01348000,6350.00000000,27153006,27153006,1782877925973727,True,True
16807979,0.01347000,13822.00000000,27153007,27153008,1782877925975214,True,True
16807980,0.01347000,793.00000000,27153009,27153009,1782877925978371,True,True
16807981,0.01346000,2155.00000000,27153010,27153012,1782877930964912,True,True
16807982,0.01345000,4638.00000000,27153013,27153015,1782877930965158,True,True
16807983,0.01344000,1203.00000000,27153016,27153017,1782877930970416,True,True
16807984,0.01344000,207.00000000,27153018,27153018,1782877930971940,True,True
16807985,0.01343000,1410.00000000,27153019,27153020,1782877931512527,True,True
16807986,0.01343000,6350.00000000,27153021,27153021,1782877931529471,False,True
16807987,0.01344000,7143.00000000,27153022,27153023,1782877931530842,False,True
16807988,0.01345000,7442.00000000,27153024,27153026,1782877932968017,True,True
16807989,0.01346000,17843.00000000,27153027,27153030,1782877932994804,False,True
16807990,0.01347000,33704.00000000,27153031,27153036,1782877932994804,False,True
16807991,0.01346000,1000.00000000,27153037,27153037,1782877938745960,True,True
16807992,0.01346000,743.00000000,27153038,27153038,1782877940233717,False,True
16807993,0.01347000,12574.00000000,27153039,27153043,1782877940235334,False,True
16807994,0.01347000,6278.00000000,27153044,27153045,1782877940236813,False,True
16807995,0.01347000,7350.00000000,27153046,27153047,1782877941110524,True,True
16807996,0.01346000,88.00000000,27153048,27153048,1782877941110524,True,True
16807997,0.01347000,1000.00000000,27153049,27153049,1782877978209940,True,True
16807998,0.01346000,1000.00000000,27153050,27153050,1782877988133587,True,True
16807999,0.01347000,6106.00000000,27153051,27153051,1782878028183432,True,True
16808000,0.01347000,948.00000000,27153052,27153052,1782878090726512,True,True
16808001,0.01347000,1000.00000000,27153053,27153054,1782878097124348,True,True
16808002,0.01346000,5288.00000000,27153055,27153057,1782878147154583,True,True
16808003,0.01345000,5366.00000000,27153058,27153061,1782878147165717,True,True
16808004,0.01344000,6760.00000000,27153062,27153063,1782878147168398,True,True
16808005,0.01344000,1000.00000000,27153064,27153064,1782878147170472,True,True
16808006,0.01343000,410.00000000,27153065,27153065,1782878147477173,True,True
16808007,0.01342000,410.00000000,27153066,27153066,1782878147506290,True,True
16808008,0.01341000,1411.00000000,27153067,27153068,1782878152917638,True,True
16808009,0.01341000,742.00000000,27153069,27153069,1782878157423424,False,True
16808010,0.01340000,2204.00000000,27153070,27153072,1782878162380445,True,True
16808011,0.01339000,1411.00000000,27153073,27153074,1782878167175389,True,True
16808012,0.01340000,9295.00000000,27153075,27153076,1782878167723109,False,True
16808013,0.01339000,1000.00000000,27153077,27153077,1782878172106406,True,True
16808014,0.01339000,1000.00000000,27153078,27153078,1782878186392886,True,True
16808015,0.01338000,10500.00000000,27153079,27153082,1782878186392886,True,True
16808016,0.01338000,6350.00000000,27153083,27153083,1782878186397275,False,True
16808017,0.01340000,411.00000000,27153084,27153084,1782878250779663,False,True
16808018,0.01340000,18850.00000000,27153085,27153087,1782878273302372,True,True
16808019,0.01339000,1000.00000000,27153088,27153088,1782878310698029,True,True
16808020,0.01338000,7762.00000000,27153089,27153091,1782878323364523,True,True
16808021,0.01337000,1412.00000000,27153092,27153093,1782878323370602,True,True
16808022,0.01337000,1000.00000000,27153094,27153094,1782878340782956,True,True
16808023,0.01337000,747.00000000,27153095,27153095,1782878365722446,False,True
16808024,0.01337000,1000.00000000,27153096,27153096,1782878407779446,True,True
16808025,0.01336000,1412.00000000,27153097,27153098,1782878416144501,True,True
16808026,0.01335000,1205.00000000,27153099,27153100,1782878416144901,True,True
16808027,0.01334000,413.00000000,27153101,27153101,1782878416146932,True,True
16808028,0.01333000,18828.00000000,27153102,27153105,1782878416147989,True,True
16808029,0.01334000,1000.00000000,27153106,27153106,1782878416149345,True,True
16808030,0.01332000,1529.00000000,27153107,27153108,1782878416149345,True,True
16808031,0.01332000,1810.00000000,27153109,27153109,1782878416149456,True,True
16808032,0.01332000,793.00000000,27153110,27153110,1782878416150936,True,True
16808033,0.01332000,8550.00000000,27153111,27153111,1782878416151688,True,True
16808034,0.01332000,1000.00000000,27153112,27153112,1782878416185850,True,True
16808035,0.01332000,6327.00000000,27153113,27153113,1782878420475104,True,True
16808036,0.01332000,9053.00000000,27153114,27153114,1782878423628820,True,True
16808037,0.01332000,1000.00000000,27153115,27153115,1782878423691193,True,True
16808038,0.01331000,1108.00000000,27153116,27153117,1782878435629429,True,True
16808039,0.01331000,428.00000000,27153118,27153119,1782878435631664,True,True
16808040,0.01331000,731.00000000,27153120,27153120,1782878446273413,True,True
16808041,0.01330000,1414.00000000,27153121,27153122,1782878454230960,True,True
16808042,0.01329000,750.00000000,27153123,27153123,1782878455334643,True,True
16808043,0.01330000,9316.00000000,27153124,27153126,1782878457488087,False,True
16808044,0.01330000,951.00000000,27153127,27153127,1782878457490592,False,True
16808045,0.01330000,1000.00000000,27153128,27153128,1782878462396013,True,True
16808046,0.01329000,956.00000000,27153129,27153130,1782878462398499,True,True
16808047,0.01329000,1000.00000000,27153131,27153131,1782878462484125,True,True
16808048,0.01329000,762.00000000,27153132,27153132,1782878462923033,False,True
16808049,0.01328000,206159.00000000,27153133,27153144,1782878462944907,True,True
16808050,0.01327000,2314.00000000,27153145,27153147,1782878462951058,True,True
16808051,0.01327000,1000.00000000,27153148,27153148,1782878481074528,True,True
16808052,0.01326000,21339.00000000,27153149,27153154,1782878481074528,True,True
16808053,0.01327000,7103.00000000,27153155,27153156,1782878486367613,False,True
16808054,0.01328000,7103.00000000,27153157,27153158,1782878490887116,False,True
16808055,0.01329000,1167.00000000,27153159,27153160,1782878511682290,False,True
16808056,0.01330000,1166.00000000,27153161,27153162,1782878527817655,False,True
16808057,0.01330000,1000.00000000,27153163,27153163,1782878530124990,True,True
16808058,0.01329000,5558.00000000,27153164,27153166,1782878534558123,True,True
16808059,0.01328000,1167.00000000,27153167,27153168,1782878534558394,True,True
16808060,0.01330000,4658.00000000,27153169,27153171,1782878580780681,False,True
16808061,0.01331000,1165.00000000,27153172,27153173,1782878642086587,False,True
16808062,0.01331000,2981.00000000,27153174,27153175,1782878661135280,True,True
16808063,0.01331000,1000.00000000,27153176,27153176,1782878715804059,True,True
16808064,0.01329000,1542.00000000,27153177,27153179,1782878716283142,True,True
16808065,0.01329000,1000.00000000,27153180,27153180,1782878760184835,True,True
16808066,0.01328000,9965.00000000,27153181,27153183,1782878804441490,True,True
16808067,0.01327000,5659.00000000,27153184,27153185,1782878804441490,True,True
16808068,0.01327000,1000.00000000,27153186,27153186,1782878821457137,True,True
16808069,0.01327000,6350.00000000,27153187,27153187,1782878821851911,False,True
16808070,0.01328000,753.00000000,27153188,27153188,1782878826104143,False,True
16808071,0.01328000,753.00000000,27153189,27153189,1782878863599674,False,True
16808072,0.01329000,247.00000000,27153190,27153190,1782878863599674,False,True
16808073,0.01328000,1000.00000000,27153191,27153191,1782878880840555,True,True
16808074,0.01327000,1000.00000000,27153192,27153192,1782878889993119,True,True
16808075,0.01328000,534.00000000,27153193,27153193,1782878915933250,False,True
16808076,0.01327000,1000.00000000,27153194,27153194,1782878930685261,True,True
16808077,0.01327000,1000.00000000,27153195,27153195,1782879031047545,True,True
16808078,0.01327000,1000.00000000,27153196,27153196,1782879106649891,True,True
16808079,0.01326000,415.00000000,27153197,27153197,1782879106651131,True,True
16808080,0.01325000,1663.00000000,27153198,27153199,1782879106651932,True,True
16808081,0.01324000,3210.00000000,27153200,27153203,1782879106653125,True,True
16808082,0.01323000,190000.00000000,27153204,27153205,1782879106653980,True,True
16808083,0.01323000,84550.00000000,27153206,27153206,1782879106654218,True,True
16808084,0.01323000,35815.00000000,27153207,27153207,1782879106654241,True,True
16808085,0.01324000,9147.00000000,27153208,27153208,1782879106654605,True,True
16808086,0.01323000,28853.00000000,27153209,27153209,1782879106654605,True,True
16808087,0.01324000,8550.00000000,27153210,27153210,1782879106654746,True,True
16808088,0.01323000,38000.00000000,27153211,27153211,1782879106654865,True,True
16808089,0.01324000,6350.00000000,27153212,27153212,1782879106655304,True,True
16808090,0.01323000,69650.00000000,27153213,27153213,1782879106655304,True,True
16808091,0.01323000,38000.00000000,27153214,27153214,1782879106655486,True,True
16808092,0.01323000,9550.00000000,27153215,27153216,1782879106678150,True,True
16808093,0.01323000,9303.00000000,27153217,27153218,1782879162640565,False,True
16808094,0.01324000,793.00000000,27153219,27153219,1782879162689242,False,True
16808095,0.01325000,416.00000000,27153220,27153220,1782879162712013,False,True
16808096,0.01325000,756.00000000,27153221,27153221,1782879311521399,False,True
16808097,0.01326000,17828.00000000,27153222,27153225,1782879311524066,False,True
16808098,0.01327000,415.00000000,27153226,27153226,1782879325577071,False,True
16808099,0.01328000,1169.00000000,27153227,27153228,1782879334679694,False,True
16808100,0.01329000,47363.00000000,27153229,27153233,1782879367243258,False,True
16808101,0.01329000,9550.00000000,27153234,27153235,1782879367283019,True,True
16808102,0.01328000,4267.00000000,27153236,27153236,1782879367283019,True,True
16808103,0.01329000,3372.00000000,27153237,27153237,1782879367289874,False,True
16808104,0.01329000,2978.00000000,27153238,27153238,1782879367290469,False,True
16808105,0.01328000,1000.00000000,27153239,27153239,1782879446526351,True,True
16808106,0.01327000,1415.00000000,27153240,27153241,1782879453337808,True,True
16808107,0.01327000,497.00000000,27153242,27153242,1782879453343589,True,True
16808108,0.01328000,12773.00000000,27153243,27153244,1782879571151573,False,True
16808109,0.01328000,14592.00000000,27153245,27153246,1782879630945118,True,True
16808110,0.01329000,1167.00000000,27153247,27153248,1782879691188933,False,True
16808111,0.01329000,9550.00000000,27153249,27153250,1782879695136441,True,True
16808112,0.01328000,1000.00000000,27153251,27153251,1782879807502129,True,True
16808113,0.01327000,1208.00000000,27153252,27153253,1782879807503216,True,True
16808114,0.01326000,415.00000000,27153254,27153254,1782879807503429,True,True
16808115,0.01325000,416.00000000,27153255,27153255,1782879807504899,True,True
16808116,0.01324000,1416.00000000,27153256,27153257,1782879807557603,True,True
16808117,0.01324000,19605.00000000,27153258,27153259,1782879807565268,False,True
16808118,0.01324000,3735.00000000,27153260,27153260,1782879807774135,True,True
16808119,0.01325000,5866.00000000,27153261,27153261,1782879807905219,False,True
16808120,0.01326000,752.00000000,27153262,27153262,1782879810185083,False,True
16808121,0.01326000,9550.00000000,27153263,27153264,1782879876478766,True,True
16808122,0.01325000,10857.00000000,27153265,27153266,1782879876478766,True,True
16808123,0.01326000,1000.00000000,27153267,27153267,1782879876511010,True,True
16808124,0.01326000,6350.00000000,27153268,27153268,1782879876546003,False,True
16808125,0.01326000,754.00000000,27153269,27153269,1782879876549851,False,True
16808126,0.01326000,15900.00000000,27153270,27153272,1782879894034201,True,True
16808127,0.01326000,38000.00000000,27153273,27153273,1782880017224259,False,True
16808128,0.01326000,9111.00000000,27153274,27153274,1782880017224367,False,True
16808129,0.01326000,38000.00000000,27153275,27153275,1782880017224373,False,True
16808130,0.01326000,29735.00000000,27153276,27153276,1782880017224406,False,True
16808131,0.01326000,38000.00000000,27153277,27153281,1782880017224464,False,True
16808132,0.01327000,1000.00000000,27153282,27153282,1782880017227852,False,True
16808133,0.01327000,6350.00000000,27153283,27153284,1782880017271389,True,True
16808134,0.01326000,512.00000000,27153285,27153285,1782880105084933,True,True
16808135,0.01326000,1000.00000000,27153286,27153286,1782880175232143,True,True
16808136,0.01325000,12181.00000000,27153287,27153293,1782880201744672,True,True
16808137,0.01324000,1209.00000000,27153294,27153295,1782880201747553,True,True
16808138,0.01323000,416.00000000,27153296,27153296,1782880201749568,True,True
16808139,0.01322000,8967.00000000,27153297,27153298,1782880201749568,True,True
16808140,0.01322000,157927.00000000,27153299,27153299,1782880201751428,False,True
16808141,0.01323000,1000.00000000,27153300,27153300,1782880201754400,False,True
16808142,0.01323000,25194.00000000,27153301,27153306,1782880201785151,True,True
16808143,0.01322000,30716.00000000,27153307,27153310,1782880201785151,True,True
16808144,0.01321000,35275.00000000,27153311,27153315,1782880201785151,True,True
16808145,0.01321000,9550.00000000,27153316,27153316,1782880201787276,True,True
16808146,0.01322000,30015.00000000,27153317,27153322,1782880216477174,True,True
16808147,0.01321000,4225.00000000,27153323,27153328,1782880238537283,True,True
16808148,0.01320000,939.00000000,27153329,27153330,1782880241282699,True,True
16808149,0.01320000,782.00000000,27153331,27153332,1782880241282699,True,True
16808150,0.01321000,23268.00000000,27153333,27153336,1782880244375954,False,True
16808151,0.01321000,9142.00000000,27153337,27153338,1782880244481661,False,True
16808152,0.01321000,9550.00000000,27153339,27153340,1782880296698357,True,True
16808153,0.01320000,1000.00000000,27153341,27153341,1782880300002580,True,True
