284229179,0.82200000,7.86000000,443130182,443130182,1782864006207696,True,True
284229180,0.82200000,1062.14000000,443130183,443130187,1782864021120103,True,True
284229181,0.82300000,1139.93000000,443130188,443130193,1782864022623132,False,True
284229182,0.82300000,14.55000000,443130194,443130194,1782864022624250,False,True
284229183,0.82300000,6.72000000,443130195,443130195,1782864022624428,False,True
284229184,0.82300000,6.46000000,443130196,443130196,1782864022624521,False,True
284229185,0.82300000,3147.03000000,443130197,443130202,1782864022624725,False,True
284229186,0.82300000,73.28000000,443130203,443130203,1782864024703031,True,True
284229187,0.82400000,12.14000000,443130204,443130204,1782864047952627,False,True
284229188,0.82300000,8.38000000,443130205,443130205,1782864054875829,True,True
284229189,0.82300000,757.93000000,443130206,443130209,1782864071690628,True,True
284229190,0.82300000,1530.48000000,443130210,443130211,1782864071691792,True,True
284229191,0.82300000,12.90000000,443130212,443130213,1782864071694822,True,True
284229192,0.82300000,729.64000000,443130214,443130214,1782864071695140,True,True
284229193,0.82300000,12.90000000,443130215,443130216,1782864071703437,True,True
284229194,0.82300000,12.90000000,443130217,443130218,1782864072145166,True,True
284229195,0.82300000,6.45000000,443130219,443130219,1782864073768400,True,True
284229196,0.82200000,341.68000000,443130220,443130220,1782864073768400,True,True
284229197,0.82200000,202.50000000,443130221,443130221,1782864094453628,True,True
284229198,0.82300000,100.00000000,443130222,443130223,1782864122382390,False,True
284229199,0.82300000,100.00000000,443130224,443130225,1782864158921338,False,True
284229200,0.82300000,48.52000000,443130226,443130229,1782864159527505,False,True
284229201,0.82300000,66.45000000,443130230,443130231,1782864159708915,True,True
284229202,0.82300000,66.45000000,443130232,443130233,1782864159719808,True,True
284229203,0.82300000,12.90000000,443130234,443130235,1782864175341862,True,True
284229204,0.82300000,19.35000000,443130236,443130238,1782864175496101,True,True
284229205,0.82200000,88.28000000,443130239,443130239,1782864207526640,True,True
284229206,0.82200000,2400.00000000,443130240,443130246,1782864207527648,True,True
284229207,0.82200000,609.49000000,443130247,443130252,1782864207527840,True,True
284229208,0.82200000,51.48000000,443130253,443130253,1782864207529808,False,True
284229209,0.82200000,51.48000000,443130254,443130254,1782864207529831,False,True
284229210,0.82200000,205.50000000,443130255,443130255,1782864227353125,True,True
284229211,0.82300000,556.10000000,443130256,443130258,1782864227461164,False,True
284229212,0.82300000,187.80000000,443130259,443130264,1782864251486169,False,True
284229213,0.82300000,143.18000000,443130265,443130266,1782864251486444,False,True
284229214,0.82300000,44.43000000,443130267,443130267,1782864261813805,True,True
284229215,0.82300000,1733.43000000,443130268,443130273,1782864370771646,True,True
284229216,0.82300000,37.56000000,443130274,443130274,1782864435971116,False,True
284229217,0.82200000,10539.22000000,443130275,443130290,1782864452651533,True,True
284229218,0.82300000,50.48000000,443130291,443130291,1782864491099371,False,True
284229219,0.82300000,52.75000000,443130292,443130292,1782864533285542,False,True
284229220,0.82300000,278.05000000,443130293,443130293,1782864536634101,False,True
284229221,0.82300000,139.02000000,443130294,443130296,1782864536635075,False,True
284229222,0.82300000,63.06000000,443130297,443130297,1782864536636118,False,True
284229223,0.82300000,6.45000000,443130298,443130298,1782864536636201,False,True
284229224,0.82300000,995.96000000,443130299,443130309,1782864538738140,False,True
284229225,0.82300000,142.12000000,443130310,443130312,1782864541780307,True,True
284229226,0.82300000,34.76000000,443130313,443130313,1782864545300985,False,True
284229227,0.82300000,17.38000000,443130314,443130316,1782864545302388,False,True
284229228,0.82300000,1.97000000,443130317,443130317,1782864545303600,False,True
284229229,0.82400000,500.00000000,443130318,443130318,1782864564168679,False,True
284229230,0.82300000,142.02000000,443130319,443130323,1782864577133363,True,True
284229231,0.82300000,19.47000000,443130324,443130325,1782864577858388,True,True
284229232,0.82300000,28.28000000,443130326,443130328,1782864577858447,True,True
284229233,0.82200000,496.80000000,443130329,443130339,1782864593787456,True,True
284229234,0.82200000,114.79000000,443130340,443130340,1782864599436620,False,True
284229235,0.82200000,7.70000000,443130341,443130342,1782864611700359,False,True
284229236,0.82200000,305.37000000,443130343,443130343,1782864614473202,True,True
284229237,0.82200000,89.06000000,443130344,443130344,1782864648011659,True,True
284229238,0.82300000,100.00000000,443130345,443130350,1782864658273324,False,True
284229239,0.82300000,20.43000000,443130351,443130353,1782864661145150,False,True
284229240,0.82300000,59.35000000,443130354,443130356,1782864665130582,False,True
284229241,0.82300000,19.35000000,443130357,443130359,1782864677107023,False,True
284229242,0.82300000,296.27000000,443130360,443130361,1782864698475494,True,True
284229243,0.82300000,205.15000000,443130362,443130365,1782864710288240,True,True
284229244,0.82300000,6.45000000,443130366,443130366,1782864711161049,True,True
284229245,0.82300000,19.35000000,443130367,443130369,1782864742307687,False,True
284229246,0.82300000,48.55000000,443130370,443130371,1782864743633571,True,True
284229247,0.82300000,614.37000000,443130372,443130374,1782864758558867,True,True
284229248,0.82200000,187.91000000,443130375,443130375,1782864764743308,True,True
284229249,0.82300000,64.37000000,443130376,443130377,1782864791116815,False,True
284229250,0.82200000,20.00000000,443130378,443130381,1782864813906117,True,True
284229251,0.82300000,302.52000000,443130382,443130387,1782864817365263,False,True
284229252,0.82400000,24.60000000,443130388,443130388,1782864817369534,False,True
284229253,0.82400000,68.75000000,443130389,443130389,1782864833163756,False,True
284229254,0.82400000,68.36000000,443130390,443130390,1782864893271667,False,True
284229255,0.82400000,17.48000000,443130391,443130391,1782864908645543,False,True
284229256,0.82400000,317.68000000,443130392,443130400,1782864910731236,False,True
284229257,0.82500000,25.90000000,443130401,443130401,1782864910739549,False,True
284229258,0.82400000,123.78000000,443130402,443130402,1782864921073444,True,True
284229259,0.82400000,4040.87000000,443130403,443130410,1782864937466935,True,True
284229260,0.82400000,136.66000000,443130411,443130414,1782864942846505,True,True
284229261,0.82400000,65.24000000,443130415,443130418,1782864944594119,True,True
284229262,0.82400000,100.00000000,443130419,443130419,1782864984796936,False,True
284229263,0.82400000,40.33000000,443130420,443130420,1782865009765378,False,True
284229264,0.82300000,431.33000000,443130421,443130421,1782865016983400,True,True
284229265,0.82400000,12.41000000,443130422,443130422,1782865027120241,False,True
284229266,0.82400000,35.59000000,443130423,443130426,1782865029525595,False,True
284229267,0.82400000,12.15000000,443130427,443130427,1782865032727485,True,True
284229268,0.82400000,152.68000000,443130428,443130431,1782865057897881,True,True
284229269,0.82400000,74.28000000,443130432,443130433,1782865063099949,True,True
284229270,0.82400000,22.47000000,443130434,443130434,1782865099612048,False,True
284229271,0.82300000,42.00000000,443130435,443130435,1782865104082413,True,True
284229272,0.82400000,20.00000000,443130436,443130436,1782865134331222,False,True
284229273,0.82300000,12.40000000,443130437,443130437,1782865214538235,True,True
284229274,0.82400000,66.57000000,443130438,443130438,1782865219714932,False,True
284229275,0.82300000,12.05000000,443130439,443130439,1782865221216982,True,True
284229276,0.82400000,100.00000000,443130440,443130442,1782865223824996,False,True
284229277,0.82400000,242.71000000,443130443,443130443,1782865235648144,False,True
284229278,0.82300000,66.32000000,443130444,443130448,1782865251650636,True,True
284229279,0.82300000,910.84000000,443130449,443130453,1782865256929909,True,True
284229280,0.82300000,125.73000000,443130454,443130459,1782865312605533,True,True
284229281,0.82300000,69.15000000,443130460,443130461,1782865312607114,True,True
284229282,0.82300000,90.00000000,443130462,443130462,1782865312669034,False,True
284229283,0.82300000,69.35000000,443130463,443130466,1782865315054958,False,True
284229284,0.82300000,13.32000000,443130467,443130467,1782865316122709,True,True
284229285,0.82300000,51.24000000,443130468,443130471,1782865358275922,False,True
284229286,0.82300000,25.11000000,443130472,443130473,1782865360755743,True,True
284229287,0.82300000,915.47000000,443130474,443130477,1782865364768564,True,True
284229288,0.82200000,3370.05000000,443130478,443130487,1782865364768564,True,True
284229289,0.82300000,19.35000000,443130488,443130490,1782865365927422,False,True
284229290,0.82200000,6057.97000000,443130491,443130506,1782865389755298,True,True
284229291,0.82200000,51.48000000,443130507,443130507,1782865389756856,False,True
284229292,0.82100000,920.03000000,443130508,443130513,1782865395366837,True,True
284229293,0.82100000,610.79000000,443130514,443130515,1782865395410790,True,True
284229294,0.82100000,1219.22000000,443130516,443130516,1782865395422276,True,True
284229295,0.82100000,10.06000000,443130517,443130517,1782865413284074,True,True
284229296,0.82100000,7.60000000,443130518,443130519,1782865459217159,True,True
284229297,0.82100000,206.39000000,443130520,443130525,1782865478488199,True,True
284229298,0.82000000,136.54000000,443130526,443130526,1782865539908663,True,True
284229299,0.82000000,181.05000000,443130527,443130527,1782865539911207,True,True
284229300,0.82000000,121.41000000,443130528,443130535,1782865539913768,True,True
284229301,0.81900000,261.69000000,443130536,443130536,1782865539943401,True,True
284229302,0.81900000,15208.00000000,443130537,443130548,1782865539946346,True,True
284229303,0.81900000,695.23000000,443130549,443130549,1782865539950714,True,True
284229304,0.81900000,15032.00000000,443130550,443130558,1782865540023865,True,True
284229305,0.81900000,12.20000000,443130559,443130559,1782865540088441,True,True
284229306,0.81900000,12.20000000,443130560,443130560,1782865540088539,True,True
284229307,0.81900000,201.34000000,443130561,443130561,1782865540122552,True,True
284229308,0.81900000,484.07000000,443130562,443130562,1782865540123229,True,True
284229309,0.82000000,2437.42000000,443130563,443130566,1782865540203213,False,True
284229310,0.82000000,1044.97000000,443130567,443130571,1782865540203224,False,True
284229311,0.82000000,3276.17000000,443130572,443130574,1782865540203413,False,True
284229312,0.82000000,3184.84000000,443130575,443130576,1782865540203793,False,True
284229313,0.82000000,1554.50000000,443130577,443130577,1782865540203801,False,True
284229314,0.82000000,1029.28000000,443130578,443130579,1782865550103930,False,True
284229315,0.82000000,540.35000000,443130580,443130585,1782865550104690,False,True
284229316,0.82000000,362.34000000,443130586,443130587,1782865554590668,True,True
284229317,0.81900000,366.43000000,443130588,443130594,1782865589236153,True,True
284229318,0.81900000,372.77000000,443130595,443130599,1782865600199094,False,True
284229319,0.81900000,124.23000000,443130600,443130601,1782865620521680,True,True
284229320,0.81900000,106.71000000,443130602,443130602,1782865673175429,True,True
284229321,0.82000000,6.54000000,443130603,443130603,1782865684707618,False,True
284229322,0.81900000,96.70000000,443130604,443130604,1782865685272137,True,True
284229323,0.81900000,241.89000000,443130605,443130605,1782865689538678,True,True
284229324,0.82000000,100.00000000,443130606,443130611,1782865695348728,False,True
284229325,0.82000000,100.00000000,443130612,443130612,1782865695359601,False,True
284229326,0.82000000,8.74000000,443130613,443130613,1782865697521127,False,True
284229327,0.82000000,85.50000000,443130614,443130614,1782865706062217,False,True
284229328,0.82000000,31.30000000,443130615,443130615,1782865714471157,False,True
284229329,0.82000000,698.19000000,443130616,443130623,1782865728976062,False,True
284229330,0.82000000,21.00000000,443130624,443130624,1782865733806640,True,True
284229331,0.82000000,137.33000000,443130625,443130625,1782865771019294,True,True
284229332,0.82100000,20.17000000,443130626,443130626,1782865787618550,False,True
284229333,0.82000000,90.05000000,443130627,443130627,1782865811098262,True,True
284229334,0.82100000,53.98000000,443130628,443130633,1782865844695014,False,True
284229335,0.82200000,82.43000000,443130634,443130640,1782865860774317,False,True
284229336,0.82300000,120.00000000,443130641,443130641,1782865862826722,False,True
284229337,0.82200000,6.53000000,443130642,443130642,1782865869219522,True,True
284229338,0.82300000,218.93000000,443130643,443130652,1782865870651145,False,True
284229339,0.82300000,543.23000000,443130653,443130655,1782865877700704,True,True
284229340,0.82300000,65.48000000,443130656,443130656,1782865879482353,True,True
284229341,0.82300000,496.32000000,443130657,443130658,1782865879483112,True,True
284229342,0.82200000,129.16000000,443130659,443130664,1782865941735096,True,True
284229343,0.82200000,212.61000000,443130665,443130667,1782865941736436,True,True
284229344,0.82200000,133.09000000,443130668,443130670,1782865941736504,True,True
284229345,0.82200000,156.57000000,443130671,443130675,1782865950699167,False,True
284229346,0.82200000,22.67000000,443130676,443130676,1782865972176823,True,True
284229347,0.82300000,796.97000000,443130677,443130677,1782865976600360,False,True
284229348,0.82300000,75.10000000,443130678,443130678,1782866003622616,False,True
284229349,0.82300000,125.00000000,443130679,443130679,1782866023572105,False,True
284229350,0.82300000,266.00000000,443130680,443130688,1782866023599153,False,True
284229351,0.82400000,48.10000000,443130689,443130689,1782866023603817,False,True
284229352,0.82300000,26.29000000,443130690,443130692,1782866027630265,True,True
284229353,0.82300000,178.48000000,443130693,443130696,1782866061470143,True,True
284229354,0.82200000,431.00000000,443130697,443130697,1782866064952374,True,True
284229355,0.82300000,46.19000000,443130698,443130701,1782866078424580,False,True
284229356,0.82300000,607.92000000,443130702,443130703,1782866078822648,True,True
284229357,0.82200000,2818.16000000,443130704,443130717,1782866078822648,True,True
284229358,0.82200000,39.53000000,443130718,443130718,1782866080575108,True,True
284229359,0.82300000,40.82000000,443130719,443130722,1782866090724684,False,True
284229360,0.82300000,36.37000000,443130723,443130726,1782866100250698,False,True
284229361,0.82300000,360.89000000,443130727,443130731,1782866102274173,False,True
284229362,0.82300000,18.22000000,443130732,443130734,1782866126948850,False,True
284229363,0.82300000,38.80000000,443130735,443130735,1782866130928120,False,True
284229364,0.82200000,6.08000000,443130736,443130736,1782866160589320,True,True
284229365,0.82300000,7.27000000,443130737,443130737,1782866163361918,False,True
284229366,0.82300000,109.99000000,443130738,443130739,1782866188122464,False,True
284229367,0.82300000,36.20000000,443130740,443130740,1782866220473217,False,True
284229368,0.82300000,45.17000000,443130741,443130744,1782866245649213,False,True
284229369,0.82300000,244.48000000,443130745,443130748,1782866316408640,True,True
284229370,0.82300000,12.14000000,443130749,443130749,1782866320204023,True,True
284229371,0.82300000,9.17000000,443130750,443130750,1782866325012861,True,True
284229372,0.82300000,58.67000000,443130751,443130751,1782866326998130,True,True
284229373,0.82200000,71.56000000,443130752,443130757,1782866377035330,True,True
284229374,0.82200000,86.26000000,443130758,443130761,1782866377168390,True,True
284229375,0.82200000,51.08000000,443130762,443130762,1782866377171863,False,True
284229376,0.82200000,51.48000000,443130763,443130763,1782866377172112,False,True
284229377,0.82200000,51.48000000,443130764,443130764,1782866377172153,False,True
284229378,0.82200000,12.16000000,443130765,443130765,1782866422216884,True,True
284229379,0.82300000,636.94000000,443130766,443130766,1782866428700057,False,True
284229380,0.82300000,576.44000000,443130767,443130774,1782866442899175,False,True
284229381,0.82400000,65.00000000,443130775,443130775,1782866442902868,False,True
284229382,0.82400000,81.83000000,443130776,443130776,1782866458143352,False,True
284229383,0.82300000,12.23000000,443130777,443130778,1782866463302459,True,True
284229384,0.82300000,324.86000000,443130779,443130784,1782866467358256,True,True
284229385,0.82200000,12.23000000,443130785,443130785,1782866469305651,True,True
284229386,0.82300000,363.00000000,443130786,443130786,1782866493247383,False,True
284229387,0.82300000,58.44000000,443130787,443130788,1782866523343166,True,True
284229388,0.82400000,321.96000000,443130789,443130789,1782866528577466,False,True
284229389,0.82400000,364.07000000,443130790,443130792,1782866545869894,False,True
284229390,0.82300000,295.97000000,443130793,443130796,1782866556900095,True,True
284229391,0.82300000,940.90000000,443130797,443130798,1782866567642454,False,True
284229392,0.82300000,230.00000000,443130799,443130799,1782866577614167,True,True
284229393,0.82300000,94.95000000,443130800,443130803,1782866598797708,False,True
284229394,0.82300000,100.12000000,443130804,443130804,1782866628554566,False,True
284229395,0.82300000,52.64000000,443130805,443130805,1782866666443211,False,True
284229396,0.82300000,100.00000000,443130806,443130806,1782866687530199,False,True
284229397,0.82300000,36.45000000,443130807,443130807,1782866698978352,False,True
284229398,0.82300000,378.95000000,443130808,443130811,1782866699128635,False,True
284229399,0.82400000,24.00000000,443130812,443130812,1782866699133061,False,True
284229400,0.82400000,29.18000000,443130813,443130813,1782866699159034,False,True
284229401,0.82300000,385.67000000,443130814,443130818,1782866706637625,True,True
284229402,0.82400000,8.22000000,443130819,443130819,1782866763397808,False,True
284229403,0.82400000,100.00000000,443130820,443130824,1782866769565233,False,True
284229404,0.82400000,373.52000000,443130825,443130834,1782866769645512,False,True
284229405,0.82400000,80.65000000,443130835,443130837,1782866772163869,True,True
284229406,0.82300000,26.20000000,443130838,443130841,1782866786574033,True,True
284229407,0.82300000,6.44000000,443130842,443130842,1782866786574396,True,True
284229408,0.82300000,399.36000000,443130843,443130845,1782866808855783,True,True
284229409,0.82300000,6.45000000,443130846,443130846,1782866810070024,True,True
284229410,0.82200000,112.94000000,443130847,443130847,1782866810070024,True,True
284229411,0.82200000,17028.01000000,443130848,443130864,1782866830049803,True,True
284229412,0.82100000,720.83000000,443130865,443130869,1782866830053403,True,True
284229413,0.82100000,1594.08000000,443130870,443130872,1782866830053465,True,True
284229414,0.82100000,3312.58000000,443130873,443130877,1782866830053532,True,True
284229415,0.82100000,2219.50000000,443130878,443130878,1782866830053535,True,True
284229416,0.82100000,6100.90000000,443130879,443130884,1782866830053546,True,True
284229417,0.82100000,254.19000000,443130885,443130885,1782866830053669,True,True
284229418,0.82100000,2400.00000000,443130886,443130886,1782866830053689,True,True
284229419,0.82100000,1922.06000000,443130887,443130888,1782866830053739,True,True
284229420,0.82100000,1154.69000000,443130889,443130891,1782866830055391,False,True
284229421,0.82100000,1154.69000000,443130892,443130892,1782866830055662,False,True
284229422,0.82000000,147.24000000,443130893,443130893,1782866830056523,True,True
284229423,0.82000000,677.80000000,443130894,443130900,1782866830056527,True,True
284229424,0.82100000,2360.12000000,443130901,443130905,1782866830059130,False,True
284229425,0.82200000,635.23000000,443130906,443130906,1782866830062350,False,True
284229426,0.82100000,226.34000000,443130907,443130907,1782866830063701,True,True
284229427,0.82100000,635.00000000,443130908,443130908,1782866830225381,True,True
284229428,0.82100000,26.64000000,443130909,443130909,1782866830334799,True,True
284229429,0.82200000,6.08000000,443130910,443130910,1782866878796138,False,True
284229430,0.82100000,14.65000000,443130911,443130913,1782866892267688,True,True
284229431,0.82100000,17.01000000,443130914,443130914,1782867046288233,True,True
284229432,0.82200000,1764.69000000,443130915,443130925,1782867111562101,False,True
284229433,0.82300000,100.00000000,443130926,443130926,1782867162465312,False,True
284229434,0.82300000,100.00000000,443130927,443130927,1782867162477171,False,True
284229435,0.82300000,883.78000000,443130928,443130938,1782867164160167,False,True
284229436,0.82300000,769.74000000,443130939,443130945,1782867165496203,True,True
284229437,0.82300000,60.76000000,443130946,443130946,1782867222733665,False,True
284229438,0.82200000,1651.47000000,443130947,443130957,1782867250569410,True,True
284229439,0.82200000,51.48000000,443130958,443130958,1782867250574050,False,True
284229440,0.82200000,51.48000000,443130959,443130959,1782867250574637,False,True
284229441,0.82200000,24.30000000,443130960,443130960,1782867262414613,False,True
284229442,0.82200000,24.30000000,443130961,443130961,1782867263402019,False,True
284229443,0.82200000,27.00000000,443130962,443130962,1782867263474608,False,True
284229444,0.82200000,182.48000000,443130963,443130963,1782867280002105,False,True
284229445,0.82100000,18.07000000,443130964,443130964,1782867285610860,True,True
284229446,0.82200000,100.00000000,443130965,443130967,1782867362313149,False,True
284229447,0.82200000,8.52000000,443130968,443130968,1782867500637706,False,True
284229448,0.82100000,20.89000000,443130969,443130969,1782867567329523,True,True
284229449,0.82200000,182.48000000,443130970,443130970,1782867598551266,False,True
284229450,0.82200000,1699.73000000,443130971,443130971,1782867615334799,False,True
284229451,0.82200000,1508.40000000,443130972,443130980,1782867615335008,False,True
284229452,0.82200000,65.38000000,443130981,443130982,1782867615335043,False,True
284229453,0.82300000,59.57000000,443130983,443130983,1782867657220297,False,True
284229454,0.82200000,657.91000000,443130984,443130986,1782867663151413,True,True
284229455,0.82200000,97.33000000,443130987,443130991,1782867678287122,True,True
284229456,0.82200000,214.29000000,443130992,443130992,1782867692379870,False,True
284229457,0.82100000,85.26000000,443130993,443130995,1782867765846967,True,True
284229458,0.82200000,59.27000000,443130996,443130996,1782867806755593,False,True
284229459,0.82200000,38.07000000,443130997,443130997,1782867809077972,False,True
284229460,0.82200000,748.52000000,443130998,443130999,1782867820643948,False,True
284229461,0.82100000,118.61000000,443131000,443131007,1782867843106168,True,True
284229462,0.82000000,217.80000000,443131008,443131009,1782867860859364,True,True
284229463,0.82000000,222.36000000,443131010,443131010,1782867860859534,True,True
284229464,0.82000000,210.65000000,443131011,443131015,1782867860860761,True,True
284229465,0.82000000,153.62000000,443131016,443131017,1782867860861556,True,True
284229466,0.82000000,6.14000000,443131018,443131018,1782867911144347,False,True
284229467,0.81900000,405.17000000,443131019,443131026,1782867915927527,True,True
284229468,0.81900000,12.21000000,443131027,443131028,1782867937577866,False,True
284229469,0.81900000,94.11000000,443131029,443131029,1782867954443681,False,True
284229470,0.81900000,90.13000000,443131030,443131030,1782867965890848,False,True
284229471,0.81900000,85.78000000,443131031,443131031,1782867966643552,False,True
284229472,0.81900000,63.76000000,443131032,443131032,1782867967164785,False,True
284229473,0.81900000,472.79000000,443131033,443131036,1782867967744536,False,True
284229474,0.82000000,140.60000000,443131037,443131039,1782867985108058,False,True
284229475,0.81900000,274.13000000,443131040,443131043,1782867990039308,True,True
284229476,0.81900000,9.30000000,443131044,443131045,1782868027472495,False,True
284229477,0.81800000,6.14000000,443131046,443131046,1782868087483868,True,True
284229478,0.81800000,555.95000000,443131047,443131055,1782868131402340,True,True
284229479,0.81800000,6.48000000,443131056,443131056,1782868131402600,True,True
284229480,0.81800000,1016.03000000,443131057,443131062,1782868150744439,False,True
284229481,0.81800000,1542.94000000,443131063,443131070,1782868157894345,True,True
284229482,0.81800000,122.24000000,443131071,443131071,1782868184755803,False,True
284229483,0.81700000,257.35000000,443131072,443131078,1782868217165680,True,True
284229484,0.81700000,6.49000000,443131079,443131079,1782868217165681,True,True
284229485,0.81600000,677.01000000,443131080,443131087,1782868235359462,True,True
284229486,0.81600000,6.50000000,443131088,443131088,1782868235359464,True,True
284229487,0.81500000,526.37000000,443131089,443131098,1782868250475416,True,True
284229488,0.81500000,6.50000000,443131099,443131099,1782868250475416,True,True
284229489,0.81400000,114.58000000,443131100,443131100,1782868250475416,True,True
284229490,0.81500000,187.73000000,443131101,443131101,1782868250787838,False,True
284229491,0.81400000,1382.86000000,443131102,443131107,1782868256808539,True,True
284229492,0.81400000,6.51000000,443131108,443131108,1782868256809085,True,True
284229493,0.81400000,17.85000000,443131109,443131109,1782868256835793,False,True
284229494,0.81400000,23.48000000,443131110,443131110,1782868257578506,False,True
284229495,0.81400000,909.40000000,443131111,443131114,1782868269045061,False,True
284229496,0.81400000,19.58000000,443131115,443131117,1782868269074098,False,True
284229497,0.81500000,53.60000000,443131118,443131118,1782868271124101,False,True
284229498,0.81400000,231.12000000,443131119,443131122,1782868274024397,True,True
284229499,0.81400000,68.16000000,443131123,443131123,1782868274124304,False,True
284229500,0.81400000,105.90000000,443131124,443131126,1782868276129341,False,True
284229501,0.81400000,738.33000000,443131127,443131131,1782868277827535,False,True
284229502,0.81500000,6.81000000,443131132,443131132,1782868277827535,False,True
284229503,0.81400000,36.41000000,443131133,443131135,1782868281471643,True,True
284229504,0.81500000,347.45000000,443131136,443131145,1782868290215367,False,True
284229505,0.81500000,36.81000000,443131146,443131146,1782868301792593,False,True
284229506,0.81500000,728.54000000,443131147,443131151,1782868322029944,False,True
284229507,0.81600000,31.40000000,443131152,443131152,1782868322035158,False,True
284229508,0.81500000,231.09000000,443131153,443131156,1782868342374679,True,True
284229509,0.81500000,6.13000000,443131157,443131157,1782868356101092,False,True
284229510,0.81400000,126.69000000,443131158,443131161,1782868362296241,True,True
284229511,0.81400000,76.12000000,443131162,443131163,1782868364631820,True,True
284229512,0.81400000,170.56000000,443131164,443131170,1782868364632071,True,True
284229513,0.81300000,269.44000000,443131171,443131172,1782868365004220,True,True
284229514,0.81300000,15.15000000,443131173,443131173,1782868365004220,True,True
284229515,0.81300000,22.72000000,443131174,443131174,1782868365004220,True,True
284229516,0.81300000,22.73000000,443131175,443131175,1782868365004220,True,True
284229517,0.81300000,509.16000000,443131176,443131184,1782868365004220,True,True
284229518,0.81200000,730.42000000,443131185,443131185,1782868365004220,True,True
284229519,0.81200000,24.27000000,443131186,443131186,1782868365004220,True,True
284229520,0.81200000,24.27000000,443131187,443131187,1782868365004220,True,True
284229521,0.81200000,26.97000000,443131188,443131188,1782868365004220,True,True
284229522,0.81200000,1002.82000000,443131189,443131191,1782868365085563,True,True
284229523,0.81200000,16866.23000000,443131192,443131200,1782868365087049,True,True
284229524,0.81200000,14174.77000000,443131201,443131208,1782868365088277,True,True
284229525,0.81200000,2767.13000000,443131209,443131209,1782868365114515,True,True
284229526,0.81200000,1234.24000000,443131210,443131211,1782868365119774,True,True
284229527,0.81200000,2400.00000000,443131212,443131213,1782868365120737,True,True
284229528,0.81200000,1428.35000000,443131214,443131215,1782868365149794,True,True
284229529,0.81200000,1219.52000000,443131216,443131220,1782868365151351,True,True
284229530,0.81200000,374.80000000,443131221,443131221,1782868365152576,True,True
284229531,0.81200000,720.24000000,443131222,443131224,1782868365161245,True,True
284229532,0.81200000,165.92000000,443131225,443131225,1782868365250592,False,True
284229533,0.81200000,461.07000000,443131226,443131230,1782868365260415,False,True
284229534,0.81200000,555.90000000,443131231,443131231,1782868365362139,True,True
284229535,0.81200000,3022.79000000,443131232,443131236,1782868365371657,True,True
284229536,0.81200000,12.28000000,443131237,443131237,1782868365386502,False,True
284229537,0.81200000,201.69000000,443131238,443131238,1782868365441553,False,True
284229538,0.81100000,128.97000000,443131239,443131242,1782868365931872,True,True
284229539,0.81100000,11114.49000000,443131243,443131249,1782868365931872,True,True
284229540,0.81100000,646.99000000,443131250,443131251,1782868365938774,True,True
284229541,0.81100000,70.99000000,443131252,443131252,1782868365958806,False,True
284229542,0.81100000,1361.69000000,443131253,443131254,1782868365995857,False,True
284229543,0.81000000,3277.32000000,443131255,443131262,1782868366483681,True,True
284229544,0.81000000,17.81000000,443131263,443131263,1782868366483681,True,True
284229545,0.81000000,18694.06000000,443131264,443131274,1782868366484030,True,True
284229546,0.80900000,227.00000000,443131275,443131281,1782868366484232,True,True
284229547,0.80900000,60.53000000,443131282,443131282,1782868366484232,True,True
284229548,0.80900000,2734.46000000,443131283,443131286,1782868366484328,True,True
284229549,0.81000000,2143.32000000,443131287,443131288,1782868366486033,False,True
284229550,0.81000000,3980.45000000,443131289,443131292,1782868366506662,False,True
284229551,0.80900000,5261.07000000,443131293,443131296,1782868366508917,True,True
284229552,0.80900000,12000.00000000,443131297,443131310,1782868366508960,True,True
284229553,0.80900000,1870.12000000,443131311,443131312,1782868366509323,True,True
284229554,0.80900000,488.12000000,443131313,443131313,1782868366509779,True,True
284229555,0.80900000,1582.85000000,443131314,443131315,1782868366509837,True,True
284229556,0.80900000,1277.35000000,443131316,443131317,1782868366509838,True,True
284229557,0.80900000,1343.99000000,443131318,443131318,1782868366509852,True,True
284229558,0.80900000,1112.90000000,443131319,443131319,1782868366509863,True,True
284229559,0.80900000,448.13000000,443131320,443131320,1782868366509956,True,True
284229560,0.80900000,875.23000000,443131321,443131322,1782868366510018,True,True
284229561,0.80800000,549.40000000,443131323,443131323,1782868366510018,True,True
284229562,0.81000000,131.02000000,443131324,443131324,1782868366514727,False,True
284229563,0.81000000,5058.06000000,443131325,443131334,1782868366518442,False,True
284229564,0.81000000,1079.53000000,443131335,443131335,1782868366520704,True,True
284229565,0.81000000,355.86000000,443131336,443131336,1782868366521573,True,True
284229566,0.80900000,630.93000000,443131337,443131343,1782868366560547,True,True
284229567,0.80800000,220.56000000,443131344,443131344,1782868366560547,True,True
284229568,0.80900000,667.60000000,443131345,443131349,1782868366564449,False,True
284229569,0.80900000,392.28000000,443131350,443131350,1782868366587654,True,True
284229570,0.80900000,208.71000000,443131351,443131352,1782868366587784,True,True
284229571,0.80900000,460.99000000,443131353,443131359,1782868366637486,True,True
284229572,0.80900000,1119.69000000,443131360,443131366,1782868366714803,True,True
284229573,0.80900000,444.26000000,443131367,443131367,1782868366731762,False,True
284229574,0.80900000,172.40000000,443131368,443131368,1782868366734916,False,True
284229575,0.80900000,140.91000000,443131369,443131369,1782868366735799,False,True
284229576,0.80900000,120.87000000,443131370,443131370,1782868366736707,False,True
284229577,0.80900000,399.07000000,443131371,443131373,1782868366737533,False,True
284229578,0.80900000,187.32000000,443131374,443131374,1782868366738166,False,True
284229579,0.80900000,723.44000000,443131375,443131375,1782868366740011,False,True
284229580,0.80900000,1409.29000000,443131376,443131380,1782868366740522,False,True
284229581,0.80900000,110.00000000,443131381,443131381,1782868366743854,True,True
284229582,0.80900000,656.00000000,443131382,443131384,1782868366811774,True,True
284229583,0.80900000,111.51000000,443131385,443131386,1782868366814676,True,True
284229584,0.80900000,3098.81000000,443131387,443131390,1782868366819842,False,True
284229585,0.80900000,13.10000000,443131391,443131392,1782868366823719,False,True
284229586,0.80900000,2220.86000000,443131393,443131393,1782868366824327,False,True
284229587,0.80900000,1156.75000000,443131394,443131397,1782868366885170,False,True
284229588,0.80900000,1098.42000000,443131398,443131399,1782868366885343,False,True
284229589,0.80900000,450.00000000,443131400,443131400,1782868366954322,True,True
284229590,0.80900000,399.86000000,443131401,443131404,1782868367395073,True,True
284229591,0.80900000,526.64000000,443131405,443131407,1782868367397463,True,True
284229592,0.80900000,241.87000000,443131408,443131408,1782868367402262,True,True
284229593,0.80900000,596.15000000,443131409,443131413,1782868367404422,True,True
284229594,0.80900000,1338.11000000,443131414,443131417,1782868367413719,False,True
284229595,0.80900000,100.00000000,443131418,443131419,1782868367420003,False,True
284229596,0.80900000,26.28000000,443131420,443131423,1782868367528646,False,True
284229597,0.80900000,260.00000000,443131424,443131425,1782868367961824,True,True
284229598,0.80900000,1592.12000000,443131426,443131428,1782868368080071,True,True
284229599,0.81000000,39.16000000,443131429,443131431,1782868368082134,False,True
284229600,0.80900000,530.44000000,443131432,443131433,1782868368388261,True,True
284229601,0.80900000,960.87000000,443131434,443131438,1782868368599960,True,True
284229602,0.80900000,789.89000000,443131439,443131440,1782868368600423,True,True
284229603,0.80900000,6.56000000,443131441,443131441,1782868368601880,True,True
284229604,0.80900000,3769.39000000,443131442,443131445,1782868368603797,False,True
284229605,0.81000000,25851.76000000,443131446,443131457,1782868368650648,False,True
284229606,0.81000000,222.47000000,443131458,443131459,1782868369446897,False,True
284229607,0.80900000,100.00000000,443131460,443131463,1782868369997462,True,True
284229608,0.80900000,627.56000000,443131464,443131465,1782868370144250,True,True
284229609,0.81000000,4062.43000000,443131466,443131475,1782868372449801,False,True
284229610,0.81000000,2143.32000000,443131476,443131476,1782868372451542,True,True
284229611,0.81000000,67.52000000,443131477,443131477,1782868372452011,True,True
284229612,0.81000000,1117.88000000,443131478,443131478,1782868372453018,True,True
284229613,0.80900000,241.87000000,443131479,443131479,1782868372564792,True,True
284229614,0.80900000,628.07000000,443131480,443131480,1782868372567384,True,True
284229615,0.80900000,117.03000000,443131481,443131481,1782868372569619,True,True
284229616,0.80900000,421.31000000,443131482,443131482,1782868372569654,True,True
284229617,0.80900000,3454.48000000,443131483,443131489,1782868372570544,True,True
284229618,0.80900000,101.27000000,443131490,443131491,1782868372585230,True,True
284229619,0.80900000,1962.95000000,443131492,443131493,1782868372602133,False,True
284229620,0.80900000,263.32000000,443131494,443131494,1782868372606759,False,True
284229621,0.80900000,375.54000000,443131495,443131498,1782868372616339,False,True
284229622,0.80900000,1927.70000000,443131499,443131503,1782868372684789,True,True
284229623,0.80900000,6.56000000,443131504,443131504,1782868372870891,True,True
284229624,0.80900000,375.54000000,443131505,443131508,1782868372978733,False,True
284229625,0.81000000,294.51000000,443131509,443131514,1782868374203987,False,True
284229626,0.81000000,636.28000000,443131515,443131515,1782868374606649,True,True
284229627,0.81000000,303.89000000,443131516,443131516,1782868375107176,True,True
284229628,0.81000000,345.64000000,443131517,443131518,1782868375107182,True,True
284229629,0.81000000,6.55000000,443131519,443131519,1782868375120239,True,True
284229630,0.80900000,59.21000000,443131520,443131520,1782868375567024,True,True
284229631,0.80900000,6.86000000,443131521,443131521,1782868375769661,True,True
284229632,0.80900000,2400.00000000,443131522,443131525,1782868375899738,False,True
284229633,0.80900000,606.85000000,443131526,443131527,1782868375900647,False,True
284229634,0.80900000,124.67000000,443131528,443131528,1782868376106487,True,True
284229635,0.81000000,73.17000000,443131529,443131529,1782868376647970,False,True
284229636,0.80900000,6.56000000,443131530,443131530,1782868378124969,True,True
284229637,0.80900000,12.37000000,443131531,443131532,1782868378940925,False,True
284229638,0.80900000,1020.00000000,443131533,443131536,1782868378984147,False,True
284229639,0.80900000,371.42000000,443131537,443131539,1782868380074360,False,True
284229640,0.80900000,13.13000000,443131540,443131541,1782868380106959,False,True
284229641,0.80900000,13.14000000,443131542,443131543,1782868380110074,False,True
284229642,0.80900000,706.14000000,443131544,443131546,1782868380154372,False,True
284229643,0.80900000,13.14000000,443131547,443131548,1782868380498309,False,True
284229644,0.80900000,6.57000000,443131549,443131549,1782868380500855,False,True
284229645,0.80900000,13.14000000,443131550,443131551,1782868380504722,False,True
284229646,0.80900000,13.14000000,443131552,443131553,1782868380510696,False,True
284229647,0.80900000,13.14000000,443131554,443131555,1782868380521102,False,True
284229648,0.80900000,19.71000000,443131556,443131558,1782868380574491,False,True
284229649,0.80900000,2227.43000000,443131559,443131560,1782868382071439,True,True
284229650,0.80900000,1020.00000000,443131561,443131561,1782868382378934,False,True
284229651,0.80900000,89.81000000,443131562,443131565,1782868383125545,False,True
284229652,0.80900000,643.05000000,443131566,443131566,1782868383126182,False,True
284229653,0.80900000,6.56000000,443131567,443131567,1782868383127116,False,True
284229654,0.80900000,19.68000000,443131568,443131570,1782868384256659,True,True
284229655,0.80900000,1020.00000000,443131571,443131572,1782868384486610,False,True
284229656,0.80900000,1020.00000000,443131573,443131577,1782868389286154,False,True
284229657,0.80800000,529.86000000,443131578,443131585,1782868390320604,True,True
284229658,0.80800000,113.48000000,443131586,443131589,1782868390349595,True,True
284229659,0.80800000,2240.57000000,443131590,443131593,1782868390950719,False,True
284229660,0.80800000,389.68000000,443131594,443131595,1782868393686273,True,True
284229661,0.80800000,244.91000000,443131596,443131596,1782868393987121,False,True
284229662,0.80700000,4279.28000000,443131597,443131606,1782868394202616,True,True
284229663,0.80700000,13.15000000,443131607,443131608,1782868394234033,True,True
284229664,0.80700000,6.58000000,443131609,443131609,1782868394240567,True,True
284229665,0.80700000,6.58000000,443131610,443131610,1782868394244757,True,True
284229666,0.80700000,6.58000000,443131611,443131611,1782868394252383,True,True
284229667,0.80700000,6.58000000,443131612,443131612,1782868394262062,True,True
284229668,0.80700000,6.58000000,443131613,443131613,1782868394268205,True,True
284229669,0.80700000,6.58000000,443131614,443131614,1782868394271432,True,True
284229670,0.80700000,6.58000000,443131615,443131615,1782868394282177,True,True
284229671,0.80700000,6.58000000,443131616,443131616,1782868394289076,True,True
284229672,0.80700000,6.58000000,443131617,443131617,1782868394307047,True,True
284229673,0.80700000,19.74000000,443131618,443131620,1782868394309030,True,True
284229674,0.80700000,114.31000000,443131621,443131624,1782868394540939,False,True
284229675,0.80700000,259.83000000,443131625,443131625,1782868394966626,True,True
284229676,0.80700000,1402.20000000,443131626,443131629,1782868394970889,False,True
284229677,0.80700000,540.00000000,443131630,443131630,1782868394972686,True,True
284229678,0.80700000,1048.66000000,443131631,443131634,1782868394976238,False,True
284229679,0.80700000,939.59000000,443131635,443131641,1782868395018130,False,True
284229680,0.80700000,895.86000000,443131642,443131643,1782868395186956,True,True
284229681,0.80700000,28.42000000,443131644,443131647,1782868395190604,False,True
284229682,0.80700000,6.61000000,443131648,443131649,1782868398442859,True,True
284229683,0.80700000,31.90000000,443131650,443131652,1782868398451015,True,True
284229684,0.80700000,119.74000000,443131653,443131656,1782868398993584,False,True
284229685,0.80700000,25.55000000,443131657,443131659,1782868401545715,True,True
284229686,0.80700000,461.79000000,443131660,443131661,1782868401649223,False,True
284229687,0.80700000,208.62000000,443131662,443131662,1782868401650766,False,True
284229688,0.80700000,1663.61000000,443131663,443131665,1782868401653812,False,True
284229689,0.80700000,19.74000000,443131666,443131668,1782868403640556,True,True
284229690,0.80600000,121.19000000,443131669,443131669,1782868403770616,True,True
284229691,0.80800000,97.60000000,443131670,443131670,1782868407693829,False,True
284229692,0.80800000,211.74000000,443131671,443131671,1782868412916756,False,True
284229693,0.80800000,39.12000000,443131672,443131676,1782868413303232,False,True
284229694,0.80800000,11.58000000,443131677,443131678,1782868413306847,False,True
284229695,0.80700000,30.58000000,443131679,443131680,1782868415106620,True,True
284229696,0.80700000,12.39000000,443131681,443131682,1782868416166288,False,True
284229697,0.80700000,71.49000000,443131683,443131687,1782868417148471,False,True
284229698,0.80700000,6.59000000,443131688,443131688,1782868420035640,True,True
284229699,0.80700000,13.16000000,443131689,443131690,1782868420319025,False,True
284229700,0.80700000,6.58000000,443131691,443131691,1782868420319066,False,True
284229701,0.80700000,8.00000000,443131692,443131692,1782868422497138,False,True
284229702,0.80700000,12.90000000,443131693,443131693,1782868426291409,True,True
284229703,0.80800000,38.61000000,443131694,443131696,1782868426594279,False,True
284229704,0.80800000,124.55000000,443131697,443131701,1782868426755230,False,True
284229705,0.80800000,54.34000000,443131702,443131706,1782868426755464,False,True
284229706,0.80800000,4.31000000,443131707,443131707,1782868426756653,False,True
284229707,0.80900000,311.99000000,443131708,443131717,1782868429003649,False,True
284229708,0.81000000,42.87000000,443131718,443131723,1782868430007982,False,True
284229709,0.81100000,57.84000000,443131724,443131727,1782868434044799,False,True
284229710,0.81100000,60.39000000,443131728,443131729,1782868434048468,False,True
284229711,0.81100000,132.47000000,443131730,443131732,1782868434050257,False,True
284229712,0.81100000,7.34000000,443131733,443131734,1782868434053803,False,True
284229713,0.81100000,27.27000000,443131735,443131735,1782868434082389,False,True
284229714,0.81100000,19.67000000,443131736,443131738,1782868434174471,False,True
284229715,0.81200000,125.01000000,443131739,443131745,1782868437321359,False,True
284229716,0.81300000,57.00000000,443131746,443131746,1782868437391509,False,True
284229717,0.81300000,81.06000000,443131747,443131747,1782868440776549,False,True
284229718,0.81300000,177.28000000,443131748,443131748,1782868440777200,False,True
284229719,0.81300000,126.63000000,443131749,443131756,1782868440778672,False,True
284229720,0.81300000,60.39000000,443131757,443131757,1782868440778759,False,True
284229721,0.81300000,19.63000000,443131758,443131760,1782868440786074,False,True
284229722,0.81400000,18.38000000,443131761,443131761,1782868441625951,False,True
284229723,0.81400000,284.81000000,443131762,443131769,1782868443077457,False,True
284229724,0.81400000,6.54000000,443131770,443131770,1782868443077652,False,True
284229725,0.81500000,338.93000000,443131771,443131771,1782868443423756,False,True
284229726,0.81500000,12.23000000,443131772,443131772,1782868444572874,False,True
284229727,0.81400000,28.19000000,443131773,443131776,1782868447904958,True,True
284229728,0.81400000,55.28000000,443131777,443131777,1782868448148223,False,True
284229729,0.81300000,33.04000000,443131778,443131782,1782868451512961,True,True
284229730,0.81300000,6.54000000,443131783,443131783,1782868452802047,True,True
284229731,0.81300000,1260.59000000,443131784,443131786,1782868460871853,False,True
284229732,0.81300000,1650.76000000,443131787,443131789,1782868460872124,False,True
284229733,0.81300000,19.59000000,443131790,443131792,1782868464787829,True,True
284229734,0.81200000,52.18000000,443131793,443131797,1782868473289585,True,True
284229735,0.81200000,27.35000000,443131798,443131800,1782868474332243,False,True
284229736,0.81200000,42.96000000,443131801,443131802,1782868474332932,False,True
284229737,0.81200000,19.65000000,443131803,443131805,1782868476284347,True,True
284229738,0.81200000,53.20000000,443131806,443131810,1782868479606222,False,True
284229739,0.81200000,6.37000000,443131811,443131811,1782868482799308,True,True
284229740,0.81100000,167.05000000,443131812,443131816,1782868486441721,True,True
284229741,0.81100000,103.90000000,443131817,443131821,1782868486513320,True,True
284229742,0.81100000,19.65000000,443131822,443131824,1782868487674318,False,True
284229743,0.81100000,452.64000000,443131825,443131827,1782868488527649,True,True
284229744,0.81200000,72.70000000,443131828,443131828,1782868492257074,False,True
284229745,0.81200000,94.89000000,443131829,443131829,1782868492258772,False,True
284229746,0.81200000,38.47000000,443131830,443131830,1782868492258887,False,True
284229747,0.81200000,79.82000000,443131831,443131831,1782868492259058,False,True
284229748,0.81200000,86.36000000,443131832,443131832,1782868492259432,False,True
284229749,0.81200000,54.91000000,443131833,443131837,1782868492305654,False,True
284229750,0.81200000,73.94000000,443131838,443131838,1782868497021219,True,True
284229751,0.81300000,44.01000000,443131839,443131844,1782868500115745,False,True
284229752,0.81300000,14.48000000,443131845,443131847,1782868500149341,False,True
284229753,0.81400000,291.19000000,443131848,443131858,1782868504177286,False,True
284229754,0.81400000,19.59000000,443131859,443131861,1782868504924346,True,True
284229755,0.81400000,647.83000000,443131862,443131866,1782868507020141,False,True
284229756,0.81500000,396.04000000,443131867,443131870,1782868508182842,False,True
284229757,0.81500000,411.74000000,443131871,443131872,1782868508185112,False,True
284229758,0.81500000,396.03000000,443131873,443131873,1782868508202893,False,True
284229759,0.81500000,15.71000000,443131874,443131874,1782868508204687,False,True
284229760,0.81500000,50.25000000,443131875,443131878,1782868508895690,False,True
284229761,0.81600000,7.53000000,443131879,443131879,1782868510080348,False,True
284229762,0.81600000,40.84000000,443131880,443131883,1782868510963017,False,True
284229763,0.81600000,144.35000000,443131884,443131889,1782868510966693,False,True
284229764,0.81600000,6.53000000,443131890,443131890,1782868510970646,False,True
284229765,0.81600000,19.53000000,443131891,443131893,1782868511677125,True,True
284229766,0.81600000,7.73000000,443131894,443131894,1782868513713219,False,True
284229767,0.81500000,1000.00000000,443131895,443131896,1782868514583663,True,True
284229768,0.81500000,26.34000000,443131897,443131900,1782868514706868,True,True
284229769,0.81500000,2249.56000000,443131901,443131905,1782868516062195,False,True
284229770,0.81600000,1573.53000000,443131906,443131915,1782868519093768,False,True
284229771,0.81600000,62.15000000,443131916,443131916,1782868519145186,True,True
284229772,0.81600000,269.69000000,443131917,443131918,1782868519408136,False,True
284229773,0.81600000,13.00000000,443131919,443131920,1782868520125667,False,True
284229774,0.81600000,13.00000000,443131921,443131922,1782868520134645,False,True
284229775,0.81600000,13.00000000,443131923,443131924,1782868520146158,False,True
284229776,0.81600000,131.61000000,443131925,443131927,1782868520170049,False,True
284229777,0.81600000,19.50000000,443131928,443131930,1782868520172010,False,True
284229778,0.81600000,46.01000000,443131931,443131933,1782868531443915,True,True
284229779,0.81600000,31.83000000,443131934,443131934,1782868531461627,True,True
284229780,0.81600000,1151.02000000,443131935,443131938,1782868534254898,True,True
284229781,0.81600000,19.50000000,443131939,443131941,1782868535224573,False,True
284229782,0.81600000,6.51000000,443131942,443131942,1782868535698284,True,True
284229783,0.81600000,632.33000000,443131943,443131946,1782868535706905,False,True
284229784,0.81600000,13.02000000,443131947,443131948,1782868535755885,False,True
284229785,0.81600000,13.02000000,443131949,443131950,1782868535759065,False,True
284229786,0.81600000,13.02000000,443131951,443131952,1782868535770935,False,True
284229787,0.81600000,13.02000000,443131953,443131954,1782868535773739,False,True
284229788,0.81600000,13.02000000,443131955,443131956,1782868535816913,False,True
284229789,0.81600000,13.02000000,443131957,443131958,1782868535819696,False,True
284229790,0.81600000,13.02000000,443131959,443131960,1782868535828631,False,True
284229791,0.81600000,13.02000000,443131961,443131962,1782868535831356,False,True
284229792,0.81600000,13.02000000,443131963,443131964,1782868535833792,False,True
284229793,0.81600000,13.02000000,443131965,443131966,1782868535840256,False,True
284229794,0.81600000,13.02000000,443131967,443131968,1782868535842721,False,True
284229795,0.81600000,13.02000000,443131969,443131970,1782868535854130,False,True
284229796,0.81600000,15.73000000,443131971,443131973,1782868535855949,False,True
284229797,0.81600000,16.82000000,443131974,443131976,1782868535864133,False,True
284229798,0.81600000,239.13000000,443131977,443131977,1782868539666644,True,True
284229799,0.81700000,1677.81000000,443131978,443131984,1782868542562284,False,True
284229800,0.81700000,1233.09000000,443131985,443131988,1782868542562490,False,True
284229801,0.81700000,17.80000000,443131989,443131989,1782868542588919,True,True
284229802,0.81700000,101.60000000,443131990,443131990,1782868543187747,True,True
284229803,0.81700000,32.75000000,443131991,443131991,1782868543188514,True,True
284229804,0.81700000,6.82000000,443131992,443131992,1782868543874313,True,True
284229805,0.81800000,120.00000000,443131993,443131993,1782868545261129,False,True
284229806,0.81700000,2283.86000000,443131994,443131997,1782868548083307,True,True
284229807,0.81600000,76.18000000,443131998,443132002,1782868555881895,True,True
284229808,0.81600000,43.90000000,443132003,443132006,1782868556199297,False,True
284229809,0.81600000,19.50000000,443132007,443132009,1782868560264823,True,True
284229810,0.81500000,39.73000000,443132010,443132015,1782868565581859,True,True
284229811,0.81500000,104.92000000,443132016,443132016,1782868571985043,False,True
284229812,0.81400000,795.95000000,443132017,443132025,1782868582301264,True,True
284229813,0.81400000,33.17000000,443132026,443132029,1782868583160310,False,True
284229814,0.81400000,715.70000000,443132030,443132031,1782868583629208,True,True
284229815,0.81300000,270.18000000,443132032,443132032,1782868584026743,True,True
284229816,0.81400000,19.59000000,443132033,443132035,1782868587949482,False,True
284229817,0.81400000,19.59000000,443132036,443132038,1782868589914268,True,True
284229818,0.81300000,395.67000000,443132039,443132045,1782868593232752,True,True
284229819,0.81200000,823.85000000,443132046,443132046,1782868593232752,True,True
284229820,0.81300000,19.59000000,443132047,443132049,1782868599074172,False,True
284229821,0.81300000,118.61000000,443132050,443132050,1782868600307102,True,True
284229822,0.81300000,12.28000000,443132051,443132051,1782868604386715,False,True
284229823,0.81200000,33.21000000,443132052,443132056,1782868608677047,True,True
284229824,0.81200000,2.44000000,443132057,443132057,1782868609217427,False,True
284229825,0.81200000,2706.68000000,443132058,443132059,1782868610466531,True,True
284229826,0.81200000,756.46000000,443132060,443132063,1782868613100297,False,True
284229827,0.81200000,6.55000000,443132064,443132064,1782868613818090,True,True
284229828,0.81200000,252.65000000,443132065,443132065,1782868620993517,True,True
284229829,0.81200000,84.55000000,443132066,443132066,1782868621010930,True,True
284229830,0.81200000,5826.98000000,443132067,443132068,1782868621257709,True,True
284229831,0.81200000,1033.14000000,443132069,443132071,1782868622685124,False,True
284229832,0.81300000,341.60000000,443132072,443132079,1782868628484974,False,True
284229833,0.81300000,19.61000000,443132080,443132082,1782868628503199,False,True
284229834,0.81400000,61.42000000,443132083,443132083,1782868633396091,False,True
284229835,0.81400000,24.30000000,443132084,443132084,1782868635447653,False,True
284229836,0.81400000,26.99000000,443132085,443132085,1782868636298655,False,True
284229837,0.81400000,24.30000000,443132086,443132086,1782868636335691,False,True
284229838,0.81400000,33.23000000,443132087,443132091,1782868639974289,False,True
284229839,0.81400000,19.59000000,443132092,443132094,1782868649444572,True,True
284229840,0.81400000,1503.17000000,443132095,443132097,1782868652651497,True,True
284229841,0.81400000,179.86000000,443132098,443132098,1782868652653257,True,True
284229842,0.81400000,78.84000000,443132099,443132099,1782868652653696,True,True
284229843,0.81400000,123.19000000,443132100,443132100,1782868652653986,True,True
284229844,0.81400000,187.25000000,443132101,443132101,1782868652655778,True,True
284229845,0.81400000,1059.41000000,443132102,443132102,1782868652659775,True,True
284229846,0.81400000,6.53000000,443132103,443132103,1782868652663703,True,True
284229847,0.81300000,26.39000000,443132104,443132107,1782868657401643,True,True
284229848,0.81300000,19.59000000,443132108,443132110,1782868659424231,False,True
284229849,0.81300000,19.59000000,443132111,443132113,1782868662274058,False,True
284229850,0.81400000,6.28000000,443132114,443132114,1782868662344101,False,True
284229851,0.81300000,19.62000000,443132115,443132117,1782868663076442,False,True
284229852,0.81300000,19.59000000,443132118,443132120,1782868664949039,False,True
284229853,0.81400000,705.58000000,443132121,443132128,1782868683798600,False,True
284229854,0.81400000,7.52000000,443132129,443132129,1782868688113732,True,True
284229855,0.81400000,2589.76000000,443132130,443132133,1782868688997886,False,True
284229856,0.81400000,19.56000000,443132134,443132136,1782868694081123,False,True
284229857,0.81400000,602.97000000,443132137,443132137,1782868702838724,True,True
284229858,0.81400000,131.65000000,443132138,443132140,1782868711726592,False,True
284229859,0.81500000,611.35000000,443132141,443132145,1782868714588341,False,True
284229860,0.81500000,45.63000000,443132146,443132149,1782868714588483,False,True
284229861,0.81500000,17.80000000,443132150,443132152,1782868714599274,False,True
284229862,0.81500000,69.56000000,443132153,443132156,1782868714937269,True,True
284229863,0.81500000,19.56000000,443132157,443132159,1782868715249964,False,True
284229864,0.81500000,6.52000000,443132160,443132160,1782868717265729,True,True
284229865,0.81400000,1058.42000000,443132161,443132161,1782868717265729,True,True
284229866,0.81500000,2989.48000000,443132162,443132168,1782868717607693,False,True
284229867,0.81600000,136.11000000,443132169,443132169,1782868725686916,False,True
284229868,0.81600000,13.58000000,443132170,443132171,1782868725689925,False,True
284229869,0.81600000,1000.08000000,443132172,443132172,1782868725899464,True,True
284229870,0.81600000,1033.84000000,443132173,443132175,1782868725904741,True,True
284229871,0.81500000,36.74000000,443132176,443132176,1782868728661659,True,True
284229872,0.81600000,19.53000000,443132177,443132179,1782868730899875,False,True
284229873,0.81600000,40.06000000,443132180,443132180,1782868731321937,True,True
284229874,0.81600000,86.06000000,443132181,443132181,1782868731786399,True,True
284229875,0.81600000,19.50000000,443132182,443132184,1782868739824182,False,True
284229876,0.81600000,19.50000000,443132185,443132187,1782868746398521,False,True
284229877,0.81700000,202.69000000,443132188,443132196,1782868767200819,False,True
284229878,0.81700000,28.02000000,443132197,443132197,1782868768238038,True,True
284229879,0.81700000,12.30000000,443132198,443132198,1782868768239828,True,True
284229880,0.81700000,21.14000000,443132199,443132199,1782868768239971,True,True
284229881,0.81700000,29.15000000,443132200,443132200,1782868768242021,True,True
284229882,0.81700000,6.50000000,443132201,443132201,1782868768511094,True,True
284229883,0.81700000,80.22000000,443132202,443132202,1782868770460752,True,True
284229884,0.81700000,34.12000000,443132203,443132203,1782868771412241,True,True
284229885,0.81700000,501.47000000,443132204,443132207,1782868773469858,False,True
284229886,0.81800000,46.64000000,443132208,443132214,1782868777230411,False,True
284229887,0.81800000,557.78000000,443132215,443132218,1782868779368988,False,True
284229888,0.81800000,19.50000000,443132219,443132221,1782868779586861,True,True
284229889,0.81700000,208.66000000,443132222,443132222,1782868779586861,True,True
284229890,0.81700000,23.75000000,443132223,443132223,1782868779935050,True,True
284229891,0.81700000,22.87000000,443132224,443132224,1782868779935191,True,True
284229892,0.81700000,229.36000000,443132225,443132225,1782868786748041,True,True
284229893,0.81700000,472.09000000,443132226,443132227,1782868789813187,True,True
284229894,0.81700000,102.17000000,443132228,443132228,1782868803679702,True,True
284229895,0.81700000,6.79000000,443132229,443132229,1782868821268251,True,True
284229896,0.81600000,6.12000000,443132230,443132230,1782868826164449,True,True
284229897,0.81700000,86.97000000,443132231,443132234,1782868834421401,False,True
284229898,0.81700000,1752.52000000,443132235,443132235,1782868834423360,False,True
284229899,0.81700000,191.95000000,443132236,443132236,1782868834423395,False,True
284229900,0.81700000,88.58000000,443132237,443132237,1782868834423466,False,True
284229901,0.81700000,153.02000000,443132238,443132241,1782868834423520,False,True
284229902,0.81800000,89.44000000,443132242,443132244,1782868841634407,False,True
284229903,0.81700000,395.49000000,443132245,443132245,1782868848926614,True,True
284229904,0.81700000,30.59000000,443132246,443132247,1782868852255668,False,True
284229905,0.81700000,19.50000000,443132248,443132250,1782868858124470,False,True
284229906,0.81700000,6.50000000,443132251,443132251,1782868860599142,True,True
284229907,0.81700000,19.50000000,443132252,443132254,1782868866699256,False,True
284229908,0.81700000,330.90000000,443132255,443132257,1782868908961349,False,True
284229909,0.81700000,19.50000000,443132258,443132260,1782868908974609,False,True
284229910,0.81700000,362.36000000,443132261,443132262,1782868918435872,True,True
284229911,0.81600000,200.97000000,443132263,443132263,1782868927593463,True,True
284229912,0.81700000,186.88000000,443132264,443132266,1782868937524286,False,True
284229913,0.81700000,174.92000000,443132267,443132268,1782868937526182,False,True
284229914,0.81700000,19.50000000,443132269,443132271,1782868937527410,False,True
284229915,0.81700000,10.00000000,443132272,443132272,1782868943920729,True,True
284229916,0.81800000,14.00000000,443132273,443132273,1782868948957944,False,True
284229917,0.81800000,100.70000000,443132274,443132277,1782868951505272,False,True
284229918,0.81800000,465.78000000,443132278,443132281,1782868951509969,False,True
284229919,0.81800000,6.50000000,443132282,443132282,1782868951514511,False,True
284229920,0.81800000,1263.51000000,443132283,443132288,1782868952897942,True,True
284229921,0.81800000,359.18000000,443132289,443132291,1782868963019599,False,True
284229922,0.81800000,441.38000000,443132292,443132294,1782868966500317,False,True
284229923,0.81800000,6.49000000,443132295,443132295,1782868966500428,False,True
284229924,0.81800000,19.47000000,443132296,443132298,1782868977684399,True,True
284229925,0.81800000,12.98000000,443132299,443132300,1782868977829168,False,True
284229926,0.81800000,19.47000000,443132301,443132303,1782868977891257,False,True
284229927,0.81800000,33.87000000,443132304,443132305,1782868978437199,True,True
284229928,0.81800000,573.10000000,443132306,443132306,1782869003031405,True,True
284229929,0.81800000,28.22000000,443132307,443132307,1782869003035934,True,True
284229930,0.81800000,7.05000000,443132308,443132308,1782869003040781,True,True
284229931,0.81800000,696.15000000,443132309,443132309,1782869005334563,True,True
284229932,0.81700000,336.78000000,443132310,443132310,1782869006240607,True,True
284229933,0.81700000,581.28000000,443132311,443132317,1782869012164188,True,True
284229934,0.81700000,61.19000000,443132318,443132319,1782869018334429,False,True
284229935,0.81700000,29.87000000,443132320,443132320,1782869043672310,False,True
284229936,0.81600000,39.54000000,443132321,443132326,1782869079141992,True,True
284229937,0.81600000,6.29000000,443132327,443132327,1782869080375664,False,True
284229938,0.81600000,13.21000000,443132328,443132330,1782869080874589,False,True
284229939,0.81500000,610.88000000,443132331,443132337,1782869089942880,True,True
284229940,0.81500000,540.00000000,443132338,443132338,1782869089944536,True,True
284229941,0.81500000,33.42000000,443132339,443132341,1782869091698833,False,True
284229942,0.81500000,6.51000000,443132342,443132342,1782869091699745,False,True
284229943,0.81600000,245.51000000,443132343,443132350,1782869103385994,False,True
284229944,0.81600000,98.91000000,443132351,443132352,1782869103387757,False,True
284229945,0.81600000,12.25000000,443132353,443132353,1782869113769306,True,True
284229946,0.81600000,90.60000000,443132354,443132354,1782869123242808,False,True
284229947,0.81700000,20.20000000,443132355,443132355,1782869127060893,False,True
284229948,0.81700000,6.13000000,443132356,443132356,1782869127392685,False,True
284229949,0.81600000,9.43000000,443132357,443132357,1782869131577428,True,True
284229950,0.81600000,7.35000000,443132358,443132358,1782869154525508,True,True
284229951,0.81500000,826.20000000,443132359,443132359,1782869162255348,True,True
284229952,0.81500000,103.48000000,443132360,443132360,1782869162275237,True,True
284229953,0.81500000,128.12000000,443132361,443132361,1782869162275283,True,True
284229954,0.81500000,160.15000000,443132362,443132364,1782869162277080,True,True
284229955,0.81500000,12.26000000,443132365,443132367,1782869162277365,True,True
284229956,0.81500000,59.13000000,443132368,443132370,1782869162279955,True,True
284229957,0.81500000,542.99000000,443132371,443132372,1782869162324510,True,True
284229958,0.81500000,2240.39000000,443132373,443132376,1782869162403631,False,True
284229959,0.81600000,239.81000000,443132377,443132383,1782869173740000,False,True
284229960,0.81600000,10.05000000,443132384,443132384,1782869174113740,True,True
284229961,0.81600000,6784.72000000,443132385,443132396,1782869198627160,True,True
284229962,0.81600000,7407.25000000,443132397,443132399,1782869198628575,False,True
284229963,0.81600000,6.50000000,443132400,443132400,1782869198628600,False,True
284229964,0.81600000,24.78000000,443132401,443132401,1782869241514870,True,True
284229965,0.81700000,488.58000000,443132402,443132408,1782869276183316,False,True
284229966,0.81700000,13.01000000,443132409,443132410,1782869276186362,False,True
284229967,0.81700000,6.50000000,443132411,443132411,1782869276187570,False,True
284229968,0.81700000,7.00000000,443132412,443132412,1782869288841672,False,True
284229969,0.81600000,26.59000000,443132413,443132413,1782869297398622,True,True
284229970,0.81700000,448.83000000,443132414,443132419,1782869302370788,False,True
284229971,0.81800000,530.97000000,443132420,443132426,1782869310790774,False,True
284229972,0.81800000,649.09000000,443132427,443132429,1782869313950103,True,True
284229973,0.81700000,13.44000000,443132430,443132431,1782869317974046,True,True
284229974,0.81700000,29.04000000,443132432,443132432,1782869322784870,False,True
284229975,0.81700000,13.00000000,443132433,443132434,1782869340189412,False,True
284229976,0.81700000,6.50000000,443132435,443132435,1782869340189463,False,True
284229977,0.81800000,12.22000000,443132436,443132436,1782869343841623,False,True
284229978,0.81700000,6.50000000,443132437,443132437,1782869369462709,True,True
284229979,0.81700000,344.48000000,443132438,443132440,1782869371470888,False,True
284229980,0.81700000,13.00000000,443132441,443132442,1782869371474193,False,True
284229981,0.81700000,6.50000000,443132443,443132443,1782869371477482,False,True
284229982,0.81700000,13.00000000,443132444,443132445,1782869371479811,False,True
284229983,0.81700000,6.50000000,443132446,443132446,1782869371480011,False,True
284229984,0.81700000,251.29000000,443132447,443132448,1782869401750615,True,True
284229985,0.81700000,19.50000000,443132449,443132451,1782869403174393,False,True
284229986,0.81800000,39.61000000,443132452,443132457,1782869413565187,False,True
284229987,0.81800000,210.14000000,443132458,443132458,1782869422017799,True,True
284229988,0.81800000,8.33000000,443132459,443132459,1782869423816430,True,True
284229989,0.81900000,56.26000000,443132460,443132467,1782869433905448,False,True
284229990,0.82000000,100.00000000,443132468,443132468,1782869434039268,False,True
284229991,0.81900000,61.11000000,443132469,443132469,1782869435904509,True,True
284229992,0.81900000,23.48000000,443132470,443132470,1782869446591964,True,True
284229993,0.82000000,25.60000000,443132471,443132471,1782869447481891,False,True
284229994,0.81900000,209.33000000,443132472,443132472,1782869457266867,True,True
284229995,0.81900000,400.81000000,443132473,443132475,1782869473687763,True,True
284229996,0.81900000,203.18000000,443132476,443132476,1782869482050180,True,True
284229997,0.81900000,56.50000000,443132477,443132477,1782869492405102,False,True
284229998,0.81900000,366.30000000,443132478,443132478,1782869497167147,False,True
284229999,0.81800000,328.40000000,443132479,443132485,1782869514714316,True,True
284230000,0.81800000,406.59000000,443132486,443132486,1782869527759187,True,True
284230001,0.81900000,3578.70000000,443132487,443132497,1782869538994460,False,True
284230002,0.81900000,142.73000000,443132498,443132500,1782869570325565,False,True
284230003,0.81900000,155.42000000,443132501,443132501,1782869570326796,False,True
284230004,0.81900000,199.32000000,443132502,443132502,1782869570327239,False,True
284230005,0.81900000,1904.66000000,443132503,443132504,1782869570329154,False,True
284230006,0.81900000,338.01000000,443132505,443132507,1782869570335226,False,True
284230007,0.81900000,6.49000000,443132508,443132508,1782869570644350,True,True
284230008,0.81800000,211.98000000,443132509,443132513,1782869601531589,True,True
284230009,0.81800000,323.93000000,443132514,443132517,1782869601663937,True,True
284230010,0.81800000,7.05000000,443132518,443132518,1782869609956178,False,True
284230011,0.81800000,28.23000000,443132519,443132519,1782869610682524,True,True
284230012,0.81700000,34.49000000,443132520,443132525,1782869654699504,True,True
284230013,0.81700000,16.21000000,443132526,443132526,1782869657217180,False,True
284230014,0.81700000,19.50000000,443132527,443132529,1782869672649168,False,True
284230015,0.81800000,63.26000000,443132530,443132530,1782869679871540,False,True
284230016,0.81800000,16.33000000,443132531,443132531,1782869680384680,False,True
284230017,0.81700000,35.94000000,443132532,443132534,1782869700687745,False,True
284230018,0.81700000,19.50000000,443132535,443132537,1782869700699593,False,True
284230019,0.81800000,86.18000000,443132538,443132541,1782869745326412,False,True
284230020,0.81800000,205.37000000,443132542,443132547,1782869756688062,False,True
284230021,0.81800000,6.50000000,443132548,443132548,1782869756688234,False,True
284230022,0.81800000,6.50000000,443132549,443132549,1782869760884091,True,True
284230023,0.81800000,19.47000000,443132550,443132552,1782869767694179,False,True
284230024,0.81900000,14398.22000000,443132553,443132576,1782869767718545,False,True
284230025,0.81800000,97.56000000,443132577,443132577,1782869767720364,True,True
284230026,0.81800000,433.29000000,443132578,443132578,1782869767738068,True,True
284230027,0.81800000,87.69000000,443132579,443132579,1782869770737194,True,True
284230028,0.81900000,596.29000000,443132580,443132584,1782869784763145,False,True
284230029,0.82000000,34.60000000,443132585,443132585,1782869784778413,False,True
284230030,0.81900000,231.02000000,443132586,443132587,1782869816181201,True,True
284230031,0.81900000,378.66000000,443132588,443132588,1782869816187733,True,True
284230032,0.81900000,901.53000000,443132589,443132590,1782869816346029,True,True
284230033,0.81900000,131.57000000,443132591,443132593,1782869818912565,False,True
284230034,0.81900000,19.46000000,443132594,443132596,1782869818987148,False,True
284230035,0.81900000,6.48000000,443132597,443132597,1782869826203836,True,True
284230036,0.81900000,19.44000000,443132598,443132600,1782869826799206,False,True
284230037,0.81800000,25.00000000,443132601,443132601,1782869833291017,True,True
284230038,0.81800000,206.54000000,443132602,443132602,1782869833786901,True,True
284230039,0.81900000,39.63000000,443132603,443132607,1782869876525882,False,True
284230040,0.81900000,1525.94000000,443132608,443132608,1782869884145048,True,True
284230041,0.81900000,104.18000000,443132609,443132609,1782869884145390,True,True
284230042,0.81800000,1023.40000000,443132610,443132612,1782869884223860,True,True
284230043,0.81900000,19.44000000,443132613,443132615,1782869885481951,False,True
284230044,0.81900000,19.44000000,443132616,443132618,1782869891034216,False,True
284230045,0.82000000,8.24000000,443132619,443132619,1782869907374232,False,True
284230046,0.82000000,420.09000000,443132620,443132629,1782869908975554,False,True
284230047,0.82000000,6.40000000,443132630,443132630,1782869919181433,False,True
284230048,0.82000000,12.19000000,443132631,443132631,1782869924993898,False,True
284230049,0.82100000,54.64000000,443132632,443132637,1782869927537693,False,True
284230050,0.82100000,12.95000000,443132638,443132639,1782869927540294,False,True
284230051,0.82100000,12.94000000,443132640,443132641,1782869927552413,False,True
284230052,0.82100000,19.41000000,443132642,443132644,1782869927599395,False,True
284230053,0.82100000,12.18000000,443132645,443132645,1782869935631733,True,True
284230054,0.82200000,60.41000000,443132646,443132653,1782869935702751,False,True
284230055,0.82300000,25.15000000,443132654,443132654,1782869935743758,False,True
284230056,0.82200000,17.75000000,443132655,443132655,1782869935746644,True,True
284230057,0.82200000,947.74000000,443132656,443132658,1782869936520689,True,True
284230058,0.82200000,19.38000000,443132659,443132661,1782869943037870,False,True
284230059,0.82300000,1554.94000000,443132662,443132666,1782869946259128,False,True
284230060,0.82300000,1804.66000000,443132667,443132675,1782869946259688,False,True
284230061,0.82400000,240.70000000,443132676,443132682,1782869948303824,False,True
284230062,0.82400000,355.86000000,443132683,443132683,1782869948304612,False,True
284230063,0.82400000,12.90000000,443132684,443132685,1782869950188152,True,True
284230064,0.82400000,6.45000000,443132686,443132686,1782869950203016,True,True
284230065,0.82400000,254.19000000,443132687,443132687,1782869950846017,True,True
284230066,0.82400000,166.09000000,443132688,443132689,1782869952298709,True,True
284230067,0.82400000,65.39000000,443132690,443132690,1782869955099470,True,True
284230068,0.82400000,37.67000000,443132691,443132691,1782869955401813,True,True
284230069,0.82400000,121.35000000,443132692,443132692,1782869956849959,True,True
284230070,0.82400000,43.32000000,443132693,443132695,1782869958982060,True,True
284230071,0.82300000,18.38000000,443132696,443132696,1782869961665551,True,True
284230072,0.82400000,12.88000000,443132697,443132698,1782869961829008,False,True
284230073,0.82400000,19.34000000,443132699,443132701,1782869961849352,False,True
284230074,0.82400000,49.78000000,443132702,443132705,1782869962206307,True,True
284230075,0.82400000,12.88000000,443132706,443132707,1782869962723414,False,True
284230076,0.82400000,19.32000000,443132708,443132710,1782869962749449,False,True
284230077,0.82400000,559.32000000,443132711,443132714,1782869963081131,True,True
284230078,0.82400000,19.32000000,443132715,443132717,1782869963424609,False,True
284230079,0.82400000,121.35000000,443132718,443132720,1782869967965130,True,True
284230080,0.82500000,1347.03000000,443132721,443132730,1782869969236606,False,True
284230081,0.82500000,8910.36000000,443132731,443132735,1782869969245550,False,True
284230082,0.82500000,3325.56000000,443132736,443132741,1782869970949892,True,True
284230083,0.82500000,35.46000000,443132742,443132743,1782869970953387,True,True
284230084,0.82500000,12.86000000,443132744,443132745,1782869972065137,True,True
284230085,0.82500000,6.43000000,443132746,443132746,1782869972065242,True,True
284230086,0.82400000,26.02000000,443132747,443132750,1782869974918819,True,True
284230087,0.82400000,29.90000000,443132751,443132754,1782869975453423,False,True
284230088,0.82400000,12.86000000,443132755,443132756,1782869980997092,False,True
284230089,0.82400000,6.45000000,443132757,443132757,1782869982754136,True,True
284230090,0.82400000,250.00000000,443132758,443132758,1782869987479761,True,True
284230091,0.82400000,287.37000000,443132759,443132761,1782869997986749,True,True
284230092,0.82400000,100.70000000,443132762,443132765,1782869997999343,True,True
284230093,0.82300000,39.33000000,443132766,443132771,1782870001190020,True,True
284230094,0.82200000,1180.19000000,443132772,443132773,1782870001303618,True,True
284230095,0.82400000,6.25000000,443132774,443132774,1782870003773202,False,True
284230096,0.82300000,119.07000000,443132775,443132775,1782870038047258,False,True
284230097,0.82400000,665.59000000,443132776,443132783,1782870051599856,False,True
284230098,0.82400000,62.06000000,443132784,443132787,1782870052431287,False,True
284230099,0.82400000,17.12000000,443132788,443132790,1782870052449192,False,True
284230100,0.82400000,669.62000000,443132791,443132795,1782870052926260,True,True
284230101,0.82400000,65.90000000,443132796,443132798,1782870055643147,False,True
284230102,0.82400000,6.45000000,443132799,443132799,1782870055647542,False,True
284230103,0.82500000,36.36000000,443132800,443132800,1782870055993165,False,True
284230104,0.82500000,12.25000000,443132801,443132801,1782870064917281,False,True
284230105,0.82500000,42.20000000,443132802,443132802,1782870067953743,False,True
284230106,0.82500000,95.98000000,443132803,443132803,1782870067955337,False,True
284230107,0.82500000,135.34000000,443132804,443132804,1782870067955527,False,True
284230108,0.82500000,147.65000000,443132805,443132809,1782870067973018,False,True
284230109,0.82500000,18.09000000,443132810,443132812,1782870067975074,False,True
284230110,0.82600000,199.32000000,443132813,443132816,1782870068434146,False,True
284230111,0.82600000,343.93000000,443132817,443132817,1782870068434307,False,True
284230112,0.82600000,91.05000000,443132818,443132818,1782870068438883,False,True
284230113,0.82600000,98.44000000,443132819,443132819,1782870068447125,False,True
284230114,0.82600000,39.37000000,443132820,443132820,1782870068481959,False,True
284230115,0.82600000,127.96000000,443132821,443132821,1782870068483859,False,True
284230116,0.82600000,137.81000000,443132822,443132822,1782870068484025,False,True
284230117,0.82600000,216.55000000,443132823,443132823,1782870068484465,False,True
284230118,0.82600000,152.57000000,443132824,443132824,1782870068485226,False,True
284230119,0.82600000,295.30000000,443132825,443132825,1782870068487972,False,True
284230120,0.82600000,534.71000000,443132826,443132826,1782870068529140,False,True
284230121,0.82600000,44.29000000,443132827,443132827,1782870068552284,False,True
284230122,0.82600000,364.20000000,443132828,443132828,1782870068554311,False,True
284230123,0.82600000,147.65000000,443132829,443132829,1782870068554383,False,True
284230124,0.82600000,11080.79000000,443132830,443132835,1782870068554593,False,True
284230125,0.82600000,17.70000000,443132836,443132836,1782870068591253,True,True
284230126,0.82600000,266.18000000,443132837,443132837,1782870068785692,True,True
284230127,0.82600000,23.17000000,443132838,443132838,1782870069015375,True,True
284230128,0.82600000,38.81000000,443132839,443132839,1782870069562052,True,True
284230129,0.82500000,242.42000000,443132840,443132840,1782870078316731,True,True
284230130,0.82500000,220.87000000,443132841,443132841,1782870092654473,True,True
284230131,0.82500000,55.03000000,443132842,443132846,1782870102926283,True,True
284230132,0.82400000,843.12000000,443132847,443132855,1782870107717754,True,True
284230133,0.82400000,19.31000000,443132856,443132858,1782870107854595,True,True
284230134,0.82400000,52.17000000,443132859,443132862,1782870111527894,False,True
284230135,0.82400000,19.34000000,443132863,443132865,1782870111531054,False,True
284230136,0.82400000,6.45000000,443132866,443132866,1782870114746221,True,True
284230137,0.82400000,19.32000000,443132867,443132869,1782870115297576,False,True
284230138,0.82400000,538.11000000,443132870,443132871,1782870120325977,True,True
284230139,0.82400000,1800.00000000,443132872,443132875,1782870137795740,False,True
284230140,0.82400000,130.11000000,443132876,443132877,1782870151023570,False,True
284230141,0.82400000,370.59000000,443132878,443132878,1782870151027763,False,True
284230142,0.82400000,552.90000000,443132879,443132881,1782870151153484,False,True
284230143,0.82400000,19.35000000,443132882,443132884,1782870171992463,False,True
284230144,0.82400000,6.45000000,443132885,443132885,1782870173239801,True,True
284230145,0.82400000,861.73000000,443132886,443132889,1782870205243623,False,True
284230146,0.82400000,6.45000000,443132890,443132890,1782870212801130,False,True
284230147,0.82500000,93.55000000,443132891,443132891,1782870212801130,False,True
284230148,0.82400000,1244.87000000,443132892,443132896,1782870213663497,True,True
284230149,0.82400000,65.50000000,443132897,443132899,1782870219628544,False,True
284230150,0.82400000,113.82000000,443132900,443132900,1782870234924847,False,True
284230151,0.82400000,6.45000000,443132901,443132901,1782870241375553,False,True
284230152,0.82400000,6.45000000,443132902,443132902,1782870247754306,True,True
284230153,0.82400000,6.44000000,443132903,443132903,1782870272648080,False,True
284230154,0.82500000,93.56000000,443132904,443132904,1782870272648080,False,True
284230155,0.82400000,6.45000000,443132905,443132905,1782870299115410,True,True
284230156,0.82400000,47.33000000,443132906,443132907,1782870310060902,False,True
284230157,0.82400000,6.45000000,443132908,443132908,1782870316099589,False,True
284230158,0.82400000,538.11000000,443132909,443132910,1782870317034214,True,True
284230159,0.82400000,18.79000000,443132911,443132912,1782870323809962,False,True
284230160,0.82500000,450.90000000,443132913,443132918,1782870333300588,False,True
284230161,0.82600000,19.85000000,443132919,443132921,1782870341174195,False,True
284230162,0.82500000,13.16000000,443132922,443132923,1782870349522727,True,True
284230163,0.82500000,1012.64000000,443132924,443132925,1782870367633892,True,True
284230164,0.82500000,12.12000000,443132926,443132927,1782870370901310,False,True
284230165,0.82500000,538.10000000,443132928,443132929,1782870383125215,True,True
284230166,0.82400000,20.21000000,443132930,443132930,1782870386345268,True,True
284230167,0.82400000,341.95000000,443132931,443132931,1782870388438125,True,True
284230168,0.82400000,476.93000000,443132932,443132937,1782870395162407,True,True
284230169,0.82400000,206.31000000,443132938,443132938,1782870398588085,False,True
284230170,0.82400000,272.82000000,443132939,443132939,1782870410614226,False,True
284230171,0.82400000,6.44000000,443132940,443132940,1782870476194414,False,True
284230172,0.82400000,255.72000000,443132941,443132943,1782870483081749,False,True
284230173,0.82400000,330.89000000,443132944,443132946,1782870483110192,False,True
284230174,0.82400000,368.76000000,443132947,443132949,1782870483125659,False,True
284230175,0.82400000,28.39000000,443132950,443132952,1782870483152684,False,True
284230176,0.82400000,109.57000000,443132953,443132954,1782870483154059,False,True
284230177,0.82400000,207.57000000,443132955,443132955,1782870483529807,True,True
284230178,0.82400000,1314.48000000,443132956,443132957,1782870486960501,True,True
284230179,0.82400000,936.90000000,443132958,443132960,1782870486960571,True,True
284230180,0.82300000,572.89000000,443132961,443132966,1782870510010711,True,True
284230181,0.82300000,21.86000000,443132967,443132967,1782870516619902,False,True
284230182,0.82400000,203.55000000,443132968,443132968,1782870525969631,False,True
284230183,0.82300000,19.35000000,443132969,443132971,1782870537037656,True,True
284230184,0.82200000,9.12000000,443132972,443132972,1782870591496192,True,True
284230185,0.82200000,2800.23000000,443132973,443132980,1782870616149125,True,True
284230186,0.82200000,182.25000000,443132981,443132982,1782870634086293,False,True
284230187,0.82200000,149.85000000,443132983,443132983,1782870634088303,False,True
284230188,0.82200000,389.39000000,443132984,443132987,1782870634095767,False,True
284230189,0.82200000,19.38000000,443132988,443132990,1782870634097388,False,True
284230190,0.82200000,19.38000000,443132991,443132993,1782870637776865,True,True
284230191,0.82200000,715.03000000,443132994,443132997,1782870664601633,False,True
284230192,0.82200000,6.45000000,443132998,443132998,1782870664601783,False,True
284230193,0.82200000,635.45000000,443132999,443133000,1782870680620400,False,True
284230194,0.82300000,11.00000000,443133001,443133001,1782870688582441,False,True
284230195,0.82200000,205.50000000,443133002,443133002,1782870689818267,True,True
284230196,0.82300000,340.83000000,443133003,443133003,1782870726945181,False,True
284230197,0.82200000,137.00000000,443133004,443133004,1782870753340058,True,True
284230198,0.82300000,221.87000000,443133005,443133010,1782870760909079,False,True
284230199,0.82300000,117.10000000,443133011,443133012,1782870760922396,False,True
284230200,0.82300000,100.00000000,443133013,443133016,1782870761044095,False,True
284230201,0.82200000,9.12000000,443133017,443133017,1782870771743083,True,True
284230202,0.82300000,12.90000000,443133018,443133019,1782870776340617,False,True
284230203,0.82300000,19.35000000,443133020,443133022,1782870776369025,False,True
284230204,0.82400000,66.20000000,443133023,443133023,1782870776372975,False,True
284230205,0.82300000,262.90000000,443133024,443133027,1782870795518174,True,True
284230206,0.82300000,402.46000000,443133028,443133031,1782870796473369,False,True
284230207,0.82400000,113.82000000,443133032,443133032,1782870815120484,False,True
284230208,0.82300000,9.11000000,443133033,443133033,1782870830853388,True,True
284230209,0.82400000,64.18000000,443133034,443133041,1782870836321506,False,True
284230210,0.82500000,3480.43000000,443133042,443133044,1782870836321506,False,True
284230211,0.82400000,25.56000000,443133045,443133046,1782870840275452,True,True
284230212,0.82400000,42.07000000,443133047,443133050,1782870840949291,False,True
284230213,0.82400000,19.32000000,443133051,443133053,1782870845073989,True,True
284230214,0.82400000,12.88000000,443133054,443133055,1782870876267251,False,True
284230215,0.82400000,19.34000000,443133056,443133058,1782870876314139,False,True
284230216,0.82500000,49.63000000,443133059,443133065,1782870903308136,False,True
284230217,0.82500000,113.19000000,443133066,443133066,1782870903321608,False,True
284230218,0.82500000,137.81000000,443133067,443133068,1782870903323112,False,True
284230219,0.82500000,34.45000000,443133069,443133069,1782870903333776,False,True
284230220,0.82500000,80.28000000,443133070,443133073,1782870903346207,False,True
284230221,0.82500000,12.88000000,443133074,443133075,1782870903466804,True,True
284230222,0.82500000,50.00000000,443133076,443133076,1782870909879339,False,True
284230223,0.82500000,83.35000000,443133077,443133077,1782870950688899,True,True
284230224,0.82500000,151.52000000,443133078,443133078,1782870952252466,True,True
284230225,0.82500000,169.86000000,443133079,443133079,1782870952254833,True,True
284230226,0.82500000,31.58000000,443133080,443133080,1782870976338190,True,True
284230227,0.82500000,476.42000000,443133081,443133081,1782870979437421,True,True
284230228,0.82500000,14.89000000,443133082,443133082,1782870992013914,True,True
284230229,0.82500000,103.20000000,443133083,443133084,1782870992221184,True,True
284230230,0.82400000,29.24000000,443133085,443133085,1782870998805089,True,True
284230231,0.82400000,1000.00000000,443133086,443133086,1782871016927789,True,True
284230232,0.82500000,1033.43000000,443133087,443133090,1782871029792503,False,True
284230233,0.82500000,6.43000000,443133091,443133091,1782871029793216,False,True
284230234,0.82500000,12.05000000,443133092,443133092,1782871037828454,True,True
284230235,0.82500000,500.00000000,443133093,443133093,1782871038253528,True,True
284230236,0.82500000,32.02000000,443133094,443133094,1782871051389327,False,True
284230237,0.82400000,247.48000000,443133095,443133096,1782871054554353,True,True
284230238,0.82500000,252.38000000,443133097,443133097,1782871055278580,False,True
284230239,0.82400000,1553.01000000,443133098,443133098,1782871095384938,True,True
284230240,0.82400000,2400.00000000,443133099,443133110,1782871095385073,True,True
284230241,0.82400000,503.93000000,443133111,443133111,1782871095386222,True,True
284230242,0.82400000,12.12000000,443133112,443133113,1782871095388780,True,True
284230243,0.82400000,7.20000000,443133114,443133115,1782871095388811,True,True
284230244,0.82400000,496.65000000,443133116,443133117,1782871119577772,False,True
284230245,0.82400000,121.65000000,443133118,443133120,1782871122503769,False,True
284230246,0.82300000,59.11000000,443133121,443133121,1782871144091847,True,True
284230247,0.82400000,191.94000000,443133122,443133122,1782871153550600,False,True
284230248,0.82400000,199.31000000,443133123,443133126,1782871153551627,False,True
284230249,0.82400000,66.33000000,443133127,443133130,1782871153588623,False,True
284230250,0.82400000,11.94000000,443133131,443133133,1782871153591475,False,True
284230251,0.82400000,16.88000000,443133134,443133136,1782871153664412,False,True
284230252,0.82400000,19.35000000,443133137,443133139,1782871157846407,True,True
284230253,0.82400000,23.03000000,443133140,443133142,1782871193596316,False,True
284230254,0.82400000,19.35000000,443133143,443133145,1782871206024416,False,True
284230255,0.82400000,1220.10000000,443133146,443133147,1782871208338007,True,True
284230256,0.82400000,230.30000000,443133148,443133152,1782871210039438,False,True
284230257,0.82400000,12.89000000,443133153,443133154,1782871210359743,False,True
284230258,0.82400000,19.35000000,443133155,443133157,1782871210444324,False,True
284230259,0.82500000,36.36000000,443133158,443133158,1782871212629795,False,True
284230260,0.82500000,150.00000000,443133159,443133159,1782871230938794,False,True
284230261,0.82400000,1846.25000000,443133160,443133164,1782871237006575,True,True
284230262,0.82400000,19.32000000,443133165,443133167,1782871237276087,True,True
284230263,0.82400000,19.32000000,443133168,443133170,1782871242443973,False,True
284230264,0.82400000,2240.21000000,443133171,443133174,1782871247116608,True,True
284230265,0.82300000,10.01000000,443133175,443133175,1782871253464426,True,True
284230266,0.82400000,49.67000000,443133176,443133179,1782871259577035,False,True
284230267,0.82400000,6.45000000,443133180,443133180,1782871262197234,True,True
284230268,0.82400000,19.32000000,443133181,443133183,1782871272199405,False,True
284230269,0.82500000,12.27000000,443133184,443133184,1782871280006097,False,True
284230270,0.82400000,500.00000000,443133185,443133185,1782871280317685,True,True
284230271,0.82400000,130.34000000,443133186,443133187,1782871300137480,True,True
284230272,0.82300000,1475.18000000,443133188,443133194,1782871327536709,True,True
284230273,0.82300000,56.65000000,443133195,443133196,1782871327537646,True,True
284230274,0.82400000,428.84000000,443133197,443133204,1782871372899189,False,True
284230275,0.82400000,6.44000000,443133205,443133205,1782871372902345,False,True
284230276,0.82400000,29.00000000,443133206,443133208,1782871399887475,True,True
284230277,0.82400000,19.32000000,443133209,443133211,1782871410060147,True,True
284230278,0.82400000,19.32000000,443133212,443133214,1782871414691718,False,True
284230279,0.82500000,3766.26000000,443133215,443133222,1782871414691718,False,True
284230280,0.82500000,7.53000000,443133223,443133223,1782871420214433,False,True
284230281,0.82400000,500.00000000,443133224,443133224,1782871425368250,True,True
284230282,0.82500000,677.48000000,443133225,443133231,1782871445935147,False,True
284230283,0.82500000,95.33000000,443133232,443133234,1782871445937019,False,True
284230284,0.82500000,555.67000000,443133235,443133238,1782871448492618,False,True
284230285,0.82500000,1057.48000000,443133239,443133240,1782871448493868,True,True
284230286,0.82500000,214.70000000,443133241,443133241,1782871453578091,False,True
284230287,0.82500000,843.92000000,443133242,443133244,1782871484986295,False,True
284230288,0.82400000,19.33000000,443133245,443133247,1782871500908133,True,True
284230289,0.82400000,28.21000000,443133248,443133249,1782871502187878,False,True
284230290,0.82400000,6.71000000,443133250,443133251,1782871509253100,False,True
284230291,0.82300000,1046.30000000,443133252,443133253,1782871569104331,True,True
284230292,0.82300000,88.69000000,443133254,443133259,1782871569104871,True,True
284230293,0.82300000,100.46000000,443133260,443133262,1782871569105201,True,True
284230294,0.82300000,1560.86000000,443133263,443133265,1782871570298203,False,True
284230295,0.82300000,164.93000000,443133266,443133266,1782871570399768,True,True
284230296,0.82300000,2400.00000000,443133267,443133272,1782871570400539,True,True
284230297,0.82300000,1729.81000000,443133273,443133273,1782871570400999,True,True
284230298,0.82300000,177.83000000,443133274,443133277,1782871570402180,True,True
284230299,0.82300000,8.34000000,443133278,443133278,1782871599166377,True,True
284230300,0.82300000,367.22000000,443133279,443133279,1782871613121590,False,True
284230301,0.82300000,6.45000000,443133280,443133280,1782871624002079,True,True
284230302,0.82300000,3285.93000000,443133281,443133285,1782871681870145,False,True
284230303,0.82400000,2857.66000000,443133286,443133295,1782871681873899,False,True
284230304,0.82400000,1457.10000000,443133296,443133296,1782871681874966,False,True
284230305,0.82400000,119.29000000,443133297,443133301,1782871687667953,False,True
284230306,0.82400000,12.17000000,443133302,443133303,1782871688042999,True,True
284230307,0.82500000,237.62000000,443133304,443133306,1782871697494679,False,True
284230308,0.82400000,2298.76000000,443133307,443133310,1782871713339367,True,True
284230309,0.82400000,20.00000000,443133311,443133311,1782871724808700,False,True
284230310,0.82400000,38.74000000,443133312,443133312,1782871733527777,False,True
284230311,0.82400000,12.13000000,443133313,443133313,1782871737423998,False,True
284230312,0.82400000,589.46000000,443133314,443133317,1782871749864251,False,True
284230313,0.82500000,12.13000000,443133318,443133318,1782871782225705,False,True
284230314,0.82500000,161.86000000,443133319,443133319,1782871787146139,False,True
284230315,0.82500000,50.98000000,443133320,443133326,1782871804042591,False,True
284230316,0.82500000,13.00000000,443133327,443133327,1782871804344775,True,True
284230317,0.82500000,36.72000000,443133328,443133330,1782871804569581,True,True
284230318,0.82500000,22.75000000,443133331,443133331,1782871804569957,True,True
284230319,0.82500000,19.29000000,443133332,443133334,1782871827481761,False,True
284230320,0.82500000,55.70000000,443133335,443133336,1782871852121687,True,True
284230321,0.82500000,26.96000000,443133337,443133340,1782871858499192,False,True
284230322,0.82500000,2240.80000000,443133341,443133343,1782871861756555,True,True
284230323,0.82500000,19.29000000,443133344,443133346,1782871880696971,False,True
284230324,0.82500000,341.29000000,443133347,443133347,1782871948156872,True,True
284230325,0.82600000,418.58000000,443133348,443133356,1782871951607567,False,True
284230326,0.82700000,28.40000000,443133357,443133360,1782871966997073,False,True
284230327,0.82700000,148.45000000,443133361,443133366,1782871980650733,False,True
284230328,0.82700000,19.27000000,443133367,443133369,1782871980652190,False,True
284230329,0.82700000,24.77000000,443133370,443133370,1782871981416856,True,True
284230330,0.82700000,25.65000000,443133371,443133371,1782871983639512,True,True
284230331,0.82800000,208.01000000,443133372,443133383,1782871988119411,False,True
284230332,0.82800000,43.44000000,443133384,443133384,1782871988705979,True,True
284230333,0.82900000,591.69000000,443133385,443133389,1782871990699589,False,True
284230334,0.82800000,2143.75000000,443133390,443133393,1782871993219615,True,True
284230335,0.82700000,12.46000000,443133394,443133394,1782871997026452,True,True
284230336,0.82700000,55.28000000,443133395,443133395,1782871998157198,True,True
284230337,0.82800000,4756.74000000,443133396,443133403,1782872000630337,False,True
284230338,0.82900000,2843.78000000,443133404,443133411,1782872000630337,False,True
284230339,0.82800000,42.81000000,443133412,443133415,1782872001224399,False,True
284230340,0.82700000,58.26000000,443133416,443133417,1782872007668617,True,True
284230341,0.82800000,451.46000000,443133418,443133418,1782872010408545,True,True
284230342,0.82800000,528.78000000,443133419,443133420,1782872018553245,True,True
284230343,0.82800000,7.38000000,443133421,443133421,1782872018993769,True,True
284230344,0.82800000,14.87000000,443133422,443133422,1782872023244923,True,True
284230345,0.82800000,136.44000000,443133423,443133423,1782872023359394,True,True
284230346,0.82800000,133.05000000,443133424,443133424,1782872023359551,True,True
284230347,0.82800000,6.41000000,443133425,443133425,1782872023362786,True,True
284230348,0.82800000,36.81000000,443133426,443133426,1782872028483568,True,True
284230349,0.82800000,6.41000000,443133427,443133427,1782872028581697,True,True
284230350,0.82700000,7.49000000,443133428,443133428,1782872028737613,True,True
284230351,0.82800000,109.38000000,443133429,443133429,1782872029529072,True,True
284230352,0.82800000,512.57000000,443133430,443133431,1782872031000833,True,True
284230353,0.82800000,2111.67000000,443133432,443133433,1782872034236075,True,True
284230354,0.82700000,840.56000000,443133434,443133443,1782872060890397,True,True
284230355,0.82600000,378.96000000,443133444,443133444,1782872061183208,True,True
284230356,0.82700000,19.23000000,443133445,443133447,1782872063965846,False,True
284230357,0.82700000,212.76000000,443133448,443133448,1782872064047385,True,True
284230358,0.82700000,19.23000000,443133449,443133451,1782872071310341,False,True
284230359,0.82800000,18.11000000,443133452,443133454,1782872099251792,False,True
284230360,0.82800000,24.15000000,443133455,443133455,1782872100275927,False,True
284230361,0.82700000,56.24000000,443133456,443133457,1782872125545871,True,True
284230362,0.82600000,56.24000000,443133458,443133458,1782872125694038,True,True
284230363,0.82700000,38.59000000,443133459,443133462,1782872127413011,False,True
284230364,0.82700000,83.07000000,443133463,443133464,1782872132058328,True,True
284230365,0.82800000,39.10000000,443133465,443133469,1782872140349349,False,True
284230366,0.82900000,36.23000000,443133470,443133470,1782872147434092,False,True
284230367,0.82900000,241.25000000,443133471,443133474,1782872167125019,False,True
284230368,0.82800000,379.20000000,443133475,443133475,1782872192455915,True,True
284230369,0.82900000,1300.87000000,443133476,443133478,1782872207677672,False,True
284230370,0.82900000,553.69000000,443133479,443133479,1782872207678114,False,True
284230371,0.82800000,7.77000000,443133480,443133480,1782872237999924,True,True
284230372,0.82800000,467.53000000,443133481,443133483,1782872248476560,True,True
284230373,0.82800000,1556.12000000,443133484,443133484,1782872254536695,True,True
284230374,0.82800000,469.67000000,443133485,443133488,1782872254537301,True,True
284230375,0.82800000,6.40000000,443133489,443133489,1782872254538112,True,True
284230376,0.82800000,548.84000000,443133490,443133490,1782872255238592,False,True
284230377,0.82800000,19.20000000,443133491,443133493,1782872256658259,False,True
284230378,0.82800000,2111.68000000,443133494,443133495,1782872261568044,True,True
284230379,0.82800000,8.46000000,443133496,443133496,1782872277464967,False,True
284230380,0.82800000,62.37000000,443133497,443133499,1782872312864499,False,True
284230381,0.82800000,6.21000000,443133500,443133500,1782872337890466,False,True
284230382,0.82700000,376.07000000,443133501,443133507,1782872371950002,True,True
284230383,0.82600000,1219.52000000,443133508,443133511,1782872371971456,True,True
284230384,0.82700000,540.18000000,443133512,443133514,1782872391844931,False,True
284230385,0.82700000,62.12000000,443133515,443133515,1782872391846272,False,True
284230386,0.82700000,29.47000000,443133516,443133516,1782872391846846,False,True
284230387,0.82700000,34.49000000,443133517,443133517,1782872391848851,False,True
284230388,0.82700000,28.46000000,443133518,443133521,1782872391849881,False,True
284230389,0.82700000,372.82000000,443133522,443133524,1782872412157218,False,True
284230390,0.82700000,338.57000000,443133525,443133525,1782872442767048,True,True
284230391,0.82800000,848.30000000,443133526,443133535,1782872485167915,False,True
284230392,0.82800000,12.82000000,443133536,443133537,1782872485181150,False,True
284230393,0.82800000,19.23000000,443133538,443133540,1782872485249937,False,True
284230394,0.82900000,42.01000000,443133541,443133545,1782872490956301,False,True
284230395,0.82900000,367.96000000,443133546,443133546,1782872493733854,True,True
284230396,0.83000000,12.04000000,443133547,443133548,1782872501800666,False,True
284230397,0.83000000,53.01000000,443133549,443133555,1782872525299189,False,True
284230398,0.83000000,9.63000000,443133556,443133556,1782872526636270,True,True
284230399,0.83000000,12.05000000,443133557,443133557,1782872526781071,True,True
284230400,0.83000000,1209.47000000,443133558,443133559,1782872528070249,True,True
284230401,0.83000000,12.80000000,443133560,443133561,1782872528070423,True,True
284230402,0.83000000,2989.53000000,443133562,443133566,1782872531553981,False,True
284230403,0.83000000,3319.04000000,443133567,443133570,1782872535236214,True,True
284230404,0.83000000,6.39000000,443133571,443133571,1782872536220102,True,True
284230405,0.83000000,7.41000000,443133572,443133572,1782872536716966,False,True
284230406,0.83000000,395.89000000,443133573,443133575,1782872537966357,False,True
284230407,0.83000000,231.37000000,443133576,443133580,1782872547114227,False,True
284230408,0.83000000,50.00000000,443133581,443133582,1782872555655771,True,True
284230409,0.83000000,575.26000000,443133583,443133585,1782872562899598,True,True
284230410,0.83000000,30.49000000,443133586,443133587,1782872587781632,True,True
284230411,0.83000000,1742.47000000,443133588,443133595,1782872591208543,False,True
