16436562,0.25180000,99.60000000,30803174,30803176,1782864004725779,False,True
16436563,0.25180000,140.70000000,30803177,30803177,1782864004727441,False,True
16436564,0.25190000,25.70000000,30803178,30803178,1782864005089804,False,True
16436565,0.25190000,19.80000000,30803179,30803179,1782864016247010,False,True
16436566,0.25150000,82.20000000,30803180,30803182,1782864020811628,True,True
16436567,0.25140000,21.90000000,30803183,30803183,1782864020811863,True,True
16436568,0.25150000,134.30000000,30803184,30803184,1782864020926861,False,True
16436569,0.25160000,3220.30000000,30803185,30803187,1782864020926861,False,True
16436570,0.25170000,5030.40000000,30803188,30803190,1782864020926861,False,True
16436571,0.25180000,1477.30000000,30803191,30803192,1782864020926861,False,True
16436572,0.25170000,205.20000000,30803193,30803193,1782864027855820,False,True
16436573,0.25170000,239.60000000,30803194,30803196,1782864046151817,False,True
16436574,0.25180000,42.50000000,30803197,30803198,1782864046151817,False,True
16436575,0.25190000,1659.30000000,30803199,30803199,1782864060147106,False,True
16436576,0.25190000,589.10000000,30803200,30803202,1782864060148357,False,True
16436577,0.25200000,314.10000000,30803203,30803205,1782864060387047,False,True
16436578,0.25210000,42.50000000,30803206,30803207,1782864061170926,False,True
16436579,0.25220000,21.90000000,30803208,30803208,1782864061379360,False,True
16436580,0.25230000,42.40000000,30803209,30803210,1782864061379641,False,True
16436581,0.25240000,79.00000000,30803211,30803213,1782864061379958,False,True
16436582,0.25240000,103.60000000,30803214,30803214,1782864061381797,False,True
16436583,0.25250000,42.40000000,30803215,30803216,1782864061853112,False,True
16436584,0.25260000,42.30000000,30803217,30803218,1782864064198389,False,True
16436585,0.25260000,270.50000000,30803219,30803219,1782864064248814,True,True
16436586,0.25260000,2014.40000000,30803220,30803222,1782864069826931,True,True
16436587,0.25260000,631.50000000,30803223,30803223,1782864071161216,True,True
16436588,0.25260000,308.50000000,30803224,30803224,1782864071161321,True,True
16436589,0.25250000,958.10000000,30803225,30803227,1782864073061801,True,True
16436590,0.25240000,42.30000000,30803228,30803229,1782864077200203,True,True
16436591,0.25260000,20.50000000,30803230,30803230,1782864104097524,False,True
16436592,0.25270000,2353.80000000,30803231,30803234,1782864104097524,False,True
16436593,0.25270000,199.70000000,30803235,30803235,1782864109782265,False,True
16436594,0.25280000,42.30000000,30803236,30803237,1782864121150473,False,True
16436595,0.25290000,42.30000000,30803238,30803239,1782864122255608,False,True
16436596,0.25290000,43.20000000,30803240,30803240,1782864124001692,True,True
16436597,0.25290000,134.30000000,30803241,30803241,1782864129036127,True,True
16436598,0.25290000,134.30000000,30803242,30803242,1782864129036143,True,True
16436599,0.25290000,625.90000000,30803243,30803244,1782864129036547,True,True
16436600,0.25290000,248.10000000,30803245,30803245,1782864129095875,False,True
16436601,0.25300000,42.30000000,30803246,30803247,1782864130146689,False,True
16436602,0.25300000,474.00000000,30803248,30803253,1782864130940754,True,True
16436603,0.25300000,940.00000000,30803254,30803254,1782864137485438,True,True
16436604,0.25290000,3762.10000000,30803255,30803267,1782864137485438,True,True
16436605,0.25280000,940.00000000,30803268,30803273,1782864137486933,True,True
16436606,0.25280000,640.50000000,30803274,30803275,1782864137487083,True,True
16436607,0.25270000,1916.80000000,30803276,30803279,1782864137487083,True,True
16436608,0.25270000,2042.50000000,30803280,30803280,1782864137487099,True,True
16436609,0.25280000,235.00000000,30803281,30803281,1782864137488670,True,True
16436610,0.25270000,940.00000000,30803282,30803282,1782864137491178,True,True
16436611,0.25280000,287.60000000,30803283,30803283,1782864137491417,False,True
16436612,0.25280000,652.40000000,30803284,30803284,1782864137491594,True,True
16436613,0.25270000,129.00000000,30803285,30803285,1782864137493514,True,True
16436614,0.25290000,2259.70000000,30803286,30803286,1782864137500141,False,True
16436615,0.25300000,42.30000000,30803287,30803288,1782864137506064,False,True
16436616,0.25310000,1030.20000000,30803289,30803292,1782864137532159,False,True
16436617,0.25310000,2619.50000000,30803293,30803293,1782864137533565,False,True
16436618,0.25310000,510.30000000,30803294,30803294,1782864137533653,False,True
16436619,0.25320000,79.00000000,30803295,30803298,1782864137534762,False,True
16436620,0.25320000,79.00000000,30803299,30803299,1782864137535146,False,True
16436621,0.25320000,948.40000000,30803300,30803300,1782864137557206,False,True
16436622,0.25330000,3632.10000000,30803301,30803304,1782864137561724,False,True
16436623,0.25340000,438.00000000,30803305,30803307,1782864137563187,False,True
16436624,0.25350000,79.00000000,30803308,30803309,1782864137564201,False,True
16436625,0.25350000,79.00000000,30803310,30803310,1782864137564326,False,True
16436626,0.25350000,870.10000000,30803311,30803313,1782864137610732,False,True
16436627,0.25360000,42.20000000,30803314,30803315,1782864142826383,False,True
16436628,0.25370000,437.50000000,30803316,30803318,1782864142833718,False,True
16436629,0.25380000,437.20000000,30803319,30803321,1782864142871112,False,True
16436630,0.25390000,26.00000000,30803322,30803323,1782864146151406,False,True
16436631,0.25390000,197.40000000,30803324,30803324,1782864146151432,False,True
16436632,0.25390000,192.10000000,30803325,30803325,1782864146151443,False,True
16436633,0.25400000,437.20000000,30803326,30803328,1782864146220668,False,True
16436634,0.25410000,42.10000000,30803329,30803330,1782864146223599,False,True
16436635,0.25410000,703.60000000,30803331,30803331,1782864146225270,False,True
16436636,0.25420000,42.10000000,30803332,30803333,1782864148435586,False,True
16436637,0.25430000,42.10000000,30803334,30803335,1782864148444648,False,True
16436638,0.25440000,904.30000000,30803336,30803339,1782864148723191,False,True
16436639,0.25450000,42.10000000,30803340,30803341,1782864148992702,False,True
16436640,0.25460000,42.10000000,30803342,30803343,1782864149570410,False,True
16436641,0.25470000,574.70000000,30803344,30803347,1782864149579151,False,True
16436642,0.25480000,42.00000000,30803348,30803349,1782864149761809,False,True
16436643,0.25490000,981.90000000,30803350,30803352,1782864149902561,False,True
16436644,0.25500000,1388.70000000,30803353,30803356,1782864149904315,False,True
16436645,0.25510000,41.30000000,30803357,30803358,1782864149914960,False,True
16436646,0.25520000,41.90000000,30803359,30803360,1782864149919694,False,True
16436647,0.25520000,353.80000000,30803361,30803363,1782864150527996,True,True
16436648,0.25530000,41.90000000,30803364,30803365,1782864151912558,False,True
16436649,0.25540000,41.90000000,30803366,30803367,1782864151936380,False,True
16436650,0.25530000,452.10000000,30803368,30803372,1782864152805561,True,True
16436651,0.25550000,41.90000000,30803373,30803374,1782864158463504,False,True
16436652,0.25560000,41.90000000,30803375,30803376,1782864158474448,False,True
16436653,0.25570000,41.90000000,30803377,30803378,1782864158504500,False,True
16436654,0.25580000,41.90000000,30803379,30803380,1782864158504500,False,True
16436655,0.25590000,20.30000000,30803381,30803381,1782864159053412,False,True
16436656,0.25600000,41.80000000,30803382,30803383,1782864159156129,False,True
16436657,0.25610000,41.80000000,30803384,30803385,1782864159158609,False,True
16436658,0.25620000,36.20000000,30803386,30803387,1782864159158609,False,True
16436659,0.25620000,5.60000000,30803388,30803388,1782864159158816,False,True
16436660,0.25630000,72.40000000,30803389,30803390,1782864159158816,False,True
16436661,0.25630000,78.00000000,30803391,30803393,1782864159158834,False,True
16436662,0.25630000,78.00000000,30803394,30803394,1782864159158837,False,True
16436663,0.25630000,78.00000000,30803395,30803395,1782864159158987,False,True
16436664,0.25630000,78.00000000,30803396,30803396,1782864159158991,False,True
16436665,0.25630000,78.00000000,30803397,30803397,1782864159159032,False,True
16436666,0.25630000,78.00000000,30803398,30803398,1782864159159072,False,True
16436667,0.25630000,78.00000000,30803399,30803399,1782864159159124,False,True
16436668,0.25630000,78.00000000,30803400,30803400,1782864159159127,False,True
16436669,0.25630000,78.00000000,30803401,30803401,1782864159159194,False,True
16436670,0.25630000,78.00000000,30803402,30803402,1782864159159215,False,True
16436671,0.25630000,78.00000000,30803403,30803403,1782864159159266,False,True
16436672,0.25630000,46.40000000,30803404,30803404,1782864159159333,False,True
16436673,0.25640000,31.60000000,30803405,30803406,1782864159159333,False,True
16436674,0.25640000,78.00000000,30803407,30803408,1782864159159490,False,True
16436675,0.25640000,78.00000000,30803409,30803409,1782864159159658,False,True
16436676,0.25640000,78.00000000,30803410,30803410,1782864159159768,False,True
16436677,0.25640000,78.00000000,30803411,30803411,1782864159160087,False,True
16436678,0.25640000,78.00000000,30803412,30803412,1782864159160187,False,True
16436679,0.25640000,78.00000000,30803413,30803413,1782864159160216,False,True
16436680,0.25620000,97.50000000,30803414,30803414,1782864159161297,True,True
16436681,0.25620000,97.50000000,30803415,30803415,1782864159161417,True,True
16436682,0.25620000,2.80000000,30803416,30803416,1782864159161514,True,True
16436683,0.25610000,74.00000000,30803417,30803417,1782864159164771,True,True
16436684,0.25630000,78.00000000,30803418,30803418,1782864159178223,False,True
16436685,0.25630000,862.00000000,30803419,30803419,1782864159179684,False,True
16436686,0.25640000,1449.10000000,30803420,30803421,1782864159179684,False,True
16436687,0.25650000,78.00000000,30803422,30803423,1782864159180788,False,True
16436688,0.25650000,21.50000000,30803424,30803424,1782864160209972,False,True
16436689,0.25660000,1298.10000000,30803425,30803426,1782864161162065,False,True
16436690,0.25660000,186.50000000,30803427,30803427,1782864161163434,False,True
16436691,0.25660000,1800.00000000,30803428,30803428,1782864161163542,False,True
16436692,0.25660000,1800.00000000,30803429,30803429,1782864161163742,False,True
16436693,0.25660000,2000.00000000,30803430,30803430,1782864161164426,False,True
16436694,0.25660000,940.00000000,30803431,30803431,1782864161165289,False,True
16436695,0.25660000,940.00000000,30803432,30803432,1782864161166654,False,True
16436696,0.25660000,1000.00000000,30803433,30803433,1782864161166699,False,True
16436697,0.25660000,2167.50000000,30803434,30803434,1782864161166816,False,True
16436698,0.25660000,1750.40000000,30803435,30803435,1782864161168227,False,True
16436699,0.25660000,3110.00000000,30803436,30803436,1782864161168371,False,True
16436700,0.25660000,78.00000000,30803437,30803437,1782864161169471,False,True
16436701,0.25660000,78.00000000,30803438,30803438,1782864161169548,False,True
16436702,0.25660000,78.00000000,30803439,30803439,1782864161169575,False,True
16436703,0.25660000,1017.30000000,30803440,30803441,1782864161169744,False,True
16436704,0.25670000,78.00000000,30803442,30803443,1782864161169838,False,True
16436705,0.25670000,983.20000000,30803444,30803446,1782864161170753,False,True
16436706,0.25680000,52.80000000,30803447,30803449,1782864161170753,False,True
16436707,0.25670000,699.70000000,30803450,30803452,1782864161287450,True,True
16436708,0.25680000,39.00000000,30803453,30803453,1782864161712802,False,True
16436709,0.25680000,39.00000000,30803454,30803454,1782864161712996,False,True
16436710,0.25680000,39.00000000,30803455,30803455,1782864161713030,False,True
16436711,0.25670000,2259.70000000,30803456,30803456,1782864161771054,True,True
16436712,0.25660000,312.00000000,30803457,30803460,1782864162712591,True,True
16436713,0.25650000,5184.40000000,30803461,30803477,1782864162715091,True,True
16436714,0.25650000,151.80000000,30803478,30803478,1782864162721880,False,True
16436715,0.25650000,1288.20000000,30803479,30803480,1782864162755637,False,True
16436716,0.25640000,36.00000000,30803481,30803481,1782864162890030,True,True
16436717,0.25630000,20.20000000,30803482,30803482,1782864162892140,True,True
16436718,0.25620000,154.70000000,30803483,30803487,1782864163076446,True,True
16436719,0.25620000,891.70000000,30803488,30803498,1782864163090203,True,True
16436720,0.25610000,89.60000000,30803499,30803501,1782864163090203,True,True
16436721,0.25610000,1986.20000000,30803502,30803502,1782864163090348,True,True
16436722,0.25610000,273.50000000,30803503,30803503,1782864163091141,True,True
16436723,0.25600000,992.40000000,30803504,30803505,1782864163091587,True,True
16436724,0.25590000,1718.00000000,30803506,30803508,1782864163091631,True,True
16436725,0.25580000,20.20000000,30803509,30803509,1782864163093282,True,True
16436726,0.25570000,172.80000000,30803510,30803512,1782864163093282,True,True
16436727,0.25590000,1220.90000000,30803513,30803513,1782864163094296,True,True
16436728,0.25560000,39.10000000,30803514,30803515,1782864163110240,True,True
16436729,0.25570000,940.00000000,30803516,30803516,1782864163119408,False,True
16436730,0.25580000,2280.00000000,30803517,30803518,1782864163119408,False,True
16436731,0.25590000,509.00000000,30803519,30803519,1782864163119408,False,True
16436732,0.25590000,137.60000000,30803520,30803520,1782864163125100,False,True
16436733,0.25560000,1589.60000000,30803521,30803522,1782864163144184,True,True
16436734,0.25550000,20.30000000,30803523,30803523,1782864163236792,True,True
16436735,0.25540000,20.30000000,30803524,30803524,1782864163236792,True,True
16436736,0.25530000,88.40000000,30803525,30803525,1782864163236792,True,True
16436737,0.25530000,3103.10000000,30803526,30803528,1782864163239687,True,True
16436738,0.25540000,151.90000000,30803529,30803529,1782864163242661,False,True
16436739,0.25530000,50.00000000,30803530,30803530,1782864163272821,True,True
16436740,0.25520000,104.70000000,30803531,30803533,1782864163272821,True,True
16436741,0.25540000,277.90000000,30803534,30803534,1782864163338251,False,True
16436742,0.25540000,232.30000000,30803535,30803535,1782864163340676,False,True
16436743,0.25550000,20.30000000,30803536,30803536,1782864163686201,False,True
16436744,0.25560000,960.30000000,30803537,30803538,1782864163768848,False,True
16436745,0.25550000,254.30000000,30803539,30803542,1782864163888495,True,True
16436746,0.25540000,312.00000000,30803543,30803546,1782864163891167,True,True
16436747,0.25540000,20.30000000,30803547,30803547,1782864163893542,False,True
16436748,0.25540000,20.30000000,30803548,30803548,1782864163893659,False,True
16436749,0.25540000,151.90000000,30803549,30803549,1782864163893758,False,True
16436750,0.25540000,151.90000000,30803550,30803551,1782864163893889,False,True
16436751,0.25540000,97.70000000,30803552,30803552,1782864163894550,False,True
16436752,0.25530000,39.70000000,30803553,30803554,1782864164404926,True,True
16436753,0.25530000,1014.00000000,30803555,30803567,1782864164641455,True,True
16436754,0.25530000,48.00000000,30803568,30803568,1782864164648813,False,True
16436755,0.25540000,20.30000000,30803569,30803569,1782864164651013,False,True
16436756,0.25550000,57.70000000,30803570,30803570,1782864164651013,False,True
16436757,0.25550000,78.00000000,30803571,30803571,1782864164651102,False,True
16436758,0.25550000,78.00000000,30803572,30803572,1782864164651125,False,True
16436759,0.25550000,78.00000000,30803573,30803573,1782864164651206,False,True
16436760,0.25550000,78.00000000,30803574,30803574,1782864164651692,False,True
16436761,0.25550000,78.00000000,30803575,30803575,1782864164651791,False,True
16436762,0.25550000,78.00000000,30803576,30803576,1782864164651811,False,True
16436763,0.25550000,78.00000000,30803577,30803577,1782864164651862,False,True
16436764,0.25550000,78.00000000,30803578,30803578,1782864164651918,False,True
16436765,0.25550000,78.00000000,30803579,30803579,1782864164652112,False,True
16436766,0.25550000,78.00000000,30803580,30803580,1782864164652164,False,True
16436767,0.25550000,78.00000000,30803581,30803581,1782864164652171,False,True
16436768,0.25550000,44.60000000,30803582,30803583,1782864164652207,False,True
16436769,0.25560000,33.40000000,30803584,30803584,1782864164652207,False,True
16436770,0.25560000,78.00000000,30803585,30803585,1782864164652419,False,True
16436771,0.25560000,78.00000000,30803586,30803586,1782864164652496,False,True
16436772,0.25560000,78.00000000,30803587,30803587,1782864164653078,False,True
16436773,0.25530000,199.50000000,30803588,30803590,1782864165688710,True,True
16436774,0.25530000,234.00000000,30803591,30803593,1782864166963138,True,True
16436775,0.25540000,1520.70000000,30803594,30803595,1782864167112931,False,True
16436776,0.25540000,468.00000000,30803596,30803601,1782864169371840,True,True
16436777,0.25530000,177.20000000,30803602,30803604,1782864170074099,True,True
16436778,0.25530000,177.20000000,30803605,30803607,1782864170075352,True,True
16436779,0.25530000,425.60000000,30803608,30803613,1782864170075757,True,True
16436780,0.25530000,399.20000000,30803614,30803615,1782864170080065,False,True
16436781,0.25550000,20.30000000,30803616,30803616,1782864170515613,False,True
16436782,0.25560000,57.70000000,30803617,30803618,1782864170515613,False,True
16436783,0.25560000,78.00000000,30803619,30803619,1782864170515787,False,True
16436784,0.25560000,78.00000000,30803620,30803620,1782864170515791,False,True
16436785,0.25560000,78.00000000,30803621,30803621,1782864170515793,False,True
16436786,0.25560000,78.00000000,30803622,30803622,1782864170515798,False,True
16436787,0.25560000,78.00000000,30803623,30803623,1782864170515828,False,True
16436788,0.25560000,78.00000000,30803624,30803624,1782864170515885,False,True
16436789,0.25560000,78.00000000,30803625,30803625,1782864170515890,False,True
16436790,0.25560000,78.00000000,30803626,30803626,1782864170515905,False,True
16436791,0.25560000,78.00000000,30803627,30803627,1782864170515930,False,True
16436792,0.25560000,78.00000000,30803628,30803628,1782864170515942,False,True
16436793,0.25560000,78.00000000,30803629,30803629,1782864170515965,False,True
16436794,0.25560000,78.00000000,30803630,30803630,1782864170516045,False,True
16436795,0.25560000,78.00000000,30803631,30803631,1782864170516052,False,True
16436796,0.25560000,78.00000000,30803632,30803632,1782864170516138,False,True
16436797,0.25560000,21.60000000,30803633,30803633,1782864170518133,False,True
16436798,0.25560000,201.70000000,30803634,30803634,1782864170545099,False,True
16436799,0.25550000,40.60000000,30803635,30803635,1782864170916825,True,True
16436800,0.25540000,411.50000000,30803636,30803636,1782864170916825,True,True
16436801,0.25540000,23.60000000,30803637,30803638,1782864172610292,True,True
16436802,0.25540000,620.70000000,30803639,30803646,1782864173119532,True,True
16436803,0.25530000,644.30000000,30803647,30803655,1782864174026686,True,True
16436804,0.25520000,41.90000000,30803656,30803657,1782864174028474,True,True
16436805,0.25520000,940.00000000,30803658,30803658,1782864174031504,False,True
16436806,0.25510000,119.90000000,30803659,30803661,1782864174159135,True,True
16436807,0.25500000,41.90000000,30803662,30803663,1782864174163532,True,True
16436808,0.25490000,99.60000000,30803664,30803665,1782864174232685,True,True
16436809,0.25480000,41.90000000,30803666,30803667,1782864174303459,True,True
16436810,0.25470000,41.90000000,30803668,30803669,1782864174320692,True,True
16436811,0.25470000,303.20000000,30803670,30803671,1782864176084958,False,True
16436812,0.25480000,1220.40000000,30803672,30803673,1782864176094123,False,True
16436813,0.25480000,907.10000000,30803674,30803674,1782864178987801,False,True
16436814,0.25490000,927.10000000,30803675,30803678,1782864178989206,False,True
16436815,0.25490000,940.00000000,30803679,30803679,1782864178989355,False,True
16436816,0.25490000,96.90000000,30803680,30803680,1782864178989511,False,True
16436817,0.25500000,1131.60000000,30803681,30803682,1782864178990709,False,True
16436818,0.25510000,981.90000000,30803683,30803685,1782864178993211,False,True
16436819,0.25500000,40.70000000,30803686,30803686,1782864179005935,True,True
16436820,0.25490000,20.30000000,30803687,30803687,1782864179007216,True,True
16436821,0.25490000,919.70000000,30803688,30803688,1782864179008861,False,True
16436822,0.25490000,92.20000000,30803689,30803689,1782864179010647,False,True
16436823,0.25490000,109.50000000,30803690,30803690,1782864179011546,False,True
16436824,0.25500000,899.30000000,30803691,30803691,1782864179013727,False,True
16436825,0.25500000,39.00000000,30803692,30803692,1782864179020239,False,True
16436826,0.25490000,159.80000000,30803693,30803693,1782864181109869,True,True
16436827,0.25480000,41.90000000,30803694,30803695,1782864182838687,True,True
16436828,0.25500000,222.00000000,30803696,30803697,1782864185903408,False,True
16436829,0.25510000,243.60000000,30803698,30803700,1782864185904955,False,True
16436830,0.25510000,696.40000000,30803701,30803701,1782864185906177,True,True
16436831,0.25520000,2992.70000000,30803702,30803705,1782864185906924,False,True
16436832,0.25510000,201.70000000,30803706,30803706,1782864185908974,False,True
16436833,0.25520000,201.70000000,30803707,30803707,1782864185929287,False,True
16436834,0.25530000,4131.30000000,30803708,30803711,1782864185931044,False,True
16436835,0.25520000,31.50000000,30803712,30803712,1782864189186750,True,True
16436836,0.25530000,201.70000000,30803713,30803713,1782864189213181,False,True
16436837,0.25540000,2301.60000000,30803714,30803716,1782864189213181,False,True
16436838,0.25540000,528.40000000,30803717,30803717,1782864189262054,False,True
16436839,0.25550000,41.90000000,30803718,30803719,1782864189992182,False,True
16436840,0.25560000,41.90000000,30803720,30803721,1782864190409720,False,True
16436841,0.25570000,41.90000000,30803722,30803723,1782864192404053,False,True
16436842,0.25580000,21.60000000,30803724,30803724,1782864192404706,False,True
16436843,0.25590000,21.50000000,30803725,30803725,1782864192407711,False,True
16436844,0.25600000,21.50000000,30803726,30803726,1782864192434209,False,True
16436845,0.25610000,433.00000000,30803727,30803729,1782864192441123,False,True
16436846,0.25620000,1608.70000000,30803730,30803731,1782864192450365,False,True
16436847,0.25600000,20.20000000,30803732,30803732,1782864193234104,True,True
16436848,0.25600000,25.80000000,30803733,30803733,1782864193566573,False,True
16436849,0.25600000,25.80000000,30803734,30803734,1782864194138009,False,True
16436850,0.25610000,151.80000000,30803735,30803736,1782864194144962,False,True
16436851,0.25610000,70.10000000,30803737,30803737,1782864194166133,False,True
16436852,0.25610000,130.90000000,30803738,30803738,1782864194253175,True,True
16436853,0.25610000,25.80000000,30803739,30803739,1782864195002484,False,True
16436854,0.25600000,25.80000000,30803740,30803740,1782864195456200,True,True
16436855,0.25600000,20.20000000,30803741,30803741,1782864195538357,True,True
16436856,0.25590000,41.70000000,30803742,30803743,1782864195540065,True,True
16436857,0.25580000,41.80000000,30803744,30803745,1782864198719822,True,True
16436858,0.25570000,41.80000000,30803746,30803747,1782864198720556,True,True
16436859,0.25560000,1943.10000000,30803748,30803750,1782864198720773,True,True
16436860,0.25550000,61.50000000,30803751,30803753,1782864198724325,True,True
16436861,0.25540000,131.50000000,30803754,30803756,1782864198724325,True,True
16436862,0.25570000,201.70000000,30803757,30803757,1782864198747166,False,True
16436863,0.25580000,40.40000000,30803758,30803758,1782864198747166,False,True
16436864,0.25550000,20.30000000,30803759,30803759,1782864199821518,True,True
16436865,0.25540000,61.50000000,30803760,30803762,1782864199827224,True,True
16436866,0.25550000,580.00000000,30803763,30803764,1782864200287103,False,True
16436867,0.25550000,393.60000000,30803765,30803765,1782864200287584,False,True
16436868,0.25560000,21.60000000,30803766,30803766,1782864200288090,False,True
16436869,0.25550000,39.40000000,30803767,30803767,1782864200770851,True,True
16436870,0.25570000,1851.60000000,30803768,30803770,1782864200795249,False,True
16436871,0.25550000,197.90000000,30803771,30803774,1782864205568479,True,True
16436872,0.25550000,141.60000000,30803775,30803775,1782864205599879,False,True
16436873,0.25540000,25.80000000,30803776,30803777,1782864205745476,True,True
16436874,0.25550000,242.30000000,30803778,30803779,1782864205868007,False,True
16436875,0.25560000,3220.00000000,30803780,30803782,1782864205868007,False,True
16436876,0.25560000,4026.00000000,30803783,30803783,1782864205869344,True,True
16436877,0.25560000,3894.10000000,30803784,30803784,1782864205869624,True,True
16436878,0.25560000,1545.40000000,30803785,30803785,1782864205869861,True,True
16436879,0.25540000,224.80000000,30803786,30803787,1782864205870178,True,True
16436880,0.25530000,23.20000000,30803788,30803789,1782864205870178,True,True
16436881,0.25560000,740.00000000,30803790,30803791,1782864207060672,False,True
16436882,0.25570000,200.00000000,30803792,30803793,1782864207060778,False,True
16436883,0.25570000,21.60000000,30803794,30803794,1782864207062654,False,True
16436884,0.25570000,40.60000000,30803795,30803795,1782864207066170,True,True
16436885,0.25570000,20.00000000,30803796,30803796,1782864207279664,False,True
16436886,0.25540000,1211.90000000,30803797,30803813,1782864208581104,True,True
16436887,0.25560000,20.30000000,30803814,30803814,1782864208589973,False,True
16436888,0.25540000,2110.00000000,30803815,30803830,1782864209925590,True,True
16436889,0.25550000,20.30000000,30803831,30803831,1782864210098686,False,True
16436890,0.25540000,1170.00000000,30803832,30803846,1782864211457889,True,True
16436891,0.25530000,7168.10000000,30803847,30803849,1782864211458465,True,True
16436892,0.25530000,705.90000000,30803850,30803850,1782864211458511,True,True
16436893,0.25520000,878.20000000,30803851,30803853,1782864211458947,True,True
16436894,0.25510000,91.00000000,30803854,30803856,1782864211460304,True,True
16436895,0.25510000,1327.50000000,30803857,30803857,1782864211460359,True,True
16436896,0.25500000,86.00000000,30803858,30803860,1782864211460445,True,True
16436897,0.25500000,97.00000000,30803861,30803861,1782864211460451,True,True
16436898,0.25520000,201.70000000,30803862,30803862,1782864211460615,False,True
16436899,0.25530000,201.70000000,30803863,30803863,1782864211460615,False,True
16436900,0.25540000,536.60000000,30803864,30803864,1782864211460615,False,True
16436901,0.25500000,849.80000000,30803865,30803865,1782864211460998,True,True
16436902,0.25490000,1501.70000000,30803866,30803868,1782864211462024,True,True
16436903,0.25490000,33.70000000,30803869,30803869,1782864211462175,True,True
16436904,0.25480000,41.90000000,30803870,30803871,1782864211463551,True,True
16436905,0.25470000,193.00000000,30803872,30803874,1782864211464066,True,True
16436906,0.25480000,41.90000000,30803875,30803875,1782864211464701,True,True
16436907,0.25480000,898.10000000,30803876,30803876,1782864211464907,True,True
16436908,0.25460000,137.20000000,30803877,30803879,1782864211467048,True,True
16436909,0.25470000,217.90000000,30803880,30803880,1782864211468280,True,True
16436910,0.25470000,343.80000000,30803881,30803882,1782864211470359,False,True
16436911,0.25480000,343.80000000,30803883,30803884,1782864211470359,False,True
16436912,0.25470000,940.00000000,30803885,30803885,1782864211501425,True,True
16436913,0.25480000,79.00000000,30803886,30803886,1782864211538701,False,True
16436914,0.25480000,79.00000000,30803887,30803887,1782864211540128,False,True
16436915,0.25480000,940.00000000,30803888,30803888,1782864211544788,False,True
16436916,0.25490000,960.30000000,30803889,30803890,1782864211548127,False,True
16436917,0.25500000,20.30000000,30803891,30803891,1782864211626665,False,True
16436918,0.25510000,20.40000000,30803892,30803892,1782864211629391,False,True
16436919,0.25520000,57.60000000,30803893,30803893,1782864211629391,False,True
16436920,0.25520000,20.40000000,30803894,30803894,1782864211629501,False,True
16436921,0.25530000,57.60000000,30803895,30803895,1782864211629501,False,True
16436922,0.25530000,78.00000000,30803896,30803896,1782864211629524,False,True
16436923,0.25530000,78.00000000,30803897,30803897,1782864211629687,False,True
16436924,0.25530000,78.00000000,30803898,30803898,1782864211629964,False,True
16436925,0.25530000,20.40000000,30803899,30803899,1782864211632598,False,True
16436926,0.25530000,201.70000000,30803900,30803900,1782864211660151,False,True
16436927,0.25540000,2705.10000000,30803901,30803904,1782864211662137,False,True
16436928,0.25530000,97.80000000,30803905,30803905,1782864211663258,True,True
16436929,0.25530000,97.80000000,30803906,30803906,1782864211663727,True,True
16436930,0.25530000,2.20000000,30803907,30803907,1782864211663768,True,True
16436931,0.25520000,50.00000000,30803908,30803908,1782864211663768,True,True
16436932,0.25550000,20.40000000,30803909,30803909,1782864211718201,False,True
16436933,0.25560000,41.90000000,30803910,30803911,1782864211720170,False,True
16436934,0.25560000,940.00000000,30803912,30803912,1782864211723587,True,True
16436935,0.25570000,41.90000000,30803913,30803914,1782864212259697,False,True
16436936,0.25580000,220.70000000,30803915,30803917,1782864212259697,False,True
16436937,0.25570000,106.40000000,30803918,30803918,1782864212263341,True,True
16436938,0.25570000,0.80000000,30803919,30803919,1782864212263415,True,True
16436939,0.25550000,49.90000000,30803920,30803920,1782864212263415,True,True
16436940,0.25550000,50.70000000,30803921,30803921,1782864212263880,True,True
16436941,0.25550000,39.20000000,30803922,30803922,1782864212264834,True,True
16436942,0.25570000,308.90000000,30803923,30803924,1782864212289257,False,True
16436943,0.25580000,2101.20000000,30803925,30803926,1782864212289257,False,True
16436944,0.25580000,1064.00000000,30803927,30803928,1782864212293874,False,True
16436945,0.25590000,41.80000000,30803929,30803930,1782864212553691,False,True
16436946,0.25600000,41.80000000,30803931,30803932,1782864212876639,False,True
16436947,0.25610000,40.00000000,30803933,30803934,1782864212877788,False,True
16436948,0.25610000,1.80000000,30803935,30803935,1782864212877969,False,True
16436949,0.25620000,41.70000000,30803936,30803937,1782864212877969,False,True
16436950,0.25630000,41.80000000,30803938,30803939,1782864212878759,False,True
16436951,0.25640000,373.90000000,30803940,30803943,1782864212883475,False,True
16436952,0.25650000,61.20000000,30803944,30803946,1782864212885227,False,True
16436953,0.25650000,122.00000000,30803947,30803947,1782864212890592,True,True
16436954,0.25660000,243.40000000,30803948,30803950,1782864212919949,False,True
16436955,0.25660000,201.70000000,30803951,30803951,1782864212924173,False,True
16436956,0.25660000,134.00000000,30803952,30803952,1782864213027773,False,True
16436957,0.25660000,67.70000000,30803953,30803953,1782864213033231,False,True
16436958,0.25670000,41.70000000,30803954,30803955,1782864213276565,False,True
16436959,0.25670000,96.00000000,30803956,30803956,1782864213282069,True,True
16436960,0.25670000,4.90000000,30803957,30803957,1782864213282237,True,True
16436961,0.25670000,201.70000000,30803958,30803958,1782864213331574,False,True
16436962,0.25670000,1141.70000000,30803959,30803960,1782864213429363,False,True
16436963,0.25680000,302.10000000,30803961,30803961,1782864213430837,False,True
16436964,0.25660000,88.10000000,30803962,30803962,1782864213645488,False,True
16436965,0.25660000,113.60000000,30803963,30803963,1782864213677708,False,True
16436966,0.25660000,201.70000000,30803964,30803964,1782864214490212,False,True
16436967,0.25680000,113.20000000,30803965,30803967,1782864216269479,False,True
16436968,0.25690000,41.70000000,30803968,30803969,1782864216311286,False,True
16436969,0.25700000,41.70000000,30803970,30803971,1782864217033652,False,True
16436970,0.25710000,41.60000000,30803972,30803973,1782864217036309,False,True
16436971,0.25720000,243.30000000,30803974,30803976,1782864217084546,False,True
16436972,0.25720000,1041.00000000,30803977,30803978,1782864217089463,True,True
16436973,0.25710000,550.70000000,30803979,30803979,1782864220554184,True,True
16436974,0.25710000,78.00000000,30803980,30803980,1782864220554334,True,True
16436975,0.25700000,940.00000000,30803981,30803983,1782864220554538,True,True
16436976,0.25690000,39.20000000,30803984,30803985,1782864222777317,True,True
16436977,0.25710000,940.00000000,30803986,30803986,1782864225956134,False,True
16436978,0.25730000,981.60000000,30803987,30803989,1782864225966704,False,True
16436979,0.25710000,1095.90000000,30803990,30803991,1782864226041854,True,True
16436980,0.25730000,155.90000000,30803992,30803992,1782864226708626,False,True
16436981,0.25740000,41.50000000,30803993,30803994,1782864226709765,False,True
16436982,0.25740000,940.00000000,30803995,30803995,1782864226712882,True,True
16436983,0.25730000,835.70000000,30803996,30803996,1782864226712882,True,True
16436984,0.25750000,41.50000000,30803997,30803998,1782864226713435,False,True
16436985,0.25750000,78.00000000,30803999,30803999,1782864226742209,False,True
16436986,0.25750000,686.40000000,30804000,30804000,1782864226862057,False,True
16436987,0.25750000,175.60000000,30804001,30804001,1782864226863268,False,True
16436988,0.25760000,524.60000000,30804002,30804004,1782864227792245,False,True
16436989,0.25770000,1099.80000000,30804005,30804007,1782864227798770,False,True
16436990,0.25770000,692.70000000,30804008,30804008,1782864227800000,False,True
16436991,0.25780000,20.40000000,30804009,30804009,1782864227812713,False,True
16436992,0.25790000,23.70000000,30804010,30804011,1782864227812713,False,True
16436993,0.25760000,1193.70000000,30804012,30804015,1782864227871743,True,True
16436994,0.25750000,20.10000000,30804016,30804016,1782864229274221,True,True
16436995,0.25740000,20.10000000,30804017,30804017,1782864229275966,True,True
16436996,0.25730000,1792.20000000,30804018,30804020,1782864229278457,True,True
16436997,0.25720000,38.80000000,30804021,30804022,1782864229527202,True,True
16436998,0.25720000,2.70000000,30804023,30804023,1782864229805209,True,True
16436999,0.25710000,1211.50000000,30804024,30804040,1782864233567509,True,True
16437000,0.25700000,41.60000000,30804041,30804042,1782864233567509,True,True
16437001,0.25690000,1773.40000000,30804043,30804045,1782864233567509,True,True
16437002,0.25680000,41.70000000,30804046,30804047,1782864233571222,True,True
16437003,0.25670000,41.70000000,30804048,30804049,1782864233571222,True,True
16437004,0.25660000,41.70000000,30804050,30804051,1782864233571222,True,True
16437005,0.25650000,67.90000000,30804052,30804054,1782864233571222,True,True
16437006,0.25670000,33.80000000,30804055,30804055,1782864233591649,False,True
16437007,0.25660000,154.70000000,30804056,30804056,1782864233700853,True,True
16437008,0.25670000,151.80000000,30804057,30804058,1782864233932611,False,True
16437009,0.25670000,151.80000000,30804059,30804059,1782864233932763,False,True
16437010,0.25670000,147.90000000,30804060,30804060,1782864233933291,False,True
16437011,0.25670000,940.00000000,30804061,30804061,1782864234097035,False,True
16437012,0.25660000,151.20000000,30804062,30804063,1782864238948431,True,True
16437013,0.25660000,1059.90000000,30804064,30804065,1782864238990111,False,True
16437014,0.25670000,73.20000000,30804066,30804066,1782864242047964,False,True
16437015,0.25680000,41.70000000,30804067,30804068,1782864243017696,False,True
16437016,0.25690000,41.70000000,30804069,30804070,1782864243019990,False,True
16437017,0.25660000,417.60000000,30804071,30804071,1782864247765649,False,True
16437018,0.25670000,1743.20000000,30804072,30804073,1782864247798919,False,True
16437019,0.25680000,2149.30000000,30804074,30804075,1782864247798919,False,True
16437020,0.25680000,20.20000000,30804076,30804076,1782864248330438,False,True
16437021,0.25690000,809.10000000,30804077,30804079,1782864248331779,False,True
16437022,0.25680000,20.20000000,30804080,30804080,1782864260666787,True,True
16437023,0.25670000,3066.20000000,30804081,30804081,1782864260717152,True,True
16437024,0.25670000,3163.60000000,30804082,30804082,1782864260717258,True,True
16437025,0.25670000,1800.00000000,30804083,30804083,1782864260718443,True,True
16437026,0.25670000,1800.00000000,30804084,30804084,1782864260718551,True,True
16437027,0.25670000,1125.20000000,30804085,30804087,1782864260718587,True,True
16437028,0.25660000,41.70000000,30804088,30804089,1782864260721571,True,True
16437029,0.25650000,193.00000000,30804090,30804092,1782864260722255,True,True
16437030,0.25640000,41.70000000,30804093,30804094,1782864269506216,True,True
16437031,0.25630000,41.70000000,30804095,30804096,1782864269613810,True,True
16437032,0.25620000,41.70000000,30804097,30804098,1782864269659254,True,True
16437033,0.25610000,41.70000000,30804099,30804100,1782864269659254,True,True
16437034,0.25600000,561.30000000,30804101,30804104,1782864269659254,True,True
16437035,0.25590000,61.40000000,30804105,30804105,1782864269659254,True,True
16437036,0.25590000,41.70000000,30804106,30804107,1782864269778963,True,True
16437037,0.25580000,41.80000000,30804108,30804109,1782864269884630,True,True
16437038,0.25570000,41.90000000,30804110,30804111,1782864271520271,True,True
16437039,0.25560000,41.90000000,30804112,30804113,1782864271523231,True,True
16437040,0.25550000,41.90000000,30804114,30804115,1782864271523231,True,True
16437041,0.25540000,109.20000000,30804116,30804117,1782864271523231,True,True
16437042,0.25560000,1055.90000000,30804118,30804118,1782864273398561,False,True
16437043,0.25560000,188.00000000,30804119,30804119,1782864277972949,True,True
16437044,0.25560000,37.60000000,30804120,30804120,1782864277974403,True,True
16437045,0.25550000,20.30000000,30804121,30804121,1782864278058279,True,True
16437046,0.25550000,197.80000000,30804122,30804122,1782864279241899,False,True
16437047,0.25560000,791.90000000,30804123,30804124,1782864279243903,False,True
16437048,0.25560000,188.00000000,30804125,30804125,1782864280962649,True,True
16437049,0.25560000,37.60000000,30804126,30804126,1782864280965094,True,True
16437050,0.25550000,146.40000000,30804127,30804128,1782864281122770,True,True
16437051,0.25550000,64.40000000,30804129,30804129,1782864281122920,True,True
16437052,0.25540000,37.20000000,30804130,30804131,1782864281122920,True,True
16437053,0.25550000,42.10000000,30804132,30804132,1782864281187340,True,True
16437054,0.25540000,209.20000000,30804133,30804134,1782864285270601,True,True
16437055,0.25540000,41.80000000,30804135,30804135,1782864285314457,True,True
16437056,0.25540000,435.70000000,30804136,30804137,1782864285462451,False,True
16437057,0.25550000,20.30000000,30804138,30804138,1782864285668692,False,True
16437058,0.25560000,1792.60000000,30804139,30804141,1782864285670777,False,True
16437059,0.25550000,250.90000000,30804142,30804144,1782864288904311,True,True
16437060,0.25550000,92.60000000,30804145,30804146,1782864288907124,True,True
16437061,0.25560000,149.90000000,30804147,30804148,1782864290684190,False,True
16437062,0.25560000,940.00000000,30804149,30804149,1782864290685530,False,True
16437063,0.25560000,196.10000000,30804150,30804150,1782864292228048,True,True
16437064,0.25560000,39.20000000,30804151,30804151,1782864292229596,True,True
16437065,0.25550000,62.70000000,30804152,30804153,1782864294151873,True,True
16437066,0.25540000,117.40000000,30804154,30804156,1782864295862940,True,True
16437067,0.25540000,117.40000000,30804157,30804157,1782864295863199,True,True
16437068,0.25540000,3.40000000,30804158,30804158,1782864295863464,True,True
16437069,0.25540000,20.70000000,30804159,30804159,1782864295865245,True,True
16437070,0.25540000,58.90000000,30804160,30804160,1782864296412171,False,True
16437071,0.25540000,68.40000000,30804161,30804161,1782864296436641,False,True
16437072,0.25540000,90.30000000,30804162,30804162,1782864296446373,False,True
16437073,0.25540000,188.00000000,30804163,30804163,1782864300436061,True,True
16437074,0.25540000,37.60000000,30804164,30804164,1782864300492186,True,True
16437075,0.25530000,65.80000000,30804165,30804167,1782864300536883,True,True
16437076,0.25520000,143.80000000,30804168,30804171,1782864305345194,True,True
16437077,0.25510000,81.10000000,30804172,30804174,1782864305345856,True,True
16437078,0.25500000,87.20000000,30804175,30804177,1782864305345856,True,True
16437079,0.25490000,24.70000000,30804178,30804179,1782864305345856,True,True
16437080,0.25520000,28.70000000,30804180,30804180,1782864305348811,True,True
16437081,0.25510000,2041.10000000,30804181,30804184,1782864307027281,False,True
16437082,0.25520000,41.90000000,30804185,30804186,1782864308903688,False,True
16437083,0.25520000,789.00000000,30804187,30804187,1782864309493179,True,True
16437084,0.25520000,188.00000000,30804188,30804188,1782864309494363,True,True
16437085,0.25520000,67.80000000,30804189,30804189,1782864309495899,True,True
16437086,0.25510000,169.20000000,30804190,30804190,1782864309495899,True,True
16437087,0.25510000,131.00000000,30804191,30804191,1782864309496482,True,True
16437088,0.25510000,902.00000000,30804192,30804194,1782864310729152,True,True
16437089,0.25510000,394.60000000,30804195,30804195,1782864310873244,False,True
16437090,0.25510000,340.40000000,30804196,30804198,1782864314435298,True,True
16437091,0.25510000,886.90000000,30804199,30804200,1782864314436080,True,True
16437092,0.25500000,243.80000000,30804201,30804204,1782864314458432,True,True
16437093,0.25490000,556.40000000,30804205,30804209,1782864315875405,True,True
16437094,0.25480000,41.90000000,30804210,30804211,1782864315892806,True,True
16437095,0.25470000,41.90000000,30804212,30804213,1782864316636255,True,True
16437096,0.25460000,814.90000000,30804214,30804218,1782864316638773,True,True
16437097,0.25450000,585.50000000,30804219,30804222,1782864320137411,True,True
16437098,0.25450000,74.20000000,30804223,30804223,1782864320138263,True,True
16437099,0.25440000,128.80000000,30804224,30804226,1782864320144860,True,True
16437100,0.25440000,811.20000000,30804227,30804227,1782864320147886,False,True
16437101,0.25440000,267.00000000,30804228,30804229,1782864320910377,True,True
16437102,0.25440000,53.40000000,30804230,30804230,1782864320912698,True,True
16437103,0.25430000,74.90000000,30804231,30804233,1782864321337289,True,True
16437104,0.25420000,61.50000000,30804234,30804236,1782864321870239,True,True
16437105,0.25420000,146.40000000,30804237,30804238,1782864321870433,True,True
16437106,0.25420000,1137.80000000,30804239,30804240,1782864321874839,False,True
16437107,0.25410000,25.80000000,30804241,30804242,1782864324555586,True,True
16437108,0.25410000,143.30000000,30804243,30804244,1782864324556786,True,True
16437109,0.25410000,32.00000000,30804245,30804245,1782864325905089,True,True
16437110,0.25400000,42.10000000,30804246,30804247,1782864325905089,True,True
16437111,0.25390000,170.70000000,30804248,30804251,1782864325910239,True,True
16437112,0.25380000,22.30000000,30804252,30804253,1782864325910239,True,True
16437113,0.25390000,34.10000000,30804254,30804254,1782864325960302,True,True
16437114,0.25380000,519.70000000,30804255,30804258,1782864326254219,True,True
16437115,0.25370000,193.00000000,30804259,30804261,1782864327595031,True,True
16437116,0.25370000,524.00000000,30804262,30804264,1782864328040275,True,True
16437117,0.25370000,1108.60000000,30804265,30804266,1782864328647325,False,True
16437118,0.25380000,20.40000000,30804267,30804267,1782864328740664,False,True
16437119,0.25390000,42.10000000,30804268,30804269,1782864328877908,False,True
16437120,0.25400000,42.10000000,30804270,30804271,1782864328883446,False,True
16437121,0.25400000,1077.40000000,30804272,30804273,1782864328889250,True,True
16437122,0.25400000,215.40000000,30804274,30804274,1782864328892021,True,True
16437123,0.25410000,42.10000000,30804275,30804276,1782864330106535,False,True
16437124,0.25420000,42.10000000,30804277,30804278,1782864330322828,False,True
16437125,0.25430000,42.10000000,30804279,30804280,1782864330324765,False,True
16437126,0.25440000,42.10000000,30804281,30804282,1782864333376887,False,True
16437127,0.25450000,42.10000000,30804283,30804284,1782864333432208,False,True
16437128,0.25450000,882.00000000,30804285,30804285,1782864333490160,True,True
16437129,0.25440000,58.40000000,30804286,30804287,1782864333492852,True,True
16437130,0.25430000,130.60000000,30804288,30804288,1782864333492852,True,True
16437131,0.25430000,454.10000000,30804289,30804292,1782864339258235,True,True
16437132,0.25420000,300.70000000,30804293,30804293,1782864339259180,True,True
16437133,0.25430000,90.80000000,30804294,30804294,1782864339260165,True,True
16437134,0.25420000,710.80000000,30804295,30804298,1782864339260165,True,True
16437135,0.25410000,89.80000000,30804299,30804301,1782864339263204,True,True
16437136,0.25400000,129.20000000,30804302,30804304,1782864339464423,True,True
16437137,0.25410000,20.40000000,30804305,30804305,1782864345349719,False,True
16437138,0.25410000,261.40000000,30804306,30804307,1782864347397841,True,True
16437139,0.25410000,52.20000000,30804308,30804308,1782864347400157,True,True
16437140,0.25420000,19.60000000,30804309,30804309,1782864352447226,False,True
16437141,0.25420000,22.50000000,30804310,30804311,1782864355054117,False,True
16437142,0.25430000,202.10000000,30804312,30804314,1782864360944587,False,True
16437143,0.25440000,42.10000000,30804315,30804316,1782864361154728,False,True
16437144,0.25450000,202.20000000,30804317,30804319,1782864366565775,False,True
16437145,0.25450000,81.60000000,30804320,30804320,1782864366594843,True,True
16437146,0.25460000,42.10000000,30804321,30804322,1782864368398258,False,True
16437147,0.25470000,42.00000000,30804323,30804324,1782864368474932,False,True
16437148,0.25480000,24.80000000,30804325,30804326,1782864369210352,False,True
16437149,0.25480000,17.20000000,30804327,30804327,1782864369211337,False,True
16437150,0.25490000,41.90000000,30804328,30804329,1782864369448719,False,True
16437151,0.25500000,41.90000000,30804330,30804331,1782864370194278,False,True
16437152,0.25510000,25.90000000,30804332,30804333,1782864372912295,False,True
16437153,0.25520000,41.90000000,30804334,30804335,1782864374442603,False,True
16437154,0.25520000,188.00000000,30804336,30804336,1782864379416270,True,True
16437155,0.25520000,37.60000000,30804337,30804337,1782864379417437,True,True
16437156,0.25510000,78.00000000,30804338,30804338,1782864379438245,True,True
16437157,0.25510000,203.60000000,30804339,30804339,1782864379505870,True,True
16437158,0.25510000,40.70000000,30804340,30804340,1782864382620666,True,True
16437159,0.25500000,394.20000000,30804341,30804345,1782864383742628,True,True
16437160,0.25490000,229.90000000,30804346,30804348,1782864383744498,True,True
16437161,0.25480000,193.00000000,30804349,30804349,1782864383745286,True,True
16437162,0.25480000,76.10000000,30804350,30804352,1782864383750166,True,True
16437163,0.25480000,121.50000000,30804353,30804353,1782864383750363,True,True
16437164,0.25480000,50.30000000,30804354,30804354,1782864383751062,True,True
16437165,0.25480000,23.20000000,30804355,30804355,1782864383753140,True,True
16437166,0.25480000,121.50000000,30804356,30804356,1782864383753244,True,True
16437167,0.25480000,109.40000000,30804357,30804357,1782864383753249,True,True
16437168,0.25470000,12.10000000,30804358,30804358,1782864383753249,True,True
16437169,0.25480000,50.80000000,30804359,30804359,1782864383774105,True,True
16437170,0.25470000,29.80000000,30804360,30804361,1782864383808372,True,True
16437171,0.25460000,42.00000000,30804362,30804363,1782864383833512,True,True
16437172,0.25450000,151.00000000,30804364,30804366,1782864383833512,True,True
16437173,0.25470000,188.00000000,30804367,30804367,1782864389379431,True,True
16437174,0.25460000,344.20000000,30804368,30804368,1782864389423583,True,True
16437175,0.25460000,14.50000000,30804369,30804369,1782864389423818,True,True
16437176,0.25450000,66.30000000,30804370,30804372,1782864389455518,True,True
16437177,0.25460000,20.40000000,30804373,30804373,1782864394526868,False,True
16437178,0.25460000,188.00000000,30804374,30804374,1782864395795752,True,True
16437179,0.25450000,20.40000000,30804375,30804375,1782864396798110,True,True
16437180,0.25440000,26.80000000,30804376,30804377,1782864396798110,True,True
16437181,0.25460000,20.40000000,30804378,30804378,1782864399994647,False,True
16437182,0.25470000,192.40000000,30804379,30804381,1782864399994797,False,True
16437183,0.25480000,33.40000000,30804382,30804383,1782864401755626,False,True
16437184,0.25480000,8.60000000,30804384,30804384,1782864401756927,False,True
16437185,0.25490000,41.90000000,30804385,30804386,1782864404742668,False,True
16437186,0.25500000,41.90000000,30804387,30804388,1782864404769002,False,True
16437187,0.25500000,509.60000000,30804389,30804390,1782864408012047,True,True
16437188,0.25500000,101.90000000,30804391,30804391,1782864408014654,True,True
16437189,0.25490000,212.30000000,30804392,30804393,1782864426158911,True,True
16437190,0.25490000,42.40000000,30804394,30804394,1782864426161735,True,True
16437191,0.25510000,41.90000000,30804395,30804396,1782864426677114,False,True
16437192,0.25520000,434.70000000,30804397,30804399,1782864426679078,False,True
16437193,0.25510000,188.00000000,30804400,30804400,1782864439924963,True,True
16437194,0.25500000,20.30000000,30804401,30804401,1782864441393993,True,True
16437195,0.25490000,41.90000000,30804402,30804403,1782864441393993,True,True
16437196,0.25480000,193.00000000,30804404,30804406,1782864441396521,True,True
16437197,0.25490000,24.60000000,30804407,30804407,1782864442817752,True,True
16437198,0.25510000,20.30000000,30804408,30804408,1782864449844172,False,True
16437199,0.25510000,93.90000000,30804409,30804410,1782864456813824,True,True
16437200,0.25510000,93.90000000,30804411,30804411,1782864456813828,True,True
16437201,0.25510000,4.90000000,30804412,30804412,1782864456813996,True,True
16437202,0.25500000,20.30000000,30804413,30804413,1782864456813996,True,True
16437203,0.25490000,34.80000000,30804414,30804415,1782864456813996,True,True
16437204,0.25510000,33.60000000,30804416,30804416,1782864456815059,True,True
16437205,0.25500000,188.00000000,30804417,30804417,1782864467081995,True,True
16437206,0.25490000,41.90000000,30804418,30804419,1782864467082048,True,True
16437207,0.25480000,41.90000000,30804420,30804421,1782864467082059,True,True
16437208,0.25470000,90.00000000,30804422,30804424,1782864467084303,True,True
16437209,0.25470000,22.00000000,30804425,30804425,1782864467084570,True,True
16437210,0.25470000,90.00000000,30804426,30804426,1782864467085007,True,True
16437211,0.25470000,155.00000000,30804427,30804427,1782864467085695,True,True
16437212,0.25470000,218.00000000,30804428,30804428,1782864467085859,True,True
16437213,0.25470000,38.00000000,30804429,30804429,1782864467086024,True,True
16437214,0.25470000,53.80000000,30804430,30804430,1782864467086515,True,True
16437215,0.25460000,141.20000000,30804431,30804431,1782864467086515,True,True
16437216,0.25470000,131.00000000,30804432,30804432,1782864471492884,True,True
16437217,0.25470000,57.00000000,30804433,30804433,1782864471516474,True,True
16437218,0.25460000,590.00000000,30804434,30804437,1782864471516474,True,True
16437219,0.25460000,176.40000000,30804438,30804439,1782864471518146,True,True
16437220,0.25450000,378.60000000,30804440,30804442,1782864471518146,True,True
16437221,0.25450000,102.00000000,30804443,30804443,1782864471518645,True,True
16437222,0.25450000,123.00000000,30804444,30804445,1782864471519153,True,True
16437223,0.25460000,149.10000000,30804446,30804446,1782864471522082,False,True
16437224,0.25450000,2072.00000000,30804447,30804448,1782864471542446,True,True
16437225,0.25450000,46.40000000,30804449,30804449,1782864471704197,True,True
16437226,0.25460000,1242.00000000,30804450,30804451,1782864477041164,False,True
16437227,0.25480000,42.00000000,30804452,30804453,1782864478235493,False,True
16437228,0.25480000,137.90000000,30804454,30804454,1782864480824077,True,True
16437229,0.25480000,50.10000000,30804455,30804455,1782864480825475,True,True
16437230,0.25470000,20.30000000,30804456,30804456,1782864486101084,True,True
16437231,0.25460000,42.00000000,30804457,30804458,1782864486123192,True,True
16437232,0.25450000,25.80000000,30804459,30804460,1782864486819539,True,True
16437233,0.25470000,940.00000000,30804461,30804461,1782864486994129,True,True
16437234,0.25470000,188.00000000,30804462,30804462,1782864486995440,True,True
16437235,0.25480000,42.00000000,30804463,30804464,1782864488799848,False,True
16437236,0.25480000,79.90000000,30804465,30804466,1782864496365806,True,True
16437237,0.25480000,108.10000000,30804467,30804467,1782864496365939,True,True
16437238,0.25490000,42.00000000,30804468,30804469,1782864509267388,False,True
16437239,0.25490000,188.00000000,30804470,30804470,1782864512560172,True,True
16437240,0.25490000,37.60000000,30804471,30804471,1782864512562461,True,True
16437241,0.25480000,212.30000000,30804472,30804473,1782864516147736,True,True
16437242,0.25480000,42.40000000,30804474,30804474,1782864516150560,True,True
16437243,0.25470000,41.90000000,30804475,30804476,1782864516189228,True,True
16437244,0.25460000,243.40000000,30804477,30804479,1782864516191028,True,True
16437245,0.25460000,48.60000000,30804480,30804480,1782864516245496,True,True
16437246,0.25460000,510.10000000,30804481,30804482,1782864540019148,True,True
16437247,0.25460000,102.00000000,30804483,30804483,1782864540049046,True,True
16437248,0.25450000,75.30000000,30804484,30804486,1782864542390570,True,True
16437249,0.25440000,35.70000000,30804487,30804488,1782864542396242,True,True
16437250,0.25430000,47.80000000,30804489,30804491,1782864545621254,True,True
16437251,0.25450000,20.40000000,30804492,30804492,1782864557258206,False,True
16437252,0.25450000,611.00000000,30804493,30804495,1782864564493273,True,True
16437253,0.25450000,183.00000000,30804496,30804496,1782864564495122,True,True
16437254,0.25450000,81.00000000,30804497,30804498,1782864564496295,True,True
16437255,0.25450000,173.00000000,30804499,30804499,1782864564524095,True,True
16437256,0.25440000,3682.90000000,30804500,30804504,1782864564524095,True,True
16437257,0.25460000,42.10000000,30804505,30804506,1782864579089816,False,True
16437258,0.25460000,42.10000000,30804507,30804507,1782864579092047,True,True
16437259,0.25450000,440.00000000,30804508,30804509,1782864579092047,True,True
16437260,0.25450000,24.80000000,30804510,30804510,1782864586580833,True,True
16437261,0.25450000,283.10000000,30804511,30804513,1782864586581017,True,True
16437262,0.25440000,42.10000000,30804514,30804515,1782864590499499,True,True
16437263,0.25430000,238.70000000,30804516,30804518,1782864590601087,True,True
16437264,0.25420000,83.10000000,30804519,30804521,1782864590603229,True,True
16437265,0.25410000,42.10000000,30804522,30804523,1782864594395041,True,True
16437266,0.25400000,4759.80000000,30804524,30804528,1782864594399143,True,True
16437267,0.25390000,142.50000000,30804529,30804531,1782864594402335,True,True
16437268,0.25390000,292.10000000,30804532,30804532,1782864594402518,True,True
16437269,0.25380000,42.10000000,30804533,30804534,1782864594404379,True,True
16437270,0.25390000,937.90000000,30804535,30804536,1782864594472240,False,True
16437271,0.25400000,1010.30000000,30804537,30804539,1782864594473295,False,True
16437272,0.25390000,1336.00000000,30804540,30804541,1782864594477938,True,True
16437273,0.25410000,118.00000000,30804542,30804542,1782864594483450,False,True
16437274,0.25410000,118.00000000,30804543,30804543,1782864594483739,False,True
16437275,0.25380000,1274.40000000,30804544,30804544,1782864594484204,True,True
16437276,0.25380000,496.70000000,30804545,30804546,1782864594484537,True,True
16437277,0.25380000,329.00000000,30804547,30804548,1782864594485448,True,True
16437278,0.25370000,286.10000000,30804549,30804553,1782864594485448,True,True
16437279,0.25360000,1061.10000000,30804554,30804557,1782864594513653,True,True
16437280,0.25370000,396.00000000,30804558,30804558,1782864594518681,True,True
16437281,0.25370000,396.00000000,30804559,30804559,1782864594521903,True,True
16437282,0.25360000,44.00000000,30804560,30804561,1782864594543066,True,True
16437283,0.25350000,511.10000000,30804562,30804566,1782864595710030,True,True
16437284,0.25340000,495.50000000,30804567,30804571,1782864595955517,True,True
16437285,0.25340000,49.00000000,30804572,30804572,1782864598758124,False,True
16437286,0.25340000,49.00000000,30804573,30804573,1782864598758686,False,True
16437287,0.25340000,49.00000000,30804574,30804574,1782864598758764,False,True
16437288,0.25340000,49.00000000,30804575,30804575,1782864598758929,False,True
16437289,0.25330000,1078.80000000,30804576,30804583,1782864598779201,True,True
16437290,0.25330000,38.00000000,30804584,30804584,1782864598788153,False,True
16437291,0.25340000,216.60000000,30804585,30804585,1782864599643993,False,True
16437292,0.25340000,325.60000000,30804586,30804586,1782864599644139,False,True
16437293,0.25340000,21.00000000,30804587,30804587,1782864599660058,False,True
16437294,0.25340000,21.00000000,30804588,30804588,1782864599660971,False,True
16437295,0.25340000,21.00000000,30804589,30804589,1782864599661077,False,True
16437296,0.25340000,21.00000000,30804590,30804590,1782864599661201,False,True
16437297,0.25340000,329.40000000,30804591,30804591,1782864600656894,False,True
16437298,0.25350000,191.20000000,30804592,30804593,1782864601218570,False,True
16437299,0.25360000,42.20000000,30804594,30804595,1782864601259535,False,True
16437300,0.25350000,210.00000000,30804596,30804599,1782864603810620,True,True
16437301,0.25340000,415.10000000,30804600,30804601,1782864605087347,True,True
16437302,0.25330000,437.00000000,30804602,30804604,1782864605090239,True,True
16437303,0.25320000,42.30000000,30804605,30804606,1782864606643239,True,True
16437304,0.25310000,42.30000000,30804607,30804608,1782864606839055,True,True
16437305,0.25300000,42.30000000,30804609,30804610,1782864606849256,True,True
16437306,0.25290000,42.30000000,30804611,30804612,1782864608651600,True,True
16437307,0.25280000,200.30000000,30804613,30804616,1782864609464575,True,True
16437308,0.25270000,225.80000000,30804617,30804619,1782864609473123,True,True
16437309,0.25270000,21.00000000,30804620,30804620,1782864613351094,False,True
16437310,0.25260000,940.00000000,30804621,30804625,1782864623568263,True,True
16437311,0.25250000,143.00000000,30804626,30804628,1782864623596477,True,True
16437312,0.25240000,63.80000000,30804629,30804631,1782864623620023,True,True
16437313,0.25250000,20.50000000,30804632,30804632,1782864631488941,False,True
16437314,0.25260000,42.30000000,30804633,30804634,1782864631527049,False,True
16437315,0.25260000,160.90000000,30804635,30804635,1782864631532719,False,True
16437316,0.25260000,27.10000000,30804636,30804636,1782864631533862,False,True
16437317,0.25260000,21.00000000,30804637,30804637,1782864675543840,False,True
16437318,0.25260000,26.00000000,30804638,30804638,1782864680397068,True,True
16437319,0.25270000,26.00000000,30804639,30804640,1782864692592586,False,True
16437320,0.25280000,42.30000000,30804641,30804642,1782864699900950,False,True
16437321,0.25290000,26.00000000,30804643,30804644,1782864704620404,False,True
16437322,0.25290000,42.50000000,30804645,30804645,1782864706343906,True,True
16437323,0.25290000,41.40000000,30804646,30804646,1782864706442875,True,True
16437324,0.25290000,104.10000000,30804647,30804647,1782864706459879,True,True
16437325,0.25290000,20.80000000,30804648,30804648,1782864709925266,True,True
16437326,0.25280000,212.60000000,30804649,30804650,1782864709928298,True,True
16437327,0.25280000,201.70000000,30804651,30804651,1782864710157458,False,True
16437328,0.25290000,850.40000000,30804652,30804652,1782864710157458,False,True
16437329,0.25280000,129.30000000,30804653,30804654,1782864720160348,True,True
16437330,0.25280000,58.70000000,30804655,30804655,1782864720162631,True,True
16437331,0.25290000,222.20000000,30804656,30804657,1782864734888907,False,True
16437332,0.25280000,960.50000000,30804658,30804659,1782864755617398,True,True
16437333,0.25280000,26.00000000,30804660,30804660,1782864759207907,False,True
16437334,0.25280000,790.90000000,30804661,30804661,1782864759207972,False,True
16437335,0.25290000,20.50000000,30804662,30804662,1782864759208366,False,True
16437336,0.25270000,121.30000000,30804663,30804665,1782864775027581,True,True
16437337,0.25260000,121.30000000,30804666,30804668,1782864778755456,True,True
16437338,0.25250000,42.30000000,30804669,30804670,1782864778799741,True,True
16437339,0.25240000,86.30000000,30804671,30804674,1782864778827044,True,True
16437340,0.25240000,1141.70000000,30804675,30804676,1782864782959393,False,True
16437341,0.25240000,1107.50000000,30804677,30804678,1782864782963133,True,True
16437342,0.25250000,20.50000000,30804679,30804679,1782864787621271,False,True
16437343,0.25260000,334.90000000,30804680,30804683,1782864799888167,False,True
16437344,0.25270000,837.90000000,30804684,30804686,1782864799888458,False,True
16437345,0.25280000,166.10000000,30804687,30804688,1782864799889191,False,True
16437346,0.25280000,123.60000000,30804689,30804689,1782864799889224,False,True
16437347,0.25280000,769.00000000,30804690,30804692,1782864799891836,False,True
16437348,0.25280000,26.00000000,30804693,30804693,1782864799995407,False,True
16437349,0.25270000,1085.50000000,30804694,30804698,1782864800023382,True,True
16437350,0.25280000,20.50000000,30804699,30804699,1782864818506786,False,True
16437351,0.25290000,21.80000000,30804700,30804700,1782864818506910,False,True
16437352,0.25300000,42.30000000,30804701,30804702,1782864818507161,False,True
16437353,0.25300000,31.00000000,30804703,30804703,1782864818509857,True,True
16437354,0.25290000,940.00000000,30804704,30804704,1782864818510089,True,True
16437355,0.25290000,582.50000000,30804705,30804705,1782864818511406,True,True
16437356,0.25290000,342.20000000,30804706,30804709,1782864818511509,True,True
16437357,0.25280000,20.50000000,30804710,30804710,1782864818514307,True,True
16437358,0.25270000,64.50000000,30804711,30804711,1782864818514307,True,True
16437359,0.25280000,280.10000000,30804712,30804714,1782864835067886,True,True
16437360,0.25280000,56.00000000,30804715,30804715,1782864835070705,True,True
16437361,0.25270000,232.30000000,30804716,30804719,1782864835071120,True,True
16437362,0.25270000,46.40000000,30804720,30804720,1782864835074030,True,True
16437363,0.25270000,163.20000000,30804721,30804721,1782864835075516,True,True
16437364,0.25280000,20.50000000,30804722,30804722,1782864835149072,False,True
16437365,0.25290000,21.80000000,30804723,30804723,1782864835150068,False,True
16437366,0.25300000,79.00000000,30804724,30804724,1782864835150632,False,True
16437367,0.25280000,940.00000000,30804725,30804725,1782864835151251,True,True
16437368,0.25270000,1884.50000000,30804726,30804727,1782864835151251,True,True
16437369,0.25270000,121.40000000,30804728,30804728,1782864835151696,True,True
16437370,0.25270000,806.20000000,30804729,30804730,1782864835152624,True,True
16437371,0.25260000,167.20000000,30804731,30804733,1782864835152624,True,True
16437372,0.25260000,668.90000000,30804734,30804734,1782864835153923,True,True
16437373,0.25270000,1205.60000000,30804735,30804735,1782864835154097,True,True
16437374,0.25260000,200.70000000,30804736,30804739,1782864835154097,True,True
16437375,0.25260000,1800.00000000,30804740,30804740,1782864835154123,True,True
16437376,0.25260000,131.00000000,30804741,30804741,1782864835154266,True,True
16437377,0.25260000,940.00000000,30804742,30804742,1782864835155322,True,True
16437378,0.25250000,193.00000000,30804743,30804743,1782864835157353,True,True
16437379,0.25280000,20.50000000,30804744,30804744,1782864846159061,False,True
16437380,0.25290000,42.30000000,30804745,30804746,1782864846162626,False,True
16437381,0.25300000,36.70000000,30804747,30804747,1782864846162626,False,True
16437382,0.25300000,79.00000000,30804748,30804750,1782864846187652,False,True
16437383,0.25290000,158.00000000,30804751,30804752,1782864864739712,True,True
16437384,0.25280000,228.50000000,30804753,30804757,1782864864762335,True,True
16437385,0.25280000,1047.50000000,30804758,30804771,1782864893844199,True,True
16437386,0.25270000,1219.30000000,30804772,30804777,1782864893845047,True,True
16437387,0.25260000,1970.00000000,30804778,30804782,1782864893845284,True,True
16437388,0.25250000,1357.80000000,30804783,30804785,1782864893846933,True,True
16437389,0.25240000,164.40000000,30804786,30804786,1782864893847566,True,True
16437390,0.25240000,42.30000000,30804787,30804788,1782864893849205,True,True
16437391,0.25250000,197.80000000,30804789,30804789,1782864893851131,False,True
16437392,0.25240000,193.00000000,30804790,30804790,1782864893851494,True,True
16437393,0.25260000,313.20000000,30804791,30804791,1782864893852714,False,True
16437394,0.25260000,1437.50000000,30804792,30804792,1782864893852906,False,True
16437395,0.25280000,220.00000000,30804793,30804793,1782864893855309,False,True
16437396,0.25280000,220.00000000,30804794,30804794,1782864893855574,False,True
16437397,0.25270000,201.70000000,30804795,30804795,1782864893871531,True,True
16437398,0.25260000,70.60000000,30804796,30804796,1782864901524620,False,True
16437399,0.25260000,1415.90000000,30804797,30804797,1782864901524730,False,True
16437400,0.25270000,201.70000000,30804798,30804798,1782864901532100,True,True
16437401,0.25260000,201.70000000,30804799,30804799,1782864901539607,True,True
16437402,0.25250000,738.30000000,30804800,30804801,1782864901539607,True,True
16437403,0.25250000,1285.80000000,30804802,30804818,1782864901541766,True,True
16437404,0.25240000,42.30000000,30804819,30804820,1782864901704169,True,True
16437405,0.25230000,122.30000000,30804821,30804824,1782864901707905,True,True
16437406,0.25220000,1331.40000000,30804825,30804843,1782864905497593,True,True
16437407,0.25210000,42.40000000,30804844,30804845,1782864905497983,True,True
16437408,0.25200000,121.50000000,30804846,30804848,1782864906784689,True,True
16437409,0.25200000,1016.30000000,30804849,30804850,1782864907949723,False,True
16437410,0.25210000,918.20000000,30804851,30804852,1782864910605186,False,True
16437411,0.25220000,81.20000000,30804853,30804855,1782864910605460,False,True
16437412,0.25220000,657.00000000,30804856,30804856,1782864910606511,False,True
16437413,0.25230000,2381.80000000,30804857,30804860,1782864910613910,False,True
16437414,0.25240000,980.10000000,30804861,30804864,1782864910618032,False,True
16437415,0.25250000,42.30000000,30804865,30804866,1782864910622745,False,True
16437416,0.25260000,251.90000000,30804867,30804870,1782864910626030,False,True
16437417,0.25260000,1318.40000000,30804871,30804871,1782864910627450,False,True
16437418,0.25270000,42.30000000,30804872,30804873,1782864910630276,False,True
16437419,0.25260000,94.60000000,30804874,30804874,1782864910633336,False,True
16437420,0.25260000,297.60000000,30804875,30804875,1782864910633426,False,True
16437421,0.25280000,79.00000000,30804876,30804878,1782864910637094,False,True
16437422,0.25270000,1610.20000000,30804879,30804879,1782864910643980,False,True
16437423,0.25280000,331.50000000,30804880,30804880,1782864910647490,False,True
16437424,0.25280000,20.50000000,30804881,30804881,1782864910648987,False,True
16437425,0.25290000,37.90000000,30804882,30804883,1782864910652309,False,True
16437426,0.25260000,1098.00000000,30804884,30804886,1782864910654807,True,True
16437427,0.25250000,970.90000000,30804887,30804888,1782864910654807,True,True
16437428,0.25270000,940.00000000,30804889,30804889,1782864910666638,False,True
16437429,0.25270000,839.50000000,30804890,30804890,1782864910686620,False,True
16437430,0.25270000,940.00000000,30804891,30804891,1782864910707447,True,True
16437431,0.25260000,940.00000000,30804892,30804892,1782864910710340,True,True
16437432,0.25260000,48.00000000,30804893,30804893,1782864910753393,True,True
16437433,0.25260000,26.10000000,30804894,30804894,1782864910756674,False,True
16437434,0.25260000,57.10000000,30804895,30804895,1782864910775836,False,True
16437435,0.25260000,808.80000000,30804896,30804896,1782864910776027,False,True
16437436,0.25250000,731.50000000,30804897,30804906,1782864911244554,True,True
16437437,0.25240000,20.50000000,30804907,30804907,1782864912303355,True,True
16437438,0.25230000,20.50000000,30804908,30804908,1782864912344174,True,True
16437439,0.25220000,42.40000000,30804909,30804910,1782864912345747,True,True
16437440,0.25220000,151.80000000,30804911,30804911,1782864912347509,False,True
16437441,0.25210000,180.70000000,30804912,30804915,1782864916971170,True,True
16437442,0.25230000,23.70000000,30804916,30804917,1782864917889692,False,True
16437443,0.25240000,42.40000000,30804918,30804919,1782864957042719,False,True
16437444,0.25240000,87.00000000,30804920,30804920,1782864957120436,True,True
16437445,0.25240000,87.00000000,30804921,30804921,1782864957120761,True,True
16437446,0.25240000,5.50000000,30804922,30804922,1782864957120965,True,True
16437447,0.25230000,68.30000000,30804923,30804923,1782864957120965,True,True
16437448,0.25240000,183.30000000,30804924,30804924,1782864966930667,True,True
16437449,0.25250000,42.30000000,30804925,30804926,1782864970177165,False,True
16437450,0.25260000,42.30000000,30804927,30804928,1782864971106499,False,True
16437451,0.25270000,42.30000000,30804929,30804930,1782864977269367,False,True
16437452,0.25280000,42.30000000,30804931,30804932,1782864995365362,False,True
16437453,0.25290000,24.90000000,30804933,30804934,1782864995651278,False,True
16437454,0.25300000,23.50000000,30804935,30804936,1782864995757897,False,True
16437455,0.25300000,205.80000000,30804937,30804938,1782864997686177,True,True
16437456,0.25310000,42.30000000,30804939,30804940,1782865013510238,False,True
16437457,0.25310000,116.40000000,30804941,30804942,1782865027140771,True,True
16437458,0.25300000,20.50000000,30804943,30804943,1782865036942344,True,True
16437459,0.25310000,940.00000000,30804944,30804944,1782865050201640,False,True
16437460,0.25320000,667.80000000,30804945,30804946,1782865058286594,False,True
16437461,0.25330000,1996.70000000,30804947,30804949,1782865058287114,False,True
16437462,0.25330000,33.90000000,30804950,30804950,1782865058289924,True,True
16437463,0.25320000,82.80000000,30804951,30804951,1782865058290425,True,True
16437464,0.25320000,82.80000000,30804952,30804952,1782865058290796,True,True
16437465,0.25310000,82.80000000,30804953,30804953,1782865058291326,True,True
16437466,0.25330000,72.40000000,30804954,30804954,1782865058292569,True,True
16437467,0.25320000,59.00000000,30804955,30804955,1782865080858855,True,True
16437468,0.25310000,1591.30000000,30804956,30804959,1782865086452266,True,True
16437469,0.25300000,279.30000000,30804960,30804964,1782865086481462,True,True
16437470,0.25310000,20.50000000,30804965,30804965,1782865089222555,False,True
16437471,0.25320000,222.20000000,30804966,30804967,1782865091364711,False,True
16437472,0.25330000,42.30000000,30804968,30804969,1782865114493677,False,True
16437473,0.25330000,981.00000000,30804970,30804971,1782865114547154,True,True
16437474,0.25340000,42.30000000,30804972,30804973,1782865140546885,False,True
16437475,0.25350000,42.20000000,30804974,30804975,1782865140567519,False,True
16437476,0.25350000,947.80000000,30804976,30804978,1782865140592027,True,True
16437477,0.25340000,889.40000000,30804979,30804990,1782865145198036,True,True
16437478,0.25350000,20.50000000,30804991,30804991,1782865164893208,False,True
16437479,0.25360000,42.20000000,30804992,30804993,1782865166953107,False,True
16437480,0.25370000,36.80000000,30804994,30804995,1782865166953107,False,True
16437481,0.25370000,5.40000000,30804996,30804996,1782865170583607,False,True
16437482,0.25380000,386.70000000,30804997,30804999,1782865173197047,False,True
16437483,0.25380000,960.40000000,30805000,30805001,1782865187181075,False,True
16437484,0.25390000,437.20000000,30805002,30805004,1782865187181267,False,True
16437485,0.25390000,70.70000000,30805005,30805005,1782865187249132,True,True
16437486,0.25390000,70.70000000,30805006,30805006,1782865187249136,True,True
16437487,0.25390000,1.90000000,30805007,30805007,1782865187249598,True,True
16437488,0.25380000,1280.40000000,30805008,30805026,1782865190254154,True,True
16437489,0.25370000,42.10000000,30805027,30805028,1782865190287646,True,True
16437490,0.25360000,1148.10000000,30805029,30805044,1782865197148503,True,True
16437491,0.25350000,2778.20000000,30805045,30805049,1782865197148642,True,True
16437492,0.25340000,926.20000000,30805050,30805053,1782865197150019,True,True
16437493,0.25340000,472.40000000,30805054,30805054,1782865197150067,True,True
16437494,0.25330000,42.30000000,30805055,30805056,1782865197282587,True,True
16437495,0.25320000,112.40000000,30805057,30805059,1782865197282587,True,True
16437496,0.25350000,928.40000000,30805060,30805061,1782865200315337,False,True
16437497,0.25360000,42.20000000,30805062,30805063,1782865200540955,False,True
16437498,0.25370000,36.80000000,30805064,30805064,1782865200540955,False,True
16437499,0.25370000,79.00000000,30805065,30805066,1782865200542909,False,True
16437500,0.25360000,132.90000000,30805067,30805068,1782865207219064,True,True
16437501,0.25370000,304.90000000,30805069,30805071,1782865207302543,False,True
16437502,0.25360000,104.10000000,30805072,30805073,1782865224849145,True,True
16437503,0.25350000,20.40000000,30805074,30805074,1782865230260596,True,True
16437504,0.25340000,1202.20000000,30805075,30805077,1782865230262767,True,True
16437505,0.25330000,121.20000000,30805078,30805080,1782865241208674,True,True
16437506,0.25320000,1055.90000000,30805081,30805085,1782865241235168,True,True
16437507,0.25310000,42.30000000,30805086,30805087,1782865241316986,True,True
16437508,0.25300000,121.30000000,30805088,30805090,1782865242401139,True,True
16437509,0.25300000,26.00000000,30805091,30805091,1782865246760535,False,True
16437510,0.25310000,169.00000000,30805092,30805093,1782865246801581,False,True
16437511,0.25320000,42.30000000,30805094,30805095,1782865247196558,False,True
16437512,0.25330000,42.30000000,30805096,30805097,1782865247206549,False,True
16437513,0.25330000,163.60000000,30805098,30805100,1782865252316031,True,True
16437514,0.25320000,843.20000000,30805101,30805105,1782865252316031,True,True
16437515,0.25320000,269.10000000,30805106,30805106,1782865252317447,True,True
16437516,0.25310000,42.30000000,30805107,30805108,1782865252339997,True,True
16437517,0.25300000,42.30000000,30805109,30805110,1782865284468657,True,True
16437518,0.25290000,121.30000000,30805111,30805113,1782865312046577,True,True
16437519,0.25280000,121.30000000,30805114,30805116,1782865312610039,True,True
16437520,0.25270000,42.30000000,30805117,30805118,1782865317666239,True,True
16437521,0.25260000,200.30000000,30805119,30805122,1782865322687636,True,True
16437522,0.25250000,573.40000000,30805123,30805124,1782865322688264,True,True
16437523,0.25250000,1800.00000000,30805125,30805128,1782865322688470,True,True
16437524,0.25240000,42.30000000,30805129,30805130,1782865322731285,True,True
16437525,0.25240000,152.80000000,30805131,30805131,1782865322732617,False,True
16437526,0.25240000,897.70000000,30805132,30805133,1782865322732984,False,True
16437527,0.25240000,150.40000000,30805134,30805135,1782865322733618,False,True
16437528,0.25240000,179.50000000,30805136,30805136,1782865322734256,False,True
16437529,0.25240000,63.10000000,30805137,30805137,1782865322736477,False,True
16437530,0.25240000,47.90000000,30805138,30805138,1782865322737800,False,True
16437531,0.25240000,242.00000000,30805139,30805140,1782865322794011,False,True
16437532,0.25230000,121.30000000,30805141,30805143,1782865323034558,True,True
16437533,0.25230000,389.70000000,30805144,30805145,1782865324058115,False,True
16437534,0.25230000,77.90000000,30805146,30805146,1782865324060516,False,True
16437535,0.25240000,642.90000000,30805147,30805148,1782865324063848,False,True
16437536,0.25240000,400.10000000,30805149,30805149,1782865324066133,False,True
16437537,0.25240000,0.60000000,30805150,30805150,1782865324066174,False,True
16437538,0.25250000,42.30000000,30805151,30805152,1782865324214417,False,True
16437539,0.25250000,201.70000000,30805153,30805153,1782865324331661,False,True
16437540,0.25260000,2497.60000000,30805154,30805156,1782865324334184,False,True
16437541,0.25260000,201.70000000,30805157,30805157,1782865329196468,False,True
16437542,0.25270000,42.30000000,30805158,30805159,1782865329199836,False,True
16437543,0.25280000,103.90000000,30805160,30805161,1782865329424567,False,True
16437544,0.25280000,256.60000000,30805162,30805163,1782865329424631,False,True
16437545,0.25290000,42.30000000,30805164,30805165,1782865329551234,False,True
16437546,0.25290000,201.70000000,30805166,30805166,1782865334128773,False,True
16437547,0.25290000,61.60000000,30805167,30805167,1782865334134786,False,True
16437548,0.25280000,20.50000000,30805168,30805168,1782865339856104,True,True
16437549,0.25270000,121.30000000,30805169,30805171,1782865341022065,True,True
16437550,0.25270000,26.00000000,30805172,30805172,1782865354261790,False,True
16437551,0.25270000,175.70000000,30805173,30805173,1782865354261985,False,True
16437552,0.25280000,20.50000000,30805174,30805174,1782865354306222,False,True
16437553,0.25280000,201.70000000,30805175,30805175,1782865357973736,False,True
16437554,0.25290000,42.30000000,30805176,30805177,1782865357976618,False,True
16437555,0.25300000,42.30000000,30805178,30805179,1782865358583382,False,True
16437556,0.25310000,42.30000000,30805180,30805181,1782865358585960,False,True
16437557,0.25320000,42.30000000,30805182,30805183,1782865360957692,False,True
16437558,0.25330000,42.30000000,30805184,30805185,1782865360999691,False,True
16437559,0.25330000,1101.80000000,30805186,30805188,1782865361010406,True,True
16437560,0.25320000,47.20000000,30805189,30805190,1782865361021726,True,True
16437561,0.25320000,47.20000000,30805191,30805191,1782865361021861,True,True
16437562,0.25320000,5.10000000,30805192,30805192,1782865361021943,True,True
16437563,0.25310000,42.10000000,30805193,30805193,1782865361021943,True,True
16437564,0.25310000,20.50000000,30805194,30805194,1782865363019756,True,True
16437565,0.25300000,42.30000000,30805195,30805196,1782865363021137,True,True
16437566,0.25290000,211.30000000,30805197,30805201,1782865363761303,True,True
16437567,0.25300000,20.50000000,30805202,30805202,1782865377878695,False,True
16437568,0.25310000,42.30000000,30805203,30805204,1782865377878695,False,True
16437569,0.25320000,16.20000000,30805205,30805205,1782865377878695,False,True
16437570,0.25320000,26.00000000,30805206,30805206,1782865379560261,False,True
16437571,0.25320000,99.60000000,30805207,30805209,1782865379595246,False,True
16437572,0.25330000,42.30000000,30805210,30805211,1782865380615736,False,True
16437573,0.25340000,42.30000000,30805212,30805213,1782865380718870,False,True
16437574,0.25350000,42.20000000,30805214,30805215,1782865382178844,False,True
16437575,0.25360000,42.20000000,30805216,30805217,1782865382301871,False,True
16437576,0.25370000,42.20000000,30805218,30805219,1782865382302875,False,True
16437577,0.25380000,36.80000000,30805220,30805221,1782865382302875,False,True
16437578,0.25380000,152.90000000,30805222,30805223,1782865382469104,False,True
16437579,0.25380000,247.70000000,30805224,30805224,1782865382469289,False,True
16437580,0.25390000,436.90000000,30805225,30805227,1782865384252532,False,True
16437581,0.25400000,233.90000000,30805228,30805230,1782865386301612,False,True
16437582,0.25400000,203.00000000,30805231,30805231,1782865386302702,False,True
16437583,0.25400000,79.00000000,30805232,30805232,1782865386851671,True,True
16437584,0.25390000,99.40000000,30805233,30805234,1782865390937832,True,True
16437585,0.25380000,42.10000000,30805235,30805236,1782865390940064,True,True
16437586,0.25370000,121.10000000,30805237,30805239,1782865397433753,True,True
16437587,0.25370000,98.40000000,30805240,30805240,1782865401254571,False,True
16437588,0.25370000,103.30000000,30805241,30805241,1782865401254811,False,True
16437589,0.25380000,53.20000000,30805242,30805242,1782865401254816,False,True
16437590,0.25360000,223.60000000,30805243,30805246,1782865420355833,True,True
16437591,0.25350000,42.10000000,30805247,30805248,1782865420357829,True,True
16437592,0.25350000,897.90000000,30805249,30805249,1782865420359708,False,True
16437593,0.25340000,42.20000000,30805250,30805251,1782865420360132,True,True
16437594,0.25350000,201.70000000,30805252,30805252,1782865420360510,False,True
16437595,0.25360000,243.90000000,30805253,30805253,1782865420360510,False,True
16437596,0.25350000,940.00000000,30805254,30805254,1782865420366081,True,True
16437597,0.25380000,42.10000000,30805255,30805256,1782865489396336,False,True
16437598,0.25390000,875.10000000,30805257,30805259,1782865499272522,False,True
16437599,0.25400000,2045.50000000,30805260,30805264,1782865499273245,False,True
16437600,0.25410000,42.10000000,30805265,30805266,1782865499377260,False,True
16437601,0.25420000,366.30000000,30805267,30805269,1782865508859162,False,True
16437602,0.25430000,42.10000000,30805270,30805271,1782865508870145,False,True
16437603,0.25440000,156.10000000,30805272,30805274,1782865509372345,False,True
16437604,0.25450000,42.10000000,30805275,30805276,1782865509421750,False,True
16437605,0.25460000,42.10000000,30805277,30805278,1782865509510053,False,True
16437606,0.25470000,42.00000000,30805279,30805280,1782865509565181,False,True
16437607,0.25480000,42.00000000,30805281,30805282,1782865509941773,False,True
16437608,0.25480000,1213.80000000,30805283,30805286,1782865509966810,True,True
16437609,0.25470000,822.00000000,30805287,30805287,1782865509966810,True,True
16437610,0.25490000,396.20000000,30805288,30805290,1782865512943357,False,True
16437611,0.25500000,25.90000000,30805291,30805292,1782865514613901,False,True
16437612,0.25500000,177.20000000,30805293,30805293,1782865514615015,False,True
16437613,0.25490000,20.30000000,30805294,30805294,1782865518015704,True,True
16437614,0.25480000,20.30000000,30805295,30805295,1782865518017354,True,True
16437615,0.25480000,151.80000000,30805296,30805296,1782865518020865,False,True
16437616,0.25470000,120.90000000,30805297,30805299,1782865525346893,True,True
16437617,0.25460000,98.00000000,30805300,30805302,1782865525348510,True,True
16437618,0.25460000,117.10000000,30805303,30805303,1782865526631683,False,True
16437619,0.25450000,167.10000000,30805304,30805308,1782865532907595,True,True
16437620,0.25440000,42.10000000,30805309,30805310,1782865533023968,True,True
16437621,0.25430000,200.10000000,30805311,30805314,1782865539916736,True,True
16437622,0.25420000,42.10000000,30805315,30805316,1782865540154049,True,True
16437623,0.25440000,20.40000000,30805317,30805317,1782865560650008,False,True
16437624,0.25450000,42.10000000,30805318,30805319,1782865560676501,False,True
16437625,0.25460000,14.90000000,30805320,30805320,1782865560676501,False,True
16437626,0.25460000,22.00000000,30805321,30805322,1782865560679628,False,True
16437627,0.25430000,178.40000000,30805323,30805325,1782865606001602,True,True
16437628,0.25420000,42.10000000,30805326,30805327,1782865606003156,True,True
16437629,0.25420000,111.10000000,30805328,30805328,1782865628735533,True,True
16437630,0.25410000,42.10000000,30805329,30805330,1782865644602622,True,True
16437631,0.25400000,121.10000000,30805331,30805333,1782865647623708,True,True
16437632,0.25400000,152.80000000,30805334,30805334,1782865647625561,False,True
16437633,0.25390000,121.10000000,30805335,30805337,1782865652585544,True,True
16437634,0.25380000,42.10000000,30805338,30805339,1782865673045690,True,True
16437635,0.25370000,121.10000000,30805340,30805342,1782865681815421,True,True
16437636,0.25360000,42.10000000,30805343,30805344,1782865681815421,True,True
16437637,0.25350000,42.10000000,30805345,30805346,1782865692904343,True,True
16437638,0.25340000,42.20000000,30805347,30805348,1782865694476477,True,True
16437639,0.25330000,21.80000000,30805349,30805349,1782865696147529,True,True
16437640,0.25320000,876.10000000,30805350,30805352,1782865696149224,True,True
16437641,0.25320000,42.30000000,30805353,30805353,1782865696149768,True,True
16437642,0.25330000,82.20000000,30805354,30805355,1782865709017018,True,True
16437643,0.25320000,3320.80000000,30805356,30805356,1782865711552759,True,True
16437644,0.25320000,731.20000000,30805357,30805359,1782865711556155,True,True
16437645,0.25310000,26.00000000,30805360,30805361,1782865721850631,True,True
16437646,0.25310000,940.00000000,30805362,30805362,1782865722492041,True,True
16437647,0.25300000,42.30000000,30805363,30805364,1782865734531990,True,True
16437648,0.25290000,42.30000000,30805365,30805366,1782865740758538,True,True
16437649,0.25280000,138.30000000,30805367,30805369,1782865757795731,True,True
16437650,0.25290000,292.00000000,30805370,30805370,1782865764690073,True,True
16437651,0.25280000,690.70000000,30805371,30805375,1782865796449356,True,True
16437652,0.25270000,121.30000000,30805376,30805378,1782865815985317,True,True
16437653,0.25260000,42.30000000,30805379,30805380,1782865816099304,True,True
16437654,0.25250000,437.10000000,30805381,30805383,1782865816154709,True,True
16437655,0.25240000,437.40000000,30805384,30805386,1782865816791541,True,True
16437656,0.25240000,740.40000000,30805387,30805389,1782865816800497,False,True
16437657,0.25260000,20.50000000,30805390,30805390,1782865830064981,False,True
16437658,0.25250000,20.50000000,30805391,30805391,1782865844240777,True,True
16437659,0.25240000,438.30000000,30805392,30805394,1782865845064018,True,True
16437660,0.25260000,20.50000000,30805395,30805395,1782865855360320,False,True
16437661,0.25270000,273.00000000,30805396,30805397,1782865855360832,False,True
16437662,0.25270000,21.80000000,30805398,30805398,1782865855361044,False,True
16437663,0.25250000,20.50000000,30805399,30805399,1782865861024080,True,True
16437664,0.25240000,438.30000000,30805400,30805402,1782865861026075,True,True
16437665,0.25260000,20.50000000,30805403,30805403,1782865870276509,False,True
16437666,0.25270000,982.30000000,30805404,30805406,1782865876742665,False,True
16437667,0.25280000,57.30000000,30805407,30805407,1782865876742665,False,True
16437668,0.25260000,940.00000000,30805408,30805408,1782865883946696,True,True
16437669,0.25250000,24.20000000,30805409,30805410,1782865885921361,True,True
16437670,0.25250000,282.90000000,30805411,30805411,1782865900656097,False,True
16437671,0.25250000,255.50000000,30805412,30805412,1782865900656225,False,True
16437672,0.25260000,20.50000000,30805413,30805413,1782865955112063,False,True
16437673,0.25270000,42.30000000,30805414,30805415,1782865976821082,False,True
16437674,0.25280000,940.00000000,30805416,30805419,1782865976825112,False,True
16437675,0.25280000,198.40000000,30805420,30805420,1782865976825346,False,True
16437676,0.25250000,292.00000000,30805421,30805422,1782865983935663,True,True
16437677,0.25270000,315.30000000,30805423,30805423,1782866000383169,False,True
16437678,0.25280000,20.50000000,30805424,30805424,1782866026040609,False,True
16437679,0.25290000,42.30000000,30805425,30805426,1782866031061629,False,True
16437680,0.25300000,42.30000000,30805427,30805428,1782866031064104,False,True
16437681,0.25300000,26.00000000,30805429,30805429,1782866066401113,False,True
16437682,0.25290000,95.30000000,30805430,30805431,1782866066482739,True,True
16437683,0.25280000,940.00000000,30805432,30805433,1782866066486813,True,True
16437684,0.25280000,481.30000000,30805434,30805434,1782866066704871,True,True
16437685,0.25280000,2576.60000000,30805435,30805436,1782866066704909,True,True
16437686,0.25270000,291.70000000,30805437,30805439,1782866066715135,True,True
16437687,0.25270000,268.30000000,30805440,30805440,1782866084612807,True,True
16437688,0.25260000,42.30000000,30805441,30805442,1782866084657557,True,True
16437689,0.25250000,21.80000000,30805443,30805443,1782866084698949,True,True
16437690,0.25240000,193.00000000,30805444,30805446,1782866084701660,True,True
16437691,0.25240000,201.70000000,30805447,30805447,1782866094297293,True,True
16437692,0.25240000,720.40000000,30805448,30805448,1782866111000852,False,True
16437693,0.25250000,123.00000000,30805449,30805450,1782866111198143,False,True
16437694,0.25260000,42.30000000,30805451,30805452,1782866111208576,False,True
16437695,0.25250000,20.50000000,30805453,30805453,1782866120429800,True,True
16437696,0.25240000,180.70000000,30805454,30805456,1782866120429800,True,True
16437697,0.25230000,42.30000000,30805457,30805458,1782866122742115,True,True
16437698,0.25230000,201.70000000,30805459,30805459,1782866123820270,True,True
16437699,0.25220000,850.90000000,30805460,30805462,1782866123822036,True,True
16437700,0.25210000,42.40000000,30805463,30805464,1782866133881308,True,True
16437701,0.25200000,26.10000000,30805465,30805466,1782866148312301,True,True
16437702,0.25200000,108.90000000,30805467,30805467,1782866148312785,True,True
16437703,0.25190000,438.30000000,30805468,30805470,1782866148315747,True,True
16437704,0.25180000,26.10000000,30805471,30805472,1782866149662429,True,True
16437705,0.25170000,42.50000000,30805473,30805474,1782866149717276,True,True
16437706,0.25170000,179.10000000,30805475,30805475,1782866163195022,False,True
16437707,0.25170000,287.10000000,30805476,30805476,1782866163195312,False,True
16437708,0.25170000,58.50000000,30805477,30805477,1782866163195478,False,True
16437709,0.25160000,154.70000000,30805478,30805480,1782866166342745,True,True
16437710,0.25170000,201.70000000,30805481,30805481,1782866206148586,True,True
16437711,0.25160000,581.80000000,30805482,30805482,1782866206148586,True,True
16437712,0.25160000,201.70000000,30805483,30805483,1782866230557551,True,True
16437713,0.25160000,26.10000000,30805484,30805484,1782866231659550,False,True
16437714,0.25160000,794.20000000,30805485,30805485,1782866246975844,False,True
16437715,0.25160000,26.10000000,30805486,30805486,1782866264688760,False,True
16437716,0.25160000,26.10000000,30805487,30805487,1782866266373719,False,True
16437717,0.25150000,82.20000000,30805488,30805490,1782866279215698,True,True
16437718,0.25140000,42.50000000,30805491,30805492,1782866280760939,True,True
16437719,0.25130000,42.50000000,30805493,30805494,1782866280760939,True,True
16437720,0.25120000,1932.10000000,30805495,30805499,1782866280760939,True,True
16437721,0.25110000,397.30000000,30805500,30805501,1782866280760939,True,True
16437722,0.25110000,154.00000000,30805502,30805502,1782866280765758,True,True
16437723,0.25130000,179.10000000,30805503,30805503,1782866281367811,True,True
16437724,0.25130000,22.60000000,30805504,30805504,1782866281367911,True,True
16437725,0.25140000,706.20000000,30805505,30805506,1782866283082964,False,True
16437726,0.25140000,108.00000000,30805507,30805507,1782866283084298,False,True
16437727,0.25140000,56.70000000,30805508,30805508,1782866283084447,False,True
16437728,0.25140000,258.70000000,30805509,30805509,1782866283084565,False,True
16437729,0.25140000,130.40000000,30805510,30805510,1782866283084752,False,True
16437730,0.25150000,42.50000000,30805511,30805512,1782866286551057,False,True
16437731,0.25150000,201.70000000,30805513,30805513,1782866304188307,True,True
16437732,0.25150000,45.50000000,30805514,30805514,1782866306562663,False,True
16437733,0.25150000,1945.00000000,30805515,30805515,1782866312572686,False,True
16437734,0.25150000,436.00000000,30805516,30805516,1782866312574038,False,True
16437735,0.25160000,42.50000000,30805517,30805518,1782866312575262,False,True
16437736,0.25170000,434.50000000,30805519,30805519,1782866312575262,False,True
16437737,0.25170000,573.40000000,30805520,30805522,1782866314392169,False,True
16437738,0.25180000,42.50000000,30805523,30805524,1782866314476560,False,True
16437739,0.25180000,201.70000000,30805525,30805525,1782866315376271,True,True
16437740,0.25170000,374.10000000,30805526,30805529,1782866315376271,True,True
16437741,0.25160000,309.10000000,30805530,30805531,1782866315376271,True,True
16437742,0.25180000,201.70000000,30805532,30805532,1782866318945763,True,True
16437743,0.25170000,20.60000000,30805533,30805533,1782866323089912,True,True
16437744,0.25160000,42.50000000,30805534,30805535,1782866323240554,True,True
16437745,0.25150000,42.50000000,30805536,30805537,1782866339317048,True,True
16437746,0.25160000,20.60000000,30805538,30805538,1782866343639540,False,True
16437747,0.25160000,29.10000000,30805539,30805539,1782866346220235,True,True
16437748,0.25170000,26.10000000,30805540,30805541,1782866347011403,False,True
16437749,0.25160000,201.70000000,30805542,30805542,1782866370535202,True,True
16437750,0.25150000,3025.50000000,30805543,30805545,1782866386964690,True,True
16437751,0.25140000,42.50000000,30805546,30805547,1782866386968642,True,True
16437752,0.25130000,111.50000000,30805548,30805548,1782866386968642,True,True
16437753,0.25130000,26.30000000,30805549,30805549,1782866394901759,True,True
16437754,0.25130000,42.50000000,30805550,30805551,1782866400738542,True,True
16437755,0.25120000,42.50000000,30805552,30805553,1782866400739838,True,True
16437756,0.25110000,154.00000000,30805554,30805554,1782866400742553,True,True
16437757,0.25120000,197.80000000,30805555,30805555,1782866401552830,False,True
16437758,0.25130000,61.10000000,30805556,30805557,1782866409423877,False,True
16437759,0.25140000,42.50000000,30805558,30805559,1782866410944861,False,True
16437760,0.25150000,42.50000000,30805560,30805561,1782866411088100,False,True
16437761,0.25130000,20.60000000,30805562,30805562,1782866418151444,True,True
16437762,0.25120000,42.50000000,30805563,30805564,1782866421117487,True,True
16437763,0.25110000,15264.00000000,30805565,30805571,1782866493829738,True,True
16437764,0.25110000,9617.80000000,30805572,30805589,1782866493831709,True,True
16437765,0.25110000,1024.80000000,30805590,30805591,1782866493834785,False,True
16437766,0.25120000,469.80000000,30805592,30805593,1782866493835065,False,True
16437767,0.25120000,469.80000000,30805594,30805594,1782866493835122,False,True
16437768,0.25120000,29.30000000,30805595,30805595,1782866493835131,False,True
16437769,0.25130000,183.60000000,30805596,30805597,1782866493835131,False,True
16437770,0.25120000,968.90000000,30805598,30805598,1782866493837041,False,True
16437771,0.25130000,21.90000000,30805599,30805599,1782866493842622,False,True
16437772,0.25120000,197.00000000,30805600,30805600,1782866561132209,False,True
16437773,0.25120000,878.80000000,30805601,30805601,1782866573831426,False,True
16437774,0.25100000,42.60000000,30805602,30805603,1782866598668823,True,True
16437775,0.25090000,1951.70000000,30805604,30805613,1782866613156858,True,True
16437776,0.25090000,8967.30000000,30805614,30805614,1782866613158109,False,True
16437777,0.25090000,1899.20000000,30805615,30805615,1782866613158232,False,True
16437778,0.25090000,96.70000000,30805616,30805616,1782866613158511,False,True
16437779,0.25110000,152.70000000,30805617,30805618,1782866613159346,False,True
16437780,0.25100000,940.00000000,30805619,30805619,1782866613162329,False,True
16437781,0.25090000,148.00000000,30805620,30805620,1782866615410583,True,True
16437782,0.25080000,42.70000000,30805621,30805622,1782866620469759,True,True
16437783,0.25070000,42.70000000,30805623,30805624,1782866622304257,True,True
16437784,0.25080000,20.70000000,30805625,30805625,1782866634057679,False,True
16437785,0.25090000,54.30000000,30805626,30805626,1782866634057679,False,True
16437786,0.25090000,42.70000000,30805627,30805628,1782866635253594,False,True
16437787,0.25100000,39.80000000,30805629,30805630,1782866642845055,False,True
16437788,0.25100000,2.90000000,30805631,30805631,1782866684389743,False,True
16437789,0.25110000,982.70000000,30805632,30805634,1782866702616562,False,True
16437790,0.25120000,42.60000000,30805635,30805636,1782866704418627,False,True
16437791,0.25130000,42.60000000,30805637,30805638,1782866704421521,False,True
16437792,0.25140000,42.50000000,30805639,30805640,1782866704426608,False,True
16437793,0.25150000,42.50000000,30805641,30805642,1782866704428445,False,True
16437794,0.25150000,940.00000000,30805643,30805643,1782866704482824,True,True
16437795,0.25160000,3513.70000000,30805644,30805648,1782866704485918,False,True
16437796,0.25160000,42.70000000,30805649,30805649,1782866704488648,False,True
16437797,0.25160000,1750.70000000,30805650,30805651,1782866704488774,False,True
16437798,0.25160000,39.70000000,30805652,30805652,1782866704489255,False,True
16437799,0.25160000,981.90000000,30805653,30805653,1782866704489337,False,True
16437800,0.25160000,940.00000000,30805654,30805654,1782866704491351,True,True
16437801,0.25170000,867.40000000,30805655,30805655,1782866704491386,False,True
16437802,0.25170000,3563.60000000,30805656,30805659,1782866704491433,False,True
16437803,0.25170000,418.60000000,30805660,30805660,1782866704505259,True,True
16437804,0.25170000,521.40000000,30805661,30805661,1782866704505672,True,True
16437805,0.25170000,4069.80000000,30805662,30805662,1782866704515564,False,True
16437806,0.25170000,940.00000000,30805663,30805663,1782866704541536,False,True
16437807,0.25180000,2190.60000000,30805664,30805667,1782866704546658,False,True
16437808,0.25190000,42.50000000,30805668,30805669,1782866705934173,False,True
16437809,0.25200000,42.50000000,30805670,30805671,1782866714381534,False,True
16437810,0.25210000,42.50000000,30805672,30805673,1782866714744086,False,True
16437811,0.25220000,42.50000000,30805674,30805675,1782866715124897,False,True
16437812,0.25230000,440.70000000,30805676,30805678,1782866716004171,False,True
16437813,0.25240000,93.60000000,30805679,30805681,1782866716005944,False,True
16437814,0.25240000,347.10000000,30805682,30805682,1782866716006335,False,True
16437815,0.25250000,42.30000000,30805683,30805684,1782866716244100,False,True
16437816,0.25250000,39.90000000,30805685,30805685,1782866716590078,True,True
16437817,0.25260000,292.00000000,30805686,30805689,1782866717475542,False,True
16437818,0.25260000,199.60000000,30805690,30805690,1782866717475586,False,True
16437819,0.25270000,42.30000000,30805691,30805692,1782866717477770,False,True
16437820,0.25280000,152.20000000,30805693,30805695,1782866717478151,False,True
16437821,0.25290000,418.70000000,30805696,30805697,1782866718077097,False,True
16437822,0.25300000,25.90000000,30805698,30805699,1782866718124114,False,True
16437823,0.25300000,130.80000000,30805700,30805701,1782866718124147,False,True
16437824,0.25310000,42.30000000,30805702,30805703,1782866718126426,False,True
16437825,0.25320000,0.20000000,30805704,30805704,1782866718126426,False,True
16437826,0.25320000,42.50000000,30805705,30805707,1782866718128899,False,True
16437827,0.25320000,385.50000000,30805708,30805708,1782866719313134,False,True
16437828,0.25330000,42.30000000,30805709,30805710,1782866719317496,False,True
16437829,0.25340000,42.30000000,30805711,30805712,1782866719359373,False,True
16437830,0.25350000,42.20000000,30805713,30805714,1782866719665542,False,True
16437831,0.25360000,42.20000000,30805715,30805716,1782866719674254,False,True
16437832,0.25370000,42.20000000,30805717,30805718,1782866719707598,False,True
16437833,0.25380000,42.10000000,30805719,30805720,1782866719793866,False,True
16437834,0.25390000,150.90000000,30805721,30805722,1782866719803787,False,True
16437835,0.25400000,20.30000000,30805723,30805723,1782866721904269,False,True
16437836,0.25390000,331.80000000,30805724,30805726,1782866721906707,True,True
16437837,0.25380000,54.40000000,30805727,30805728,1782866722282401,True,True
16437838,0.25370000,121.10000000,30805729,30805731,1782866722283966,True,True
16437839,0.25370000,151.80000000,30805732,30805732,1782866722285799,False,True
16437840,0.25370000,151.80000000,30805733,30805733,1782866722286065,False,True
16437841,0.25370000,149.60000000,30805734,30805734,1782866722286322,False,True
