90108607,0.35590000,169.27000000,160199130,160199131,1782864018022313,False,True
90108608,0.35600000,18.55000000,160199132,160199133,1782864018583113,False,True
90108609,0.35600000,112.94000000,160199134,160199136,1782864018586781,False,True
90108610,0.35590000,118.08000000,160199137,160199139,1782864018942763,True,True
90108611,0.35590000,14.75000000,160199140,160199140,1782864022962287,False,True
90108612,0.35600000,509.22000000,160199141,160199145,1782864022962287,False,True
90108613,0.35610000,194.93000000,160199146,160199150,1782864023410645,False,True
90108614,0.35610000,609.83000000,160199151,160199154,1782864023411252,False,True
90108615,0.35610000,609.83000000,160199155,160199155,1782864042356136,True,True
90108616,0.35610000,55.41000000,160199156,160199156,1782864042357263,True,True
90108617,0.35600000,775.77000000,160199157,160199161,1782864042362267,True,True
90108618,0.35590000,193.00000000,160199162,160199166,1782864042410097,True,True
90108619,0.35590000,820.62000000,160199167,160199169,1782864047523364,False,True
90108620,0.35590000,13.97000000,160199170,160199170,1782864052788058,True,True
90108621,0.35580000,157.10000000,160199171,160199175,1782864052788058,True,True
90108622,0.35570000,104.75000000,160199176,160199178,1782864071572019,True,True
90108623,0.35570000,63.62000000,160199179,160199181,1782864071572226,True,True
90108624,0.35560000,111.74000000,160199182,160199184,1782864072242987,True,True
90108625,0.35550000,197.12000000,160199185,160199190,1782864072246235,True,True
90108626,0.35550000,1001.73000000,160199191,160199193,1782864072345362,False,True
90108627,0.35540000,20.21000000,160199194,160199195,1782864093060106,True,True
90108628,0.35540000,56.03000000,160199196,160199198,1782864093061303,True,True
90108629,0.35540000,63.42000000,160199199,160199199,1782864093468941,True,True
90108630,0.35540000,24.97000000,160199200,160199200,1782864101009567,False,True
90108631,0.35540000,360.30000000,160199201,160199203,1782864108162214,False,True
90108632,0.35540000,71.00000000,160199204,160199204,1782864112219281,True,True
90108633,0.35530000,152.02000000,160199205,160199208,1782864112847551,True,True
90108634,0.35530000,26.12000000,160199209,160199209,1782864114920338,True,True
90108635,0.35530000,109.68000000,160199210,160199211,1782864120686324,False,True
90108636,0.35530000,109.68000000,160199212,160199214,1782864121772462,False,True
90108637,0.35530000,18.59000000,160199215,160199215,1782864121844697,False,True
90108638,0.35530000,126.19000000,160199216,160199217,1782864121845193,False,True
90108639,0.35540000,3334.70000000,160199218,160199225,1782864121847258,False,True
90108640,0.35530000,19.00000000,160199226,160199226,1782864135778381,True,True
90108641,0.35530000,19.00000000,160199227,160199227,1782864135778523,True,True
90108642,0.35530000,19.00000000,160199228,160199228,1782864135778602,True,True
90108643,0.35530000,66.61000000,160199229,160199231,1782864135779152,True,True
90108644,0.35520000,19.00000000,160199232,160199233,1782864135780317,True,True
90108645,0.35520000,84.00000000,160199234,160199235,1782864135809282,True,True
90108646,0.35530000,1045.57000000,160199236,160199238,1782864135814805,False,True
90108647,0.35510000,84.00000000,160199239,160199242,1782864139746125,True,True
90108648,0.35520000,24.81000000,160199243,160199243,1782864139794551,False,True
90108649,0.35510000,22.00000000,160199244,160199244,1782864140896834,True,True
90108650,0.35510000,22.00000000,160199245,160199245,1782864140896964,True,True
90108651,0.35510000,18.28000000,160199246,160199246,1782864140897089,True,True
90108652,0.35500000,3.72000000,160199247,160199247,1782864140897089,True,True
90108653,0.35500000,22.00000000,160199248,160199249,1782864140897093,True,True
90108654,0.35500000,113.00000000,160199250,160199251,1782864144779372,True,True
90108655,0.35500000,220.00000000,160199252,160199252,1782864144783226,True,True
90108656,0.35500000,179.00000000,160199253,160199253,1782864145702242,True,True
90108657,0.35500000,142.00000000,160199254,160199254,1782864145807669,True,True
90108658,0.35500000,96.85000000,160199255,160199255,1782864146727117,True,True
90108659,0.35500000,79.00000000,160199256,160199256,1782864146736924,True,True
90108660,0.35500000,225.00000000,160199257,160199257,1782864146736956,True,True
90108661,0.35500000,215.00000000,160199258,160199258,1782864148429116,True,True
90108662,0.35500000,183.00000000,160199259,160199259,1782864148774971,True,True
90108663,0.35500000,134.00000000,160199260,160199260,1782864149041811,True,True
90108664,0.35500000,733.00000000,160199261,160199261,1782864149624388,True,True
90108665,0.35500000,594.00000000,160199262,160199262,1782864149624542,True,True
90108666,0.35500000,2175.07000000,160199263,160199263,1782864149624631,True,True
90108667,0.35500000,89.00000000,160199264,160199264,1782864149624684,True,True
90108668,0.35500000,623.24000000,160199265,160199266,1782864149624932,True,True
90108669,0.35490000,109.76000000,160199267,160199270,1782864149624932,True,True
90108670,0.35490000,77.74000000,160199271,160199273,1782864149658826,True,True
90108671,0.35480000,1149.73000000,160199274,160199281,1782864149658826,True,True
90108672,0.35470000,224.52000000,160199282,160199283,1782864149658826,True,True
90108673,0.35480000,84.00000000,160199284,160199284,1782864149846774,True,True
90108674,0.35480000,84.00000000,160199285,160199285,1782864149850441,True,True
90108675,0.35480000,84.00000000,160199286,160199286,1782864149852150,True,True
90108676,0.35480000,84.00000000,160199287,160199287,1782864149852754,True,True
90108677,0.35470000,84.00000000,160199288,160199289,1782864150730958,True,True
90108678,0.35480000,163.12000000,160199290,160199291,1782864151247360,False,True
90108679,0.35470000,84.00000000,160199292,160199294,1782864152905990,True,True
90108680,0.35480000,95.12000000,160199295,160199295,1782864153947798,False,True
90108681,0.35490000,171.50000000,160199296,160199300,1782864155103181,False,True
90108682,0.35500000,152.01000000,160199301,160199305,1782864155426630,False,True
90108683,0.35490000,84.00000000,160199306,160199307,1782864158205375,True,True
90108684,0.35480000,18.60000000,160199308,160199308,1782864164282124,True,True
90108685,0.35480000,84.00000000,160199309,160199311,1782864164303205,True,True
90108686,0.35480000,56.43000000,160199312,160199314,1782864164305728,True,True
90108687,0.35470000,27.57000000,160199315,160199315,1782864164305728,True,True
90108688,0.35470000,84.00000000,160199316,160199316,1782864164307651,True,True
90108689,0.35470000,84.00000000,160199317,160199318,1782864166577596,True,True
90108690,0.35470000,25.31000000,160199319,160199320,1782864166578717,True,True
90108691,0.35460000,58.69000000,160199321,160199323,1782864166578717,True,True
90108692,0.35460000,84.00000000,160199324,160199325,1782864166578787,True,True
90108693,0.35470000,764.74000000,160199326,160199328,1782864166614058,False,True
90108694,0.35470000,18.61000000,160199329,160199329,1782864169896206,True,True
90108695,0.35470000,71.00000000,160199330,160199330,1782864169899473,True,True
90108696,0.35470000,71.00000000,160199331,160199331,1782864169899535,True,True
90108697,0.35470000,71.00000000,160199332,160199332,1782864169899640,True,True
90108698,0.35470000,330.90000000,160199333,160199333,1782864169899749,True,True
90108699,0.35460000,71.00000000,160199334,160199334,1782864169899996,True,True
90108700,0.35460000,240.83000000,160199335,160199341,1782864169900474,True,True
90108701,0.35450000,41.17000000,160199342,160199342,1782864169900474,True,True
90108702,0.35450000,84.00000000,160199343,160199343,1782864169922244,True,True
90108703,0.35450000,84.00000000,160199344,160199344,1782864169924410,True,True
90108704,0.35460000,292.50000000,160199345,160199345,1782864170065139,False,True
90108705,0.35470000,907.34000000,160199346,160199348,1782864170065139,False,True
90108706,0.35470000,1484.07000000,160199349,160199356,1782864171632277,False,True
90108707,0.35460000,79.21000000,160199357,160199357,1782864172006586,True,True
90108708,0.35450000,715.12000000,160199358,160199362,1782864173158762,True,True
90108709,0.35440000,150.79000000,160199363,160199367,1782864173168493,True,True
90108710,0.35430000,834.15000000,160199368,160199376,1782864173168493,True,True
90108711,0.35430000,99.00000000,160199377,160199377,1782864173168547,True,True
90108712,0.35430000,327.57000000,160199378,160199378,1782864173168682,True,True
90108713,0.35420000,99.00000000,160199379,160199380,1782864173168708,True,True
90108714,0.35420000,99.00000000,160199381,160199381,1782864173168789,True,True
90108715,0.35420000,196.01000000,160199382,160199386,1782864173168941,True,True
90108716,0.35410000,1021.47000000,160199387,160199392,1782864173168941,True,True
90108717,0.35410000,3262.02000000,160199393,160199395,1782864173169141,True,True
90108718,0.35400000,99.00000000,160199396,160199399,1782864173169823,True,True
90108719,0.35400000,534.40000000,160199400,160199402,1782864173170320,True,True
90108720,0.35410000,427.85000000,160199403,160199403,1782864173170911,False,True
90108721,0.35410000,149.66000000,160199404,160199404,1782864173171668,False,True
90108722,0.35410000,1482.49000000,160199405,160199405,1782864173172589,False,True
90108723,0.35420000,28.18000000,160199406,160199406,1782864173180719,False,True
90108724,0.35420000,30.97000000,160199407,160199407,1782864173182020,False,True
90108725,0.35410000,84.00000000,160199408,160199408,1782864173183393,True,True
90108726,0.35420000,84.00000000,160199409,160199409,1782864173186176,True,True
90108727,0.35410000,92.89000000,160199410,160199410,1782864173439015,True,True
90108728,0.35430000,464.07000000,160199411,160199416,1782864179427456,False,True
90108729,0.35440000,880.68000000,160199417,160199422,1782864179429273,False,True
90108730,0.35450000,2961.13000000,160199423,160199429,1782864179430229,False,True
90108731,0.35460000,207.76000000,160199430,160199435,1782864179431485,False,True
90108732,0.35460000,282.00000000,160199436,160199436,1782864179435018,False,True
90108733,0.35470000,704.74000000,160199437,160199441,1782864179439606,False,True
90108734,0.35470000,20.00000000,160199442,160199442,1782864182425946,True,True
90108735,0.35470000,20.00000000,160199443,160199443,1782864182426045,True,True
90108736,0.35470000,20.00000000,160199444,160199444,1782864182426156,True,True
90108737,0.35470000,65.33000000,160199445,160199445,1782864182426515,True,True
90108738,0.35460000,56.00000000,160199446,160199446,1782864182426881,True,True
90108739,0.35460000,20.00000000,160199447,160199447,1782864182427609,True,True
90108740,0.35460000,70.85000000,160199448,160199450,1782864182429299,True,True
90108741,0.35450000,116.15000000,160199451,160199452,1782864182429299,True,True
90108742,0.35450000,84.00000000,160199453,160199455,1782864182454750,True,True
90108743,0.35450000,35.16000000,160199456,160199456,1782864182455930,True,True
90108744,0.35440000,48.84000000,160199457,160199457,1782864182455930,True,True
90108745,0.35440000,31.00000000,160199458,160199459,1782864182458802,True,True
90108746,0.35440000,17.00000000,160199460,160199460,1782864182459015,True,True
90108747,0.35440000,29.97000000,160199461,160199462,1782864184995164,True,True
90108748,0.35430000,18.63000000,160199463,160199463,1782864189413226,True,True
90108749,0.35430000,84.00000000,160199464,160199466,1782864189445658,True,True
90108750,0.35430000,84.00000000,160199467,160199469,1782864189446445,True,True
90108751,0.35430000,84.00000000,160199470,160199470,1782864189448261,True,True
90108752,0.35430000,988.35000000,160199471,160199471,1782864189923990,True,True
90108753,0.35430000,139.76000000,160199472,160199474,1782864189924435,True,True
90108754,0.35420000,150.89000000,160199475,160199479,1782864189927776,True,True
90108755,0.35410000,106.00000000,160199480,160199482,1782864189930108,True,True
90108756,0.35410000,106.00000000,160199483,160199485,1782864189930221,True,True
90108757,0.35410000,106.00000000,160199486,160199486,1782864189930352,True,True
90108758,0.35410000,15.54000000,160199487,160199487,1782864189930569,True,True
90108759,0.35400000,90.46000000,160199488,160199489,1782864189930569,True,True
90108760,0.35400000,119.86000000,160199490,160199494,1782864189937787,True,True
90108761,0.35390000,84.00000000,160199495,160199497,1782864189941698,True,True
90108762,0.35390000,23.00000000,160199498,160199498,1782864189941913,True,True
90108763,0.35390000,84.00000000,160199499,160199500,1782864189953039,True,True
90108764,0.35390000,40.90000000,160199501,160199501,1782864189954504,True,True
90108765,0.35390000,84.00000000,160199502,160199502,1782864189957089,True,True
90108766,0.35400000,2028.50000000,160199503,160199512,1782864189973421,False,True
90108767,0.35390000,641.49000000,160199513,160199516,1782864190024679,True,True
90108768,0.35390000,453.32000000,160199517,160199517,1782864190027623,True,True
90108769,0.35390000,479.33000000,160199518,160199518,1782864190028240,True,True
90108770,0.35390000,174.42000000,160199519,160199519,1782864191284835,False,True
90108771,0.35390000,122.55000000,160199520,160199521,1782864191285608,False,True
90108772,0.35390000,73.53000000,160199522,160199522,1782864191286754,False,True
90108773,0.35400000,205.11000000,160199523,160199526,1782864191339715,False,True
90108774,0.35400000,538.48000000,160199527,160199527,1782864192307944,True,True
90108775,0.35400000,404.70000000,160199528,160199528,1782864192333641,False,True
90108776,0.35410000,624.69000000,160199529,160199534,1782864192333641,False,True
90108777,0.35400000,20.00000000,160199535,160199535,1782864193044555,True,True
90108778,0.35400000,20.00000000,160199536,160199536,1782864193044634,True,True
90108779,0.35400000,20.00000000,160199537,160199537,1782864193044642,True,True
90108780,0.35400000,175.06000000,160199538,160199539,1782864193044682,True,True
90108781,0.35390000,20.00000000,160199540,160199540,1782864193044812,True,True
90108782,0.35390000,57.00000000,160199541,160199541,1782864193045309,True,True
90108783,0.35390000,84.00000000,160199542,160199543,1782864193071807,True,True
90108784,0.35390000,43.13000000,160199544,160199545,1782864193088154,True,True
90108785,0.35380000,74.00000000,160199546,160199547,1782864193093672,True,True
90108786,0.35380000,74.00000000,160199548,160199548,1782864193094252,True,True
90108787,0.35380000,85.00000000,160199549,160199549,1782864193115386,True,True
90108788,0.35380000,281.95000000,160199550,160199554,1782864194032696,True,True
90108789,0.35370000,57.00000000,160199555,160199558,1782864194056587,True,True
90108790,0.35370000,127.87000000,160199559,160199561,1782864194059493,True,True
90108791,0.35370000,1122.85000000,160199562,160199564,1782864194141616,True,True
90108792,0.35370000,36.52000000,160199565,160199565,1782864196000739,True,True
90108793,0.35370000,508.91000000,160199566,160199567,1782864196002036,True,True
90108794,0.35370000,36.52000000,160199568,160199568,1782864196024521,True,True
90108795,0.35360000,3027.03000000,160199569,160199577,1782864196073450,True,True
90108796,0.35350000,347.94000000,160199578,160199583,1782864196073450,True,True
90108797,0.35350000,85.00000000,160199584,160199586,1782864196097858,True,True
90108798,0.35350000,28.58000000,160199587,160199587,1782864196099655,True,True
90108799,0.35340000,56.42000000,160199588,160199589,1782864196099655,True,True
90108800,0.35340000,85.00000000,160199590,160199590,1782864196101036,True,True
90108801,0.35340000,134.44000000,160199591,160199594,1782864196106368,True,True
90108802,0.35330000,1141.98000000,160199595,160199602,1782864196106368,True,True
90108803,0.35330000,99.95000000,160199603,160199605,1782864196106407,True,True
90108804,0.35320000,819.64000000,160199606,160199608,1782864196106698,True,True
90108805,0.35320000,169.33000000,160199609,160199614,1782864196106812,True,True
90108806,0.35310000,202.47000000,160199615,160199619,1782864196107499,True,True
90108807,0.35300000,190.52000000,160199620,160199625,1782864196108459,True,True
90108808,0.35290000,1639.68000000,160199626,160199631,1782864196108459,True,True
90108809,0.35280000,1131.74000000,160199632,160199638,1782864196108459,True,True
90108810,0.35270000,158.44000000,160199639,160199644,1782864196108459,True,True
90108811,0.35260000,1351.94000000,160199645,160199651,1782864196108459,True,True
90108812,0.35250000,1752.94000000,160199652,160199658,1782864196108459,True,True
90108813,0.35240000,573.86000000,160199659,160199665,1782864196108459,True,True
90108814,0.35230000,396.91000000,160199666,160199669,1782864196108459,True,True
90108815,0.35220000,9699.42000000,160199670,160199676,1782864196108459,True,True
90108816,0.35210000,260.64000000,160199677,160199678,1782864196108459,True,True
90108817,0.35300000,30.59000000,160199679,160199679,1782864196109760,False,True
90108818,0.35300000,364.35000000,160199680,160199681,1782864196109851,False,True
90108819,0.35310000,102.44000000,160199682,160199682,1782864196109851,False,True
90108820,0.35280000,55.67000000,160199683,160199683,1782864196111491,False,True
90108821,0.35280000,251.33000000,160199684,160199685,1782864196111499,False,True
90108822,0.35280000,8972.94000000,160199686,160199687,1782864196113615,False,True
90108823,0.35280000,114.54000000,160199688,160199689,1782864196115274,False,True
90108824,0.35280000,9148.76000000,160199690,160199691,1782864196119060,False,True
90108825,0.35290000,203.52000000,160199692,160199694,1782864196122221,False,True
90108826,0.35290000,203.52000000,160199695,160199695,1782864196122254,False,True
90108827,0.35300000,392.50000000,160199696,160199697,1782864196133392,False,True
90108828,0.35310000,328.30000000,160199698,160199700,1782864196133392,False,True
90108829,0.35320000,1863.42000000,160199701,160199705,1782864196139840,False,True
90108830,0.35310000,559.02000000,160199706,160199706,1782864196155024,True,True
90108831,0.35300000,1464.31000000,160199707,160199709,1782864196155024,True,True
90108832,0.35300000,559.02000000,160199710,160199711,1782864196155041,True,True
90108833,0.35290000,1102.40000000,160199712,160199715,1782864196155129,True,True
90108834,0.35280000,780.82000000,160199716,160199718,1782864196155129,True,True
90108835,0.35280000,270.14000000,160199719,160199720,1782864196155438,True,True
90108836,0.35270000,1619.34000000,160199721,160199726,1782864196155438,True,True
90108837,0.35310000,559.02000000,160199727,160199728,1782864196156296,True,True
90108838,0.35310000,40.29000000,160199729,160199729,1782864196156410,True,True
90108839,0.35310000,478.00000000,160199730,160199730,1782864196157127,True,True
90108840,0.35290000,21.54000000,160199731,160199731,1782864196168756,False,True
90108841,0.35280000,94.00000000,160199732,160199732,1782864196252965,True,True
90108842,0.35280000,18.00000000,160199733,160199733,1782864196253011,True,True
90108843,0.35280000,94.00000000,160199734,160199734,1782864196253121,True,True
90108844,0.35280000,94.00000000,160199735,160199735,1782864196253205,True,True
90108845,0.35280000,449.95000000,160199736,160199738,1782864196272891,True,True
90108846,0.35270000,328.29000000,160199739,160199741,1782864196272891,True,True
90108847,0.35260000,697.76000000,160199742,160199745,1782864196272891,True,True
90108848,0.35280000,592.94000000,160199746,160199747,1782864196511921,True,True
90108849,0.35280000,75.58000000,160199748,160199748,1782864196513494,False,True
90108850,0.35280000,37.90000000,160199749,160199749,1782864196801425,False,True
90108851,0.35280000,26.46000000,160199750,160199750,1782864196802633,False,True
90108852,0.35280000,771.64000000,160199751,160199754,1782864197104068,True,True
90108853,0.35270000,57.00000000,160199755,160199757,1782864197154405,True,True
90108854,0.35270000,693.73000000,160199758,160199762,1782864197235981,True,True
90108855,0.35260000,85.00000000,160199763,160199765,1782864197271218,True,True
90108856,0.35270000,619.58000000,160199766,160199767,1782864197325696,True,True
90108857,0.35280000,15.35000000,160199768,160199768,1782864197478353,False,True
90108858,0.35280000,335.43000000,160199769,160199773,1782864198047794,False,True
90108859,0.35290000,21.27000000,160199774,160199774,1782864198081895,False,True
90108860,0.35290000,217.09000000,160199775,160199775,1782864198134009,False,True
90108861,0.35280000,184.83000000,160199776,160199777,1782864198760719,True,True
90108862,0.35280000,156.49000000,160199778,160199778,1782864198872606,True,True
90108863,0.35270000,299.37000000,160199779,160199782,1782864200241922,True,True
90108864,0.35270000,27.29000000,160199783,160199783,1782864200243313,True,True
90108865,0.35260000,219.87000000,160199784,160199784,1782864200433107,True,True
90108866,0.35260000,848.27000000,160199785,160199785,1782864200434387,True,True
90108867,0.35260000,127.01000000,160199786,160199789,1782864200436217,True,True
90108868,0.35250000,86.86000000,160199790,160199793,1782864200811602,True,True
90108869,0.35240000,31.00000000,160199794,160199795,1782864200812967,True,True
90108870,0.35240000,31.00000000,160199796,160199798,1782864200813057,True,True
90108871,0.35240000,10.65000000,160199799,160199799,1782864200814440,True,True
90108872,0.35230000,51.40000000,160199800,160199802,1782864200835889,True,True
90108873,0.35230000,74.08000000,160199803,160199804,1782864201445567,False,True
90108874,0.35240000,420.17000000,160199805,160199808,1782864203296494,False,True
90108875,0.35250000,95.43000000,160199809,160199813,1782864203296842,False,True
90108876,0.35260000,35.72000000,160199814,160199814,1782864203298470,False,True
90108877,0.35260000,387.13000000,160199815,160199820,1782864203300515,False,True
90108878,0.35260000,156.49000000,160199821,160199821,1782864203306818,True,True
90108879,0.35260000,79.10000000,160199822,160199822,1782864203452718,False,True
90108880,0.35250000,28.36000000,160199823,160199823,1782864203756153,True,True
90108881,0.35240000,2063.30000000,160199824,160199828,1782864203756153,True,True
90108882,0.35250000,100.00000000,160199829,160199829,1782864204043521,True,True
90108883,0.35250000,50.04000000,160199830,160199830,1782864204070008,True,True
90108884,0.35250000,370.50000000,160199831,160199832,1782864208204684,False,True
90108885,0.35260000,78.24000000,160199833,160199833,1782864210156076,False,True
90108886,0.35260000,117.74000000,160199834,160199834,1782864212074763,False,True
90108887,0.35260000,129.94000000,160199835,160199838,1782864212076272,False,True
90108888,0.35270000,232.79000000,160199839,160199844,1782864212081081,False,True
90108889,0.35280000,335.72000000,160199845,160199852,1782864212107537,False,True
90108890,0.35290000,202.23000000,160199853,160199857,1782864212132778,False,True
90108891,0.35300000,105.76000000,160199858,160199860,1782864216059262,False,True
90108892,0.35310000,149.86000000,160199861,160199865,1782864216060815,False,True
90108893,0.35320000,15.67000000,160199866,160199866,1782864216062327,False,True
90108894,0.35320000,124.58000000,160199867,160199870,1782864217509047,False,True
90108895,0.35320000,203.42000000,160199871,160199871,1782864217529014,False,True
90108896,0.35320000,70.65000000,160199872,160199872,1782864217564077,False,True
90108897,0.35320000,17.58000000,160199873,160199873,1782864221793391,True,True
90108898,0.35330000,134.63000000,160199874,160199877,1782864224478532,False,True
90108899,0.35340000,426.56000000,160199878,160199882,1782864234703682,False,True
90108900,0.35350000,134.24000000,160199883,160199886,1782864244879960,False,True
90108901,0.35360000,106.94000000,160199887,160199889,1782864246270201,False,True
90108902,0.35370000,184.88000000,160199890,160199895,1782864246274259,False,True
90108903,0.35360000,231.87000000,160199896,160199897,1782864246276408,True,True
90108904,0.35350000,248.62000000,160199898,160199900,1782864246276987,True,True
90108905,0.35350000,174.96000000,160199901,160199901,1782864246277163,True,True
90108906,0.35350000,74.00000000,160199902,160199902,1782864246278239,True,True
90108907,0.35350000,934.79000000,160199903,160199904,1782864246279262,True,True
90108908,0.35360000,119.91000000,160199905,160199907,1782864251678139,False,True
90108909,0.35360000,95.00000000,160199908,160199910,1782864260010437,True,True
90108910,0.35370000,194.79000000,160199911,160199911,1782864272866695,False,True
90108911,0.35370000,33.03000000,160199912,160199912,1782864275467000,False,True
90108912,0.35360000,28.28000000,160199913,160199913,1782864277720777,True,True
90108913,0.35350000,123.92000000,160199914,160199914,1782864277720777,True,True
90108914,0.35360000,58.50000000,160199915,160199915,1782864286115259,True,True
90108915,0.35350000,128.17000000,160199916,160199918,1782864286118457,True,True
90108916,0.35360000,543.15000000,160199919,160199923,1782864301413821,False,True
90108917,0.35370000,134.60000000,160199924,160199927,1782864302751784,False,True
90108918,0.35380000,228.85000000,160199928,160199932,1782864308737950,False,True
90108919,0.35390000,441.20000000,160199933,160199938,1782864308808777,False,True
90108920,0.35400000,900.24000000,160199939,160199947,1782864308873669,False,True
90108921,0.35400000,351.00000000,160199948,160199949,1782864309102695,True,True
90108922,0.35390000,448.22000000,160199950,160199954,1782864309102695,True,True
90108923,0.35380000,144.99000000,160199955,160199955,1782864309102695,True,True
90108924,0.35400000,105.89000000,160199956,160199957,1782864314488388,False,True
90108925,0.35410000,232.99000000,160199958,160199963,1782864320386180,False,True
90108926,0.35420000,1055.76000000,160199964,160199971,1782864320876554,False,True
90108927,0.35420000,108.09000000,160199972,160199972,1782864327999531,True,True
90108928,0.35410000,57.00000000,160199973,160199973,1782864328014611,True,True
90108929,0.35410000,71.44000000,160199974,160199976,1782864328021069,True,True
90108930,0.35410000,1069.14000000,160199977,160199979,1782864328723637,False,True
90108931,0.35410000,941.19000000,160199980,160199982,1782864336661986,False,True
90108932,0.35400000,346.37000000,160199983,160199988,1782864340038492,True,True
90108933,0.35390000,594.82000000,160199989,160199997,1782864340038492,True,True
90108934,0.35400000,161.14000000,160199998,160199999,1782864342432055,False,True
90108935,0.35400000,14.12000000,160200000,160200000,1782864355265635,False,True
90108936,0.35390000,20.00000000,160200001,160200002,1782864360013474,True,True
90108937,0.35390000,20.00000000,160200003,160200003,1782864360013610,True,True
90108938,0.35390000,20.00000000,160200004,160200004,1782864360013628,True,True
90108939,0.35390000,20.00000000,160200005,160200006,1782864360013785,True,True
90108940,0.35390000,77.60000000,160200007,160200007,1782864360013791,True,True
90108941,0.35380000,57.00000000,160200008,160200008,1782864360014115,True,True
90108942,0.35380000,26.00000000,160200009,160200010,1782864360017049,True,True
90108943,0.35380000,26.00000000,160200011,160200012,1782864360017377,True,True
90108944,0.35380000,57.00000000,160200013,160200016,1782864360018201,True,True
90108945,0.35380000,18.00000000,160200017,160200017,1782864360019222,True,True
90108946,0.35380000,15.02000000,160200018,160200018,1782864360019518,True,True
90108947,0.35370000,10.98000000,160200019,160200019,1782864360019518,True,True
90108948,0.35370000,161.11000000,160200020,160200023,1782864366677036,True,True
90108949,0.35370000,14.40000000,160200024,160200024,1782864371077508,True,True
90108950,0.35370000,17.82000000,160200025,160200025,1782864374737725,True,True
90108951,0.35360000,39.18000000,160200026,160200026,1782864374737725,True,True
90108952,0.35360000,82.43000000,160200027,160200029,1782864374802601,True,True
90108953,0.35350000,285.58000000,160200030,160200034,1782864396567821,True,True
90108954,0.35340000,148.80000000,160200035,160200037,1782864404577440,True,True
90108955,0.35330000,42.76000000,160200038,160200040,1782864408381439,True,True
90108956,0.35330000,33.00000000,160200041,160200041,1782864409005060,True,True
90108957,0.35330000,33.00000000,160200042,160200042,1782864409005097,True,True
90108958,0.35330000,33.00000000,160200043,160200044,1782864409005137,True,True
90108959,0.35330000,33.00000000,160200045,160200045,1782864409005385,True,True
90108960,0.35330000,57.00000000,160200046,160200047,1782864409971088,True,True
90108961,0.35330000,16.74000000,160200048,160200048,1782864409971221,True,True
90108962,0.35320000,19.26000000,160200049,160200050,1782864409971221,True,True
90108963,0.35320000,115.37000000,160200051,160200053,1782864413488570,True,True
90108964,0.35320000,56.92000000,160200054,160200054,1782864421849198,True,True
90108965,0.35320000,24.47000000,160200055,160200055,1782864430915422,True,True
90108966,0.35330000,161.11000000,160200056,160200059,1782864431405803,False,True
90108967,0.35330000,1570.46000000,160200060,160200066,1782864431407212,False,True
90108968,0.35340000,164.16000000,160200067,160200072,1782864431412095,False,True
90108969,0.35340000,57.00000000,160200073,160200073,1782864432449634,True,True
90108970,0.35330000,119.06000000,160200074,160200076,1782864432861462,True,True
90108971,0.35330000,13.80000000,160200077,160200077,1782864432861871,True,True
90108972,0.35320000,43.20000000,160200078,160200078,1782864432861871,True,True
90108973,0.35320000,57.00000000,160200079,160200079,1782864432862495,True,True
90108974,0.35320000,43.00000000,160200080,160200080,1782864432862823,True,True
90108975,0.35320000,69.00000000,160200081,160200081,1782864432863426,True,True
90108976,0.35320000,121.00000000,160200082,160200086,1782864432863712,True,True
90108977,0.35320000,13.01000000,160200087,160200087,1782864432863730,True,True
90108978,0.35310000,107.99000000,160200088,160200090,1782864432863730,True,True
90108979,0.35310000,52.00000000,160200091,160200091,1782864432863821,True,True
90108980,0.35320000,875.27000000,160200092,160200094,1782864433770660,False,True
90108981,0.35320000,138.76000000,160200095,160200096,1782864441339104,True,True
90108982,0.35320000,19.03000000,160200097,160200097,1782864441339521,True,True
90108983,0.35310000,66.72000000,160200098,160200098,1782864441339521,True,True
90108984,0.35330000,869.78000000,160200099,160200104,1782864479379804,False,True
90108985,0.35330000,376.42000000,160200105,160200106,1782864479381448,False,True
90108986,0.35330000,249.24000000,160200107,160200108,1782864479382185,False,True
90108987,0.35330000,29.49000000,160200109,160200109,1782864479384255,False,True
90108988,0.35330000,44.48000000,160200110,160200110,1782864479384457,False,True
90108989,0.35340000,1644.36000000,160200111,160200121,1782864481443180,False,True
90108990,0.35330000,80.80000000,160200122,160200123,1782864492895967,True,True
90108991,0.35330000,46.00000000,160200124,160200125,1782864492898405,True,True
90108992,0.35330000,46.00000000,160200126,160200126,1782864492898553,True,True
90108993,0.35330000,46.00000000,160200127,160200128,1782864492898635,True,True
90108994,0.35330000,46.00000000,160200129,160200129,1782864492898778,True,True
90108995,0.35330000,17.00000000,160200130,160200130,1782864492898837,True,True
90108996,0.35330000,23.31000000,160200131,160200131,1782864492898979,True,True
90108997,0.35320000,33.69000000,160200132,160200132,1782864492898979,True,True
90108998,0.35320000,57.00000000,160200133,160200134,1782864492899302,True,True
90108999,0.35320000,57.00000000,160200135,160200138,1782864492899432,True,True
90109000,0.35320000,64.23000000,160200139,160200140,1782864512138512,True,True
90109001,0.35310000,237.77000000,160200141,160200145,1782864512138512,True,True
90109002,0.35310000,22.22000000,160200146,160200146,1782864525317916,True,True
90109003,0.35330000,16.95000000,160200147,160200147,1782864537538685,False,True
90109004,0.35330000,2094.77000000,160200148,160200160,1782864547768058,False,True
90109005,0.35340000,18.70000000,160200161,160200161,1782864547873611,False,True
90109006,0.35340000,707.41000000,160200162,160200169,1782864548349527,False,True
90109007,0.35340000,55.00000000,160200170,160200170,1782864548515120,True,True
90109008,0.35340000,32.38000000,160200171,160200171,1782864548515625,True,True
90109009,0.35330000,18.62000000,160200172,160200172,1782864548515625,True,True
90109010,0.35330000,19.00000000,160200173,160200174,1782864548515643,True,True
90109011,0.35340000,282.96000000,160200175,160200175,1782864549950236,False,True
90109012,0.35350000,1776.81000000,160200176,160200188,1782864556858919,False,True
90109013,0.35360000,2471.41000000,160200189,160200198,1782864556858919,False,True
90109014,0.35360000,187.08000000,160200199,160200199,1782864556860544,False,True
90109015,0.35360000,248.24000000,160200200,160200200,1782864556861578,False,True
90109016,0.35360000,93.31000000,160200201,160200202,1782864556861937,False,True
90109017,0.35360000,631.26000000,160200203,160200204,1782864556862276,False,True
90109018,0.35370000,186.09000000,160200205,160200209,1782864556926637,False,True
90109019,0.35380000,744.72000000,160200210,160200218,1782864561879537,False,True
90109020,0.35380000,248.24000000,160200219,160200219,1782864561879684,False,True
90109021,0.35390000,21.90000000,160200220,160200221,1782864565548921,False,True
90109022,0.35380000,696.50000000,160200222,160200223,1782864578793566,True,True
90109023,0.35370000,293.00000000,160200224,160200226,1782864582331901,True,True
90109024,0.35380000,1657.88000000,160200227,160200237,1782864613365467,False,True
90109025,0.35390000,1528.35000000,160200238,160200242,1782864617532398,False,True
90109026,0.35400000,1652.07000000,160200243,160200253,1782864648903412,False,True
90109027,0.35410000,128.30000000,160200254,160200257,1782864660742013,False,True
90109028,0.35410000,17.62000000,160200258,160200258,1782864677288456,True,True
90109029,0.35410000,17.62000000,160200259,160200259,1782864688729867,True,True
90109030,0.35410000,315.89000000,160200260,160200262,1782864706346132,True,True
90109031,0.35400000,130.10000000,160200263,160200266,1782864710791091,True,True
90109032,0.35400000,184.35000000,160200267,160200268,1782864710791297,True,True
90109033,0.35390000,349.23000000,160200269,160200273,1782864711171299,True,True
90109034,0.35380000,341.77000000,160200274,160200278,1782864715912032,True,True
90109035,0.35380000,57.00000000,160200279,160200279,1782864720990405,True,True
90109036,0.35380000,11.35000000,160200280,160200280,1782864720990744,True,True
90109037,0.35370000,45.65000000,160200281,160200281,1782864720990744,True,True
90109038,0.35370000,57.00000000,160200282,160200284,1782864720990784,True,True
90109039,0.35370000,57.00000000,160200285,160200286,1782864720991341,True,True
90109040,0.35370000,221.99000000,160200287,160200288,1782864722097741,True,True
90109041,0.35370000,44.39000000,160200289,160200289,1782864722100936,True,True
90109042,0.35360000,27.00000000,160200290,160200291,1782864723478892,True,True
90109043,0.35360000,23.00000000,160200292,160200293,1782864723479023,True,True
90109044,0.35360000,23.00000000,160200294,160200294,1782864723479037,True,True
90109045,0.35360000,23.00000000,160200295,160200295,1782864723479148,True,True
90109046,0.35360000,57.00000000,160200296,160200298,1782864723479372,True,True
90109047,0.35360000,17.90000000,160200299,160200299,1782864723479469,True,True
90109048,0.35350000,37.10000000,160200300,160200300,1782864723479469,True,True
90109049,0.35350000,57.00000000,160200301,160200303,1782864723479613,True,True
90109050,0.35350000,57.00000000,160200304,160200306,1782864723479866,True,True
90109051,0.35360000,22.60000000,160200307,160200307,1782864725250500,True,True
90109052,0.35360000,57.00000000,160200308,160200309,1782864728162315,True,True
90109053,0.35360000,2.73000000,160200310,160200310,1782864728162369,True,True
90109054,0.35350000,54.27000000,160200311,160200311,1782864728162369,True,True
90109055,0.35360000,353.88000000,160200312,160200313,1782864736329558,False,True
90109056,0.35370000,14.26000000,160200314,160200314,1782864740051944,False,True
90109057,0.35370000,211.24000000,160200315,160200320,1782864745490974,False,True
90109058,0.35370000,18.67000000,160200321,160200321,1782864758562966,True,True
90109059,0.35370000,28.27000000,160200322,160200322,1782864758609062,True,True
90109060,0.35370000,112.36000000,160200323,160200325,1782864771531544,True,True
90109061,0.35360000,178.52000000,160200326,160200330,1782864778548466,True,True
90109062,0.35350000,311.66000000,160200331,160200335,1782864778901997,True,True
90109063,0.35350000,62.33000000,160200336,160200336,1782864778905056,True,True
90109064,0.35360000,27.89000000,160200337,160200337,1782864796294294,False,True
90109065,0.35360000,48.07000000,160200338,160200338,1782864796295132,False,True
90109066,0.35370000,18.67000000,160200339,160200339,1782864796397513,False,True
90109067,0.35370000,122.27000000,160200340,160200343,1782864796400368,False,True
90109068,0.35380000,177.16000000,160200344,160200349,1782864812210207,False,True
90109069,0.35390000,404.39000000,160200350,160200355,1782864828220435,False,True
90109070,0.35400000,1667.75000000,160200356,160200367,1782864828255466,False,True
90109071,0.35410000,512.52000000,160200368,160200373,1782864835390675,False,True
90109072,0.35410000,1105.85000000,160200374,160200378,1782864835390965,False,True
90109073,0.35420000,18.66000000,160200379,160200380,1782864835488700,False,True
90109074,0.35420000,194.15000000,160200381,160200384,1782864836222632,False,True
90109075,0.35420000,1222.95000000,160200385,160200390,1782864836223921,False,True
90109076,0.35420000,194.15000000,160200391,160200391,1782864836223992,False,True
90109077,0.35430000,18.65000000,160200392,160200392,1782864844075650,False,True
90109078,0.35430000,77.05000000,160200393,160200396,1782864851979953,False,True
90109079,0.35440000,89.73000000,160200397,160200401,1782864853872716,False,True
90109080,0.35440000,139.11000000,160200402,160200404,1782864853873134,False,True
90109081,0.35450000,1047.39000000,160200405,160200411,1782864853875308,False,True
90109082,0.35450000,342.03000000,160200412,160200416,1782864883199079,True,True
90109083,0.35450000,68.40000000,160200417,160200417,1782864883229911,True,True
90109084,0.35450000,58.50000000,160200418,160200418,1782864893565934,True,True
90109085,0.35440000,157.91000000,160200419,160200422,1782864893580726,True,True
90109086,0.35440000,170.51000000,160200423,160200423,1782864893585489,False,True
90109087,0.35430000,57.00000000,160200424,160200424,1782864893595082,True,True
90109088,0.35430000,57.00000000,160200425,160200426,1782864893611453,True,True
90109089,0.35430000,144.07000000,160200427,160200431,1782864893621275,True,True
90109090,0.35440000,78.03000000,160200432,160200432,1782864904291041,False,True
90109091,0.35450000,88.79000000,160200433,160200434,1782864910717057,False,True
90109092,0.35450000,34.58000000,160200435,160200436,1782864910717282,False,True
90109093,0.35450000,65.57000000,160200437,160200437,1782864910717929,False,True
90109094,0.35450000,413.60000000,160200438,160200439,1782864910718739,False,True
90109095,0.35460000,31.67000000,160200440,160200442,1782864910795398,False,True
90109096,0.35460000,100.43000000,160200443,160200446,1782864910797952,False,True
90109097,0.35460000,47.19000000,160200447,160200447,1782864910799466,False,True
90109098,0.35470000,181.27000000,160200448,160200451,1782864914339911,False,True
90109099,0.35480000,18.63000000,160200452,160200452,1782864914432847,False,True
90109100,0.35480000,27.28000000,160200453,160200455,1782864914436223,False,True
90109101,0.35480000,135.87000000,160200456,160200457,1782864914817275,False,True
90109102,0.35480000,58.50000000,160200458,160200458,1782864939657585,True,True
90109103,0.35470000,258.65000000,160200459,160200463,1782864944553362,True,True
90109104,0.35460000,405.73000000,160200464,160200468,1782864948148051,True,True
90109105,0.35450000,128.52000000,160200469,160200472,1782864950502540,True,True
90109106,0.35450000,17.00000000,160200473,160200473,1782864956098307,True,True
90109107,0.35450000,44.00000000,160200474,160200476,1782864956577545,True,True
90109108,0.35450000,44.00000000,160200477,160200477,1782864956577609,True,True
90109109,0.35450000,27.00000000,160200478,160200479,1782864956577762,True,True
90109110,0.35450000,44.00000000,160200480,160200481,1782864956930267,True,True
90109111,0.35460000,78.51000000,160200482,160200482,1782864961996561,False,True
90109112,0.35470000,295.73000000,160200483,160200489,1782864987065849,False,True
90109113,0.35480000,65.08000000,160200490,160200493,1782865028879725,False,True
90109114,0.35480000,297.42000000,160200494,160200495,1782865028880429,False,True
90109115,0.35480000,119.12000000,160200496,160200496,1782865028880596,False,True
90109116,0.35480000,603.19000000,160200497,160200499,1782865028880728,False,True
90109117,0.35480000,136.91000000,160200500,160200500,1782865028881572,False,True
90109118,0.35480000,111.33000000,160200501,160200501,1782865028881743,False,True
90109119,0.35490000,168.71000000,160200502,160200507,1782865029516769,False,True
90109120,0.35490000,1300.00000000,160200508,160200513,1782865029517879,False,True
90109121,0.35490000,173.51000000,160200514,160200514,1782865029518480,False,True
90109122,0.35500000,18.61000000,160200515,160200515,1782865036426868,False,True
90109123,0.35500000,1600.51000000,160200516,160200525,1782865038841732,False,True
90109124,0.35510000,186.54000000,160200526,160200531,1782865047449611,False,True
90109125,0.35520000,281.53000000,160200532,160200539,1782865056523175,False,True
90109126,0.35510000,37.00000000,160200540,160200540,1782865070243985,True,True
90109127,0.35510000,37.00000000,160200541,160200542,1782865070244175,True,True
90109128,0.35510000,184.00000000,160200543,160200544,1782865070244191,True,True
90109129,0.35500000,37.00000000,160200545,160200546,1782865070244292,True,True
90109130,0.35500000,37.00000000,160200547,160200547,1782865070244631,True,True
90109131,0.35500000,56.00000000,160200548,160200549,1782865070244721,True,True
90109132,0.35500000,41.79000000,160200550,160200552,1782865070244840,True,True
90109133,0.35490000,14.21000000,160200553,160200553,1782865070244840,True,True
90109134,0.35510000,35.00000000,160200554,160200554,1782865101393051,True,True
90109135,0.35510000,35.00000000,160200555,160200555,1782865101393983,True,True
90109136,0.35510000,15.00000000,160200556,160200556,1782865103445109,True,True
90109137,0.35510000,15.00000000,160200557,160200557,1782865103445684,True,True
90109138,0.35510000,15.00000000,160200558,160200558,1782865103445971,True,True
90109139,0.35510000,281.24000000,160200559,160200562,1782865107888105,True,True
90109140,0.35500000,365.22000000,160200563,160200565,1782865128518151,True,True
90109141,0.35490000,28.00000000,160200566,160200566,1782865128518169,True,True
90109142,0.35490000,56.00000000,160200567,160200570,1782865128518317,True,True
90109143,0.35490000,43.00000000,160200571,160200571,1782865128518430,True,True
90109144,0.35500000,28.00000000,160200572,160200572,1782865128519259,True,True
90109145,0.35500000,45.04000000,160200573,160200573,1782865128519612,True,True
90109146,0.35490000,10.96000000,160200574,160200574,1782865128519612,True,True
90109147,0.35490000,24.37000000,160200575,160200575,1782865128522200,True,True
90109148,0.35480000,197.22000000,160200576,160200581,1782865128547468,True,True
90109149,0.35470000,54.53000000,160200582,160200582,1782865128547468,True,True
90109150,0.35480000,39.44000000,160200583,160200583,1782865128558847,True,True
90109151,0.35470000,467.08000000,160200584,160200588,1782865128558847,True,True
90109152,0.35470000,56.00000000,160200589,160200590,1782865128637409,True,True
90109153,0.35470000,17.65000000,160200591,160200591,1782865134788476,True,True
90109154,0.35470000,540.83000000,160200592,160200592,1782865138850062,True,True
90109155,0.35470000,126.29000000,160200593,160200594,1782865138850236,True,True
90109156,0.35460000,96.00000000,160200595,160200600,1782865138851236,True,True
90109157,0.35460000,91.53000000,160200601,160200601,1782865138851299,True,True
90109158,0.35450000,4.47000000,160200602,160200602,1782865138851299,True,True
90109159,0.35450000,96.00000000,160200603,160200605,1782865138851552,True,True
90109160,0.35450000,96.00000000,160200606,160200608,1782865138851564,True,True
90109161,0.35450000,56.00000000,160200609,160200610,1782865138851938,True,True
90109162,0.35450000,56.00000000,160200611,160200612,1782865138851944,True,True
90109163,0.35460000,20.00000000,160200613,160200613,1782865140084469,True,True
90109164,0.35460000,28.00000000,160200614,160200615,1782865140885652,True,True
90109165,0.35460000,34.00000000,160200616,160200616,1782865140885743,True,True
90109166,0.35450000,2.00000000,160200617,160200617,1782865140885743,True,True
90109167,0.35450000,890.89000000,160200618,160200623,1782865145265474,True,True
90109168,0.35440000,529.40000000,160200624,160200630,1782865145265474,True,True
90109169,0.35440000,21.00000000,160200631,160200631,1782865189082289,True,True
90109170,0.35440000,59.00000000,160200632,160200632,1782865190084798,True,True
90109171,0.35440000,28.00000000,160200633,160200633,1782865191084267,True,True
90109172,0.35440000,31.00000000,160200634,160200634,1782865191084500,True,True
90109173,0.35440000,59.00000000,160200635,160200635,1782865192082326,True,True
90109174,0.35440000,41.00000000,160200636,160200636,1782865193082338,True,True
90109175,0.35440000,18.00000000,160200637,160200637,1782865193082578,True,True
90109176,0.35440000,59.00000000,160200638,160200638,1782865194083814,True,True
90109177,0.35440000,51.00000000,160200639,160200639,1782865195082218,True,True
90109178,0.35440000,57.00000000,160200640,160200640,1782865196081831,True,True
90109179,0.35440000,56.42000000,160200641,160200642,1782865196083188,True,True
90109180,0.35430000,47.00000000,160200643,160200645,1782865203607258,True,True
90109181,0.35430000,43.00000000,160200646,160200646,1782865203608151,True,True
90109182,0.35430000,23.00000000,160200647,160200647,1782865204189058,True,True
90109183,0.35430000,47.00000000,160200648,160200648,1782865204189293,True,True
90109184,0.35430000,146.35000000,160200649,160200649,1782865204213836,True,True
90109185,0.35430000,24.00000000,160200650,160200651,1782865204904168,True,True
90109186,0.35450000,475.51000000,160200652,160200655,1782865235281440,False,True
90109187,0.35450000,33.68000000,160200656,160200656,1782865235287485,False,True
90109188,0.35450000,234.19000000,160200657,160200657,1782865237430843,True,True
90109189,0.35450000,196.28000000,160200658,160200659,1782865241856637,True,True
90109190,0.35440000,153.17000000,160200660,160200662,1782865254089621,True,True
90109191,0.35430000,177.24000000,160200663,160200665,1782865275026728,True,True
90109192,0.35430000,159.00000000,160200666,160200668,1782865275028798,True,True
90109193,0.35430000,31.80000000,160200669,160200669,1782865275031664,True,True
90109194,0.35420000,26.20000000,160200670,160200671,1782865275031664,True,True
90109195,0.35420000,57.00000000,160200672,160200675,1782865275032217,True,True
90109196,0.35420000,103.51000000,160200676,160200677,1782865275076356,True,True
90109197,0.35410000,65.66000000,160200678,160200678,1782865275076356,True,True
90109198,0.35420000,20.70000000,160200679,160200679,1782865282405158,True,True
90109199,0.35410000,2.30000000,160200680,160200680,1782865282405158,True,True
90109200,0.35410000,57.00000000,160200681,160200681,1782865282405491,True,True
90109201,0.35410000,124.96000000,160200682,160200686,1782865291495509,True,True
90109202,0.35410000,122.37000000,160200687,160200688,1782865291496857,True,True
90109203,0.35400000,33.00000000,160200689,160200691,1782865299515832,True,True
90109204,0.35400000,33.00000000,160200692,160200692,1782865299515959,True,True
90109205,0.35400000,33.00000000,160200693,160200693,1782865299517038,True,True
90109206,0.35400000,33.00000000,160200694,160200695,1782865299519257,True,True
90109207,0.35390000,57.00000000,160200696,160200696,1782865299548266,True,True
90109208,0.35390000,146.52000000,160200697,160200701,1782865312606862,True,True
90109209,0.35390000,18.65000000,160200702,160200703,1782865312610094,True,True
90109210,0.35390000,30.95000000,160200704,160200704,1782865312624011,True,True
90109211,0.35390000,57.00000000,160200705,160200705,1782865312631261,True,True
90109212,0.35390000,40.45000000,160200706,160200706,1782865312631444,True,True
90109213,0.35380000,40.00000000,160200707,160200709,1782865312643575,True,True
90109214,0.35380000,57.00000000,160200710,160200712,1782865312659411,True,True
90109215,0.35380000,78.90000000,160200713,160200714,1782865312678332,True,True
90109216,0.35380000,144.50000000,160200715,160200717,1782865312678661,True,True
90109217,0.35370000,40.00000000,160200718,160200720,1782865312687883,True,True
90109218,0.35370000,40.00000000,160200721,160200722,1782865312712680,True,True
90109219,0.35370000,40.00000000,160200723,160200723,1782865312712705,True,True
90109220,0.35380000,28.23000000,160200724,160200724,1782865312715807,True,True
90109221,0.35370000,636.29000000,160200725,160200730,1782865312821535,True,True
90109222,0.35370000,26.47000000,160200731,160200731,1782865313028661,True,True
90109223,0.35380000,716.25000000,160200732,160200733,1782865313654969,False,True
90109224,0.35390000,158.72000000,160200734,160200738,1782865313857908,False,True
90109225,0.35390000,297.93000000,160200739,160200739,1782865313859736,False,True
90109226,0.35390000,135.67000000,160200740,160200741,1782865316496105,True,True
90109227,0.35380000,57.00000000,160200742,160200742,1782865316516028,True,True
90109228,0.35380000,53.00000000,160200743,160200745,1782865316521666,True,True
90109229,0.35380000,53.00000000,160200746,160200748,1782865316521784,True,True
90109230,0.35380000,57.00000000,160200749,160200749,1782865316522327,True,True
90109231,0.35380000,53.00000000,160200750,160200750,1782865316523479,True,True
90109232,0.35380000,25.87000000,160200751,160200751,1782865316526468,True,True
90109233,0.35370000,27.13000000,160200752,160200752,1782865316526468,True,True
90109234,0.35370000,34.00000000,160200753,160200756,1782865318152180,True,True
90109235,0.35370000,18.65000000,160200757,160200757,1782865319728500,True,True
90109236,0.35370000,34.00000000,160200758,160200758,1782865320270751,True,True
90109237,0.35370000,29.00000000,160200759,160200760,1782865320271044,True,True
90109238,0.35370000,29.00000000,160200761,160200761,1782865322201744,True,True
90109239,0.35370000,42.00000000,160200762,160200762,1782865322821919,True,True
90109240,0.35380000,639.21000000,160200763,160200764,1782865323965246,False,True
90109241,0.35380000,23.00000000,160200765,160200765,1782865325521678,True,True
90109242,0.35380000,21.00000000,160200766,160200766,1782865325777416,True,True
90109243,0.35380000,18.00000000,160200767,160200767,1782865325994105,True,True
90109244,0.35380000,17.00000000,160200768,160200768,1782865326257910,True,True
90109245,0.35380000,15.00000000,160200769,160200769,1782865326486935,True,True
90109246,0.35380000,15.00000000,160200770,160200770,1782865326714038,True,True
90109247,0.35380000,123.32000000,160200771,160200772,1782865326715188,True,True
90109248,0.35370000,33.51000000,160200773,160200774,1782865329004948,True,True
90109249,0.35370000,23.00000000,160200775,160200775,1782865329008124,True,True
90109250,0.35370000,60.00000000,160200776,160200777,1782865329008613,True,True
90109251,0.35370000,30.00000000,160200778,160200779,1782865329008633,True,True
90109252,0.35360000,15.00000000,160200780,160200781,1782865329038241,True,True
90109253,0.35360000,26.00000000,160200782,160200783,1782865340678521,True,True
90109254,0.35360000,26.00000000,160200784,160200784,1782865340678531,True,True
90109255,0.35360000,28.00000000,160200785,160200786,1782865340678766,True,True
90109256,0.35360000,26.00000000,160200787,160200788,1782865340678829,True,True
90109257,0.35360000,57.00000000,160200789,160200789,1782865340679308,True,True
90109258,0.35360000,131.36000000,160200790,160200791,1782865340711787,True,True
90109259,0.35350000,62.60000000,160200792,160200792,1782865340711787,True,True
90109260,0.35360000,24.00000000,160200793,160200793,1782865345902313,True,True
90109261,0.35360000,39.75000000,160200794,160200795,1782865345902320,True,True
90109262,0.35350000,0.25000000,160200796,160200796,1782865345902320,True,True
90109263,0.35350000,40.00000000,160200797,160200797,1782865345902345,True,True
90109264,0.35350000,24.00000000,160200798,160200798,1782865345902423,True,True
90109265,0.35350000,57.00000000,160200799,160200799,1782865345902883,True,True
90109266,0.35350000,17.00000000,160200800,160200801,1782865351085740,True,True
90109267,0.35350000,41.00000000,160200802,160200803,1782865351085889,True,True
90109268,0.35350000,24.00000000,160200804,160200804,1782865351195547,True,True
90109269,0.35350000,15.00000000,160200805,160200805,1782865351195563,True,True
90109270,0.35350000,41.00000000,160200806,160200807,1782865351195574,True,True
90109271,0.35350000,33.75000000,160200808,160200808,1782865351195606,True,True
90109272,0.35340000,7.25000000,160200809,160200809,1782865351195606,True,True
90109273,0.35340000,57.00000000,160200810,160200813,1782865351195923,True,True
90109274,0.35340000,51.00000000,160200814,160200814,1782865352644978,True,True
90109275,0.35340000,21.00000000,160200815,160200815,1782865357275506,True,True
90109276,0.35340000,24.00000000,160200816,160200816,1782865360887687,True,True
90109277,0.35340000,18.68000000,160200817,160200817,1782865361523414,True,True
90109278,0.35340000,18.68000000,160200818,160200818,1782865364922974,True,True
90109279,0.35340000,76.87000000,160200819,160200821,1782865364924243,True,True
90109280,0.35330000,32.00000000,160200822,160200823,1782865364924929,True,True
90109281,0.35330000,19.00000000,160200824,160200825,1782865364925301,True,True
90109282,0.35330000,19.00000000,160200826,160200827,1782865364925459,True,True
90109283,0.35330000,26.00000000,160200828,160200828,1782865364925561,True,True
90109284,0.35330000,57.00000000,160200829,160200829,1782865364926205,True,True
90109285,0.35330000,18.68000000,160200830,160200830,1782865367056389,True,True
90109286,0.35330000,18.68000000,160200831,160200832,1782865370137175,True,True
90109287,0.35330000,20.00000000,160200833,160200833,1782865371703158,True,True
90109288,0.35330000,19.00000000,160200834,160200834,1782865374323775,True,True
90109289,0.35330000,31.00000000,160200835,160200835,1782865375182162,True,True
90109290,0.35330000,58.00000000,160200836,160200836,1782865375182363,True,True
90109291,0.35330000,60.06000000,160200837,160200838,1782865375182474,True,True
90109292,0.35320000,11.94000000,160200839,160200839,1782865375182474,True,True
90109293,0.35320000,72.00000000,160200840,160200840,1782865375182477,True,True
90109294,0.35320000,57.00000000,160200841,160200841,1782865375182813,True,True
90109295,0.35320000,18.68000000,160200842,160200843,1782865378135791,True,True
90109296,0.35320000,156.00000000,160200844,160200844,1782865384048552,True,True
90109297,0.35320000,17.00000000,160200845,160200845,1782865384048631,True,True
90109298,0.35320000,16.00000000,160200846,160200846,1782865385445916,True,True
90109299,0.35330000,216.84000000,160200847,160200847,1782865388318386,True,True
90109300,0.35340000,18.70000000,160200848,160200849,1782865396761984,False,True
90109301,0.35330000,202.68000000,160200850,160200851,1782865398390454,True,True
90109302,0.35320000,312.43000000,160200852,160200852,1782865398390454,True,True
90109303,0.35330000,59.42000000,160200853,160200853,1782865398414664,False,True
90109304,0.35330000,64.58000000,160200854,160200854,1782865398414959,False,True
90109305,0.35340000,50.24000000,160200855,160200855,1782865398415027,False,True
90109306,0.35330000,166.04000000,160200856,160200858,1782865404906221,True,True
90109307,0.35340000,34.88000000,160200859,160200860,1782865413559064,False,True
90109308,0.35340000,55.63000000,160200861,160200861,1782865413561752,False,True
90109309,0.35330000,123.00000000,160200862,160200863,1782865422224042,True,True
90109310,0.35330000,129.00000000,160200864,160200864,1782865422224325,True,True
90109311,0.35330000,156.00000000,160200865,160200866,1782865422224490,True,True
90109312,0.35330000,57.00000000,160200867,160200867,1782865422224608,True,True
90109313,0.35330000,105.04000000,160200868,160200869,1782865422224706,True,True
90109314,0.35320000,122.00000000,160200870,160200870,1782865422224935,True,True
90109315,0.35330000,18.68000000,160200871,160200871,1782865422233000,True,True
90109316,0.35330000,20.96000000,160200872,160200872,1782865422852275,True,True
90109317,0.35320000,223.00000000,160200873,160200876,1782865422867155,True,True
90109318,0.35320000,144.00000000,160200877,160200879,1782865422868458,True,True
90109319,0.35320000,34.00000000,160200880,160200880,1782865422946924,True,True
90109320,0.35320000,16.58000000,160200881,160200881,1782865423005290,True,True
90109321,0.35310000,22.42000000,160200882,160200882,1782865423005290,True,True
90109322,0.35310000,57.00000000,160200883,160200883,1782865423026027,True,True
90109323,0.35310000,57.00000000,160200884,160200884,1782865423027718,True,True
90109324,0.35310000,57.00000000,160200885,160200885,1782865423041777,True,True
90109325,0.35310000,57.00000000,160200886,160200886,1782865423046414,True,True
90109326,0.35310000,57.00000000,160200887,160200888,1782865423046505,True,True
90109327,0.35310000,57.00000000,160200889,160200892,1782865423049038,True,True
90109328,0.35310000,57.00000000,160200893,160200894,1782865423052048,True,True
90109329,0.35310000,57.00000000,160200895,160200897,1782865423061980,True,True
90109330,0.35310000,57.00000000,160200898,160200898,1782865423066869,True,True
90109331,0.35310000,18.00000000,160200899,160200899,1782865424139005,True,True
90109332,0.35320000,2692.40000000,160200900,160200910,1782865425152822,False,True
90109333,0.35320000,248.75000000,160200911,160200913,1782865441749117,True,True
90109334,0.35320000,120.12000000,160200914,160200915,1782865441749300,True,True
90109335,0.35320000,223.04000000,160200916,160200916,1782865441749811,True,True
90109336,0.35310000,25.31000000,160200917,160200917,1782865441749811,True,True
90109337,0.35310000,128.00000000,160200918,160200918,1782865441752897,True,True
90109338,0.35310000,125.41000000,160200919,160200919,1782865441769066,True,True
90109339,0.35310000,248.86000000,160200920,160200925,1782865441777533,True,True
90109340,0.35320000,72.86000000,160200926,160200926,1782865514626947,False,True
90109341,0.35320000,219.37000000,160200927,160200927,1782865526431162,True,True
90109342,0.35320000,140.07000000,160200928,160200928,1782865537808214,True,True
90109343,0.35310000,240.79000000,160200929,160200933,1782865538067077,True,True
90109344,0.35300000,370.22000000,160200934,160200940,1782865539915496,True,True
90109345,0.35290000,2264.86000000,160200941,160200948,1782865539920332,True,True
90109346,0.35290000,98.71000000,160200949,160200949,1782865539928573,True,True
90109347,0.35290000,134.25000000,160200950,160200950,1782865539934435,True,True
90109348,0.35290000,278.51000000,160200951,160200951,1782865539935158,True,True
90109349,0.35280000,31.09000000,160200952,160200954,1782865539942077,True,True
90109350,0.35280000,28.10000000,160200955,160200956,1782865539960903,True,True
90109351,0.35280000,523.52000000,160200957,160200961,1782865539970524,True,True
90109352,0.35270000,117.54000000,160200962,160200965,1782865540360277,True,True
90109353,0.35280000,646.53000000,160200966,160200967,1782865541174909,False,True
90109354,0.35290000,304.47000000,160200968,160200973,1782865548292446,False,True
90109355,0.35300000,107.66000000,160200974,160200978,1782865548297140,False,True
90109356,0.35300000,90.64000000,160200979,160200980,1782865548341086,False,True
90109357,0.35310000,1032.75000000,160200981,160200988,1782865551993763,False,True
90109358,0.35300000,838.71000000,160200989,160200993,1782865562190870,True,True
90109359,0.35290000,18.71000000,160200994,160200994,1782865562194987,True,True
90109360,0.35310000,18.71000000,160200995,160200996,1782865562708563,False,True
90109361,0.35300000,69.57000000,160200997,160200998,1782865582037177,True,True
90109362,0.35300000,23.90000000,160200999,160200999,1782865582048103,True,True
90109363,0.35300000,307.17000000,160201000,160201002,1782865582057270,True,True
90109364,0.35300000,17.25000000,160201003,160201003,1782865592612134,True,True
90109365,0.35300000,57.00000000,160201004,160201004,1782865604127077,True,True
90109366,0.35300000,1.50000000,160201005,160201005,1782865604127383,True,True
90109367,0.35290000,55.50000000,160201006,160201006,1782865604127383,True,True
90109368,0.35290000,18.71000000,160201007,160201007,1782865622333656,True,True
90109369,0.35310000,75.54000000,160201008,160201008,1782865650639399,False,True
90109370,0.35310000,69.56000000,160201009,160201009,1782865651331454,False,True
90109371,0.35300000,58.50000000,160201010,160201010,1782865654296447,True,True
90109372,0.35300000,351.00000000,160201011,160201012,1782865679740622,True,True
90109373,0.35310000,41.29000000,160201013,160201014,1782865686792840,False,True
90109374,0.35310000,55.90000000,160201015,160201015,1782865686794669,False,True
90109375,0.35310000,142.73000000,160201016,160201017,1782865686816481,False,True
90109376,0.35320000,109.71000000,160201018,160201020,1782865689083971,False,True
90109377,0.35320000,18.71000000,160201021,160201021,1782865689095594,False,True
90109378,0.35320000,1528.27000000,160201022,160201025,1782865689111130,False,True
90109379,0.35330000,20.44000000,160201026,160201027,1782865695186906,False,True
90109380,0.35330000,47.76000000,160201028,160201029,1782865696110491,False,True
90109381,0.35330000,20.25000000,160201030,160201030,1782865696111414,False,True
90109382,0.35330000,32.37000000,160201031,160201031,1782865696442052,False,True
90109383,0.35340000,109.72000000,160201032,160201034,1782865696446986,False,True
90109384,0.35340000,15.57000000,160201035,160201035,1782865710838596,False,True
90109385,0.35350000,163.17000000,160201036,160201040,1782865710842569,False,True
90109386,0.35360000,106.02000000,160201041,160201043,1782865726133582,False,True
90109387,0.35370000,128.16000000,160201044,160201047,1782865726178458,False,True
90109388,0.35380000,109.73000000,160201048,160201051,1782865761664834,False,True
90109389,0.35380000,10.74000000,160201052,160201052,1782865761665278,False,True
90109390,0.35390000,18.66000000,160201053,160201054,1782865802442335,False,True
90109391,0.35390000,122.85000000,160201055,160201057,1782865806626190,False,True
90109392,0.35390000,158.76000000,160201058,160201060,1782865809172150,True,True
90109393,0.35380000,20.00000000,160201061,160201061,1782865809174423,True,True
90109394,0.35380000,283.77000000,160201062,160201069,1782865809174449,True,True
90109395,0.35380000,20.00000000,160201070,160201070,1782865809174552,True,True
90109396,0.35380000,16.75000000,160201071,160201071,1782865809174687,True,True
90109397,0.35380000,18.66000000,160201072,160201073,1782865823938763,False,True
90109398,0.35380000,14.85000000,160201074,160201074,1782865823943391,False,True
90109399,0.35390000,133.99000000,160201075,160201078,1782865838719921,False,True
90109400,0.35400000,121.61000000,160201079,160201082,1782865844384286,False,True
90109401,0.35410000,150.84000000,160201083,160201087,1782865852804477,False,True
90109402,0.35420000,122.00000000,160201088,160201091,1782865862312103,False,True
90109403,0.35430000,250.05000000,160201092,160201097,1782865863161370,False,True
90109404,0.35440000,193.75000000,160201098,160201104,1782865863164138,False,True
90109405,0.35450000,394.76000000,160201105,160201108,1782865863433118,False,True
90109406,0.35450000,564.26000000,160201109,160201110,1782865866175679,False,True
90109407,0.35450000,95.24000000,160201111,160201113,1782865866175942,False,True
90109408,0.35460000,122.79000000,160201114,160201117,1782865870654135,False,True
90109409,0.35470000,123.77000000,160201118,160201121,1782865871305550,False,True
90109410,0.35480000,18.63000000,160201122,160201123,1782865875829728,False,True
90109411,0.35470000,203.99000000,160201124,160201126,1782865879558137,True,True
90109412,0.35460000,24.56000000,160201127,160201128,1782865880606671,True,True
90109413,0.35460000,46.03000000,160201129,160201129,1782865880608041,True,True
90109414,0.35460000,42.08000000,160201130,160201131,1782865880609382,True,True
90109415,0.35450000,236.29000000,160201132,160201136,1782865883242323,True,True
90109416,0.35440000,191.21000000,160201137,160201141,1782865888812363,True,True
90109417,0.35430000,1809.03000000,160201142,160201151,1782865888812363,True,True
90109418,0.35440000,18.63000000,160201152,160201152,1782865902153271,False,True
90109419,0.35450000,100.00000000,160201153,160201153,1782865908159221,False,True
90109420,0.35450000,37.56000000,160201154,160201154,1782865908164450,False,True
90109421,0.35450000,58.50000000,160201155,160201155,1782865916907313,True,True
90109422,0.35440000,171.13000000,160201156,160201159,1782865918848776,True,True
90109423,0.35440000,34.22000000,160201160,160201160,1782865918851478,True,True
90109424,0.35440000,139.10000000,160201161,160201162,1782865941744302,True,True
90109425,0.35450000,40.49000000,160201163,160201164,1782865953112145,False,True
90109426,0.35450000,33.86000000,160201165,160201165,1782865953113533,False,True
90109427,0.35450000,58.50000000,160201166,160201167,1782865964052431,True,True
90109428,0.35460000,109.75000000,160201168,160201171,1782865980849905,False,True
90109429,0.35460000,48.43000000,160201172,160201172,1782865980850018,False,True
90109430,0.35470000,30.71000000,160201173,160201174,1782865980850775,False,True
90109431,0.35470000,78.95000000,160201175,160201176,1782865980851165,False,True
90109432,0.35470000,101.95000000,160201177,160201178,1782865981104409,False,True
90109433,0.35480000,497.39000000,160201179,160201182,1782866016221840,False,True
90109434,0.35490000,145.31000000,160201183,160201186,1782866023891696,False,True
90109435,0.35490000,17.15000000,160201187,160201187,1782866039987361,True,True
90109436,0.35500000,15.80000000,160201188,160201189,1782866052301560,False,True
90109437,0.35490000,22.57000000,160201190,160201190,1782866053075805,True,True
90109438,0.35490000,1503.28000000,160201191,160201198,1782866064059817,True,True
90109439,0.35490000,673.25000000,160201199,160201199,1782866064061395,False,True
90109440,0.35500000,493.81000000,160201200,160201204,1782866066633654,False,True
90109441,0.35510000,109.72000000,160201205,160201208,1782866068865479,False,True
90109442,0.35510000,51.29000000,160201209,160201210,1782866068865493,False,True
90109443,0.35510000,98.89000000,160201211,160201211,1782866077032338,True,True
90109444,0.35520000,26.25000000,160201212,160201213,1782866082317927,False,True
90109445,0.35520000,249.19000000,160201214,160201219,1782866083016089,False,True
90109446,0.35530000,14.85000000,160201220,160201221,1782866083018357,False,True
90109447,0.35530000,46.62000000,160201222,160201223,1782866085427181,False,True
90109448,0.35520000,2940.53000000,160201224,160201233,1782866101661910,True,True
90109449,0.35520000,587.43000000,160201234,160201234,1782866101663645,True,True
90109450,0.35510000,373.11000000,160201235,160201240,1782866101663645,True,True
90109451,0.35500000,241.05000000,160201241,160201247,1782866101666573,True,True
90109452,0.35500000,63.97000000,160201248,160201248,1782866101667691,True,True
90109453,0.35500000,965.50000000,160201249,160201249,1782866115759743,False,True
90109454,0.35510000,481.68000000,160201250,160201255,1782866115759851,False,True
90109455,0.35510000,343.49000000,160201256,160201256,1782866115759961,False,True
90109456,0.35520000,138.19000000,160201257,160201257,1782866115759961,False,True
90109457,0.35510000,566.34000000,160201258,160201258,1782866115760808,True,True
90109458,0.35500000,80.48000000,160201259,160201259,1782866123069275,True,True
90109459,0.35490000,237.12000000,160201260,160201264,1782866125581372,True,True
90109460,0.35480000,256.01000000,160201265,160201270,1782866127409778,True,True
90109461,0.35480000,30.27000000,160201271,160201271,1782866127412949,True,True
90109462,0.35470000,137.50000000,160201272,160201275,1782866133386452,True,True
90109463,0.35460000,188.46000000,160201276,160201281,1782866133471321,True,True
90109464,0.35450000,129.87000000,160201282,160201285,1782866133514035,True,True
90109465,0.35450000,283.80000000,160201286,160201286,1782866160724811,False,True
90109466,0.35460000,56.00000000,160201287,160201289,1782866160736935,False,True
90109467,0.35460000,56.00000000,160201290,160201290,1782866160737040,False,True
90109468,0.35450000,390.31000000,160201291,160201292,1782866196179986,True,True
90109469,0.35440000,132.87000000,160201293,160201296,1782866207685320,True,True
90109470,0.35430000,96.59000000,160201297,160201300,1782866207686577,True,True
90109471,0.35430000,2154.72000000,160201301,160201307,1782866207686663,True,True
90109472,0.35420000,5788.24000000,160201308,160201319,1782866207687796,True,True
90109473,0.35430000,112.26000000,160201320,160201322,1782866230879818,False,True
90109474,0.35440000,248.89000000,160201323,160201328,1782866236557474,False,True
90109475,0.35440000,98.47000000,160201329,160201329,1782866236560259,False,True
90109476,0.35440000,15.52000000,160201330,160201330,1782866236650257,True,True
90109477,0.35440000,305.19000000,160201331,160201332,1782866246315087,True,True
90109478,0.35430000,414.72000000,160201333,160201334,1782866246315087,True,True
90109479,0.35430000,40.08000000,160201335,160201336,1782866268247255,True,True
90109480,0.35450000,295.10000000,160201337,160201340,1782866301903822,False,True
90109481,0.35450000,175.04000000,160201341,160201342,1782866301903945,False,True
90109482,0.35460000,305.91000000,160201343,160201350,1782866301977523,False,True
90109483,0.35470000,377.29000000,160201351,160201355,1782866301980252,False,True
90109484,0.35470000,490.78000000,160201356,160201356,1782866301980263,False,True
90109485,0.35460000,19.84000000,160201357,160201357,1782866312524479,True,True
90109486,0.35460000,37.36000000,160201358,160201358,1782866312533652,True,True
90109487,0.35460000,174.53000000,160201359,160201362,1782866312553453,True,True
90109488,0.35450000,121.48000000,160201363,160201365,1782866316447987,True,True
90109489,0.35440000,18.62000000,160201366,160201366,1782866316630973,True,True
90109490,0.35440000,24.54000000,160201367,160201367,1782866316638533,True,True
90109491,0.35440000,19.41000000,160201368,160201368,1782866322086769,True,True
90109492,0.35440000,57.27000000,160201369,160201371,1782866322088687,True,True
90109493,0.35440000,0.91000000,160201372,160201372,1782866322088919,True,True
90109494,0.35430000,140.94000000,160201373,160201376,1782866322960383,True,True
90109495,0.35420000,164.91000000,160201377,160201381,1782866326897556,True,True
90109496,0.35410000,107.91000000,160201382,160201384,1782866329460593,True,True
90109497,0.35400000,48.85000000,160201385,160201387,1782866330301668,True,True
90109498,0.35400000,108.27000000,160201388,160201390,1782866330381488,True,True
90109499,0.35400000,124.96000000,160201391,160201392,1782866377698528,True,True
90109500,0.35390000,137.33000000,160201393,160201396,1782866378058851,True,True
90109501,0.35380000,109.37000000,160201397,160201402,1782866388005918,True,True
90109502,0.35380000,76.44000000,160201403,160201403,1782866388006265,True,True
90109503,0.35370000,247.84000000,160201404,160201409,1782866388006906,True,True
90109504,0.35360000,185.81000000,160201410,160201410,1782866388006927,True,True
90109505,0.35360000,396.41000000,160201411,160201418,1782866388060393,True,True
90109506,0.35360000,56.56000000,160201419,160201420,1782866392042263,True,True
90109507,0.35350000,107.47000000,160201421,160201423,1782866400113326,True,True
90109508,0.35360000,168.64000000,160201424,160201428,1782866411324957,False,True
90109509,0.35370000,105.66000000,160201429,160201431,1782866430123146,False,True
90109510,0.35380000,109.73000000,160201432,160201434,1782866435382632,False,True
90109511,0.35380000,95.85000000,160201435,160201439,1782866435383050,False,True
90109512,0.35390000,106.82000000,160201440,160201442,1782866441725690,False,True
90109513,0.35400000,56.00000000,160201443,160201444,1782866441725998,False,True
90109514,0.35400000,37.00000000,160201445,160201445,1782866441726587,False,True
90109515,0.35400000,79.48000000,160201446,160201449,1782866441774897,False,True
90109516,0.35410000,113.45000000,160201450,160201452,1782866441932419,False,True
90109517,0.35420000,145.04000000,160201453,160201456,1782866451070953,False,True
90109518,0.35430000,53.00000000,160201457,160201457,1782866451073747,False,True
90109519,0.35430000,47.00000000,160201458,160201460,1782866451073874,False,True
90109520,0.35430000,44.00000000,160201461,160201463,1782866451074093,False,True
90109521,0.35430000,41.83000000,160201464,160201465,1782866451074765,False,True
90109522,0.35440000,15.17000000,160201466,160201466,1782866451074765,False,True
90109523,0.35430000,28.22000000,160201467,160201467,1782866461259455,True,True
90109524,0.35430000,510.89000000,160201468,160201469,1782866461527869,False,True
90109525,0.35420000,17.29000000,160201470,160201470,1782866485089120,True,True
90109526,0.35420000,122.96000000,160201471,160201473,1782866487869486,True,True
90109527,0.35410000,164.83000000,160201474,160201478,1782866501014488,True,True
90109528,0.35400000,108.45000000,160201479,160201481,1782866508621549,True,True
90109529,0.35390000,1294.89000000,160201482,160201489,1782866517677236,True,True
90109530,0.35400000,43.39000000,160201490,160201490,1782866538579674,False,True
90109531,0.35400000,32.81000000,160201491,160201491,1782866538582163,False,True
90109532,0.35400000,0.01000000,160201492,160201492,1782866538582637,False,True
90109533,0.35400000,65.64000000,160201493,160201494,1782866556950069,True,True
90109534,0.35390000,29.49000000,160201495,160201496,1782866556972298,True,True
90109535,0.35390000,89.05000000,160201497,160201499,1782866556973870,True,True
90109536,0.35380000,200.38000000,160201500,160201505,1782866611187104,True,True
90109537,0.35370000,26.47000000,160201506,160201507,1782866624595240,True,True
90109538,0.35370000,89.88000000,160201508,160201509,1782866693611220,True,True
90109539,0.35370000,18.66000000,160201510,160201510,1782866703504731,True,True
90109540,0.35370000,90.97000000,160201511,160201511,1782866706634049,True,True
90109541,0.35360000,306.87000000,160201512,160201517,1782866709748079,True,True
90109542,0.35360000,259.50000000,160201518,160201518,1782866711568715,False,True
90109543,0.35370000,168.09000000,160201519,160201523,1782866740554734,False,True
90109544,0.35380000,296.90000000,160201524,160201531,1782866769576901,False,True
90109545,0.35370000,149.15000000,160201532,160201535,1782866786383824,True,True
90109546,0.35360000,2536.59000000,160201536,160201541,1782866786619265,True,True
90109547,0.35350000,165.55000000,160201542,160201546,1782866835298190,True,True
90109548,0.35340000,106.49000000,160201547,160201549,1782866837795359,True,True
90109549,0.35330000,107.08000000,160201550,160201552,1782866854262221,True,True
90109550,0.35320000,1062.43000000,160201553,160201559,1782866857582006,True,True
90109551,0.35320000,617.52000000,160201560,160201564,1782866881193237,False,True
90109552,0.35310000,56.32000000,160201565,160201567,1782866888620622,True,True
90109553,0.35310000,37.57000000,160201568,160201568,1782866888623812,True,True
90109554,0.35310000,39.77000000,160201569,160201569,1782866888624911,True,True
90109555,0.35300000,20.39000000,160201570,160201571,1782866919958231,True,True
90109556,0.35300000,65.03000000,160201572,160201574,1782866919959746,True,True
90109557,0.35300000,115.95000000,160201575,160201577,1782866919959848,True,True
90109558,0.35300000,7.65000000,160201578,160201578,1782866919960894,True,True
90109559,0.35290000,18.71000000,160201579,160201579,1782866926460027,True,True
90109560,0.35290000,329.54000000,160201580,160201580,1782866926461196,True,True
90109561,0.35290000,223.82000000,160201581,160201586,1782866926461662,True,True
90109562,0.35280000,17.49000000,160201587,160201588,1782866935889914,True,True
90109563,0.35300000,850.51000000,160201589,160201590,1782867010639144,False,True
90109564,0.35300000,28.32000000,160201591,160201591,1782867052833292,True,True
90109565,0.35290000,940.08000000,160201592,160201596,1782867052833292,True,True
90109566,0.35280000,3543.29000000,160201597,160201607,1782867052833292,True,True
90109567,0.35270000,488.31000000,160201608,160201613,1782867052833292,True,True
90109568,0.35280000,15.59000000,160201614,160201614,1782867052835044,True,True
90109569,0.35280000,71.34000000,160201615,160201615,1782867052934509,False,True
90109570,0.35290000,794.61000000,160201616,160201619,1782867057272240,False,True
90109571,0.35300000,834.10000000,160201620,160201625,1782867093277391,False,True
90109572,0.35300000,28.32000000,160201626,160201626,1782867093283157,False,True
90109573,0.35310000,219.42000000,160201627,160201631,1782867093348797,False,True
90109574,0.35310000,18.71000000,160201632,160201632,1782867104207498,False,True
90109575,0.35310000,557.58000000,160201633,160201633,1782867104208763,False,True
90109576,0.35310000,97.22000000,160201634,160201634,1782867104210184,False,True
90109577,0.35320000,1187.26000000,160201635,160201644,1782867124272873,False,True
90109578,0.35330000,598.89000000,160201645,160201650,1782867138942816,False,True
90109579,0.35340000,32.16000000,160201651,160201653,1782867164815391,False,True
90109580,0.35340000,39.91000000,160201654,160201655,1782867164823515,False,True
90109581,0.35340000,22.14000000,160201656,160201656,1782867165032270,False,True
90109582,0.35340000,52.48000000,160201657,160201657,1782867165033866,False,True
90109583,0.35330000,542.15000000,160201658,160201661,1782867181066854,True,True
90109584,0.35320000,134.35000000,160201662,160201665,1782867183982448,True,True
90109585,0.35310000,134.91000000,160201666,160201669,1782867209845804,True,True
90109586,0.35300000,155.21000000,160201670,160201674,1782867211555480,True,True
90109587,0.35290000,164.08000000,160201675,160201679,1782867240609770,True,True
90109588,0.35280000,133.59000000,160201680,160201683,1782867246712158,True,True
90109589,0.35270000,161.77000000,160201684,160201688,1782867250573213,True,True
90109590,0.35260000,154.51000000,160201689,160201693,1782867252061925,True,True
90109591,0.35250000,198.55000000,160201694,160201699,1782867252717733,True,True
90109592,0.35240000,85.00000000,160201700,160201703,1782867252740426,True,True
90109593,0.35240000,85.00000000,160201704,160201706,1782867252741860,True,True
90109594,0.35230000,85.00000000,160201707,160201709,1782867252745861,True,True
90109595,0.35230000,85.00000000,160201710,160201711,1782867253052774,True,True
90109596,0.35230000,98.83000000,160201712,160201713,1782867255807660,True,True
90109597,0.35230000,18.73000000,160201714,160201714,1782867261084863,True,True
90109598,0.35230000,20.74000000,160201715,160201715,1782867261085599,True,True
90109599,0.35220000,85.00000000,160201716,160201719,1782867261113325,True,True
90109600,0.35220000,85.00000000,160201720,160201720,1782867261114823,True,True
90109601,0.35220000,283.54000000,160201721,160201723,1782867262678406,True,True
90109602,0.35210000,981.86000000,160201724,160201727,1782867262678406,True,True
90109603,0.35230000,109.72000000,160201728,160201730,1782867263977652,False,True
90109604,0.35230000,13.78000000,160201731,160201731,1782867263977690,False,True
90109605,0.35230000,18.74000000,160201732,160201732,1782867265209659,True,True
90109606,0.35240000,18.74000000,160201733,160201734,1782867268563495,False,True
90109607,0.35240000,259.51000000,160201735,160201738,1782867269808152,False,True
90109608,0.35240000,28.37000000,160201739,160201739,1782867282506870,True,True
90109609,0.35230000,237.22000000,160201740,160201744,1782867292852183,True,True
90109610,0.35220000,85.00000000,160201745,160201746,1782867292888282,True,True
90109611,0.35230000,18.74000000,160201747,160201747,1782867302129143,False,True
90109612,0.35230000,56.83000000,160201748,160201749,1782867302151953,False,True
90109613,0.35230000,83.02000000,160201750,160201750,1782867302153554,False,True
90109614,0.35230000,0.01000000,160201751,160201751,1782867307783565,False,True
90109615,0.35240000,315.03000000,160201752,160201757,1782867307786366,False,True
90109616,0.35250000,188.72000000,160201758,160201761,1782867308504052,False,True
90109617,0.35260000,189.02000000,160201762,160201765,1782867326349537,False,True
90109618,0.35270000,104.21000000,160201766,160201768,1782867328144449,False,True
90109619,0.35280000,86.36000000,160201769,160201770,1782867329234108,False,True
90109620,0.35280000,18.06000000,160201771,160201772,1782867329235224,False,True
90109621,0.35280000,331.75000000,160201773,160201774,1782867333037574,True,True
90109622,0.35290000,142.15000000,160201775,160201778,1782867360159585,False,True
90109623,0.35290000,62.33000000,160201779,160201780,1782867360591960,True,True
90109624,0.35280000,91.11000000,160201781,160201782,1782867377312769,True,True
90109625,0.35270000,69.10000000,160201783,160201784,1782867380169502,True,True
90109626,0.35270000,92.88000000,160201785,160201788,1782867380169589,True,True
90109627,0.35260000,17.07000000,160201789,160201789,1782867387488412,True,True
90109628,0.35260000,1100.11000000,160201790,160201798,1782867392764749,True,True
90109629,0.35250000,6695.21000000,160201799,160201803,1782867392764749,True,True
90109630,0.35260000,76.54000000,160201804,160201804,1782867400509628,False,True
90109631,0.35260000,73.85000000,160201805,160201805,1782867411356293,False,True
90109632,0.35260000,28.36000000,160201806,160201806,1782867480628427,True,True
90109633,0.35250000,136.21000000,160201807,160201810,1782867481052196,True,True
90109634,0.35240000,85.00000000,160201811,160201811,1782867486748608,True,True
90109635,0.35240000,132.81000000,160201812,160201815,1782867487461910,True,True
90109636,0.35230000,132.99000000,160201816,160201819,1782867492560030,True,True
90109637,0.35220000,121.86000000,160201820,160201823,1782867495795460,True,True
90109638,0.35210000,153.58000000,160201824,160201828,1782867495804269,True,True
90109639,0.35210000,161.22000000,160201829,160201829,1782867496116730,False,True
90109640,0.35220000,161.22000000,160201830,160201830,1782867496128788,False,True
90109641,0.35210000,127.76000000,160201831,160201831,1782867496474260,False,True
90109642,0.35210000,164.74000000,160201832,160201832,1782867497341622,False,True
90109643,0.35220000,133.44000000,160201833,160201836,1782867497431310,False,True
90109644,0.35220000,85.00000000,160201837,160201837,1782867522099045,True,True
90109645,0.35210000,85.00000000,160201838,160201838,1782867540536217,True,True
90109646,0.35210000,85.00000000,160201839,160201839,1782867540538973,True,True
90109647,0.35210000,85.00000000,160201840,160201840,1782867540542469,True,True
90109648,0.35220000,164.74000000,160201841,160201841,1782867540889259,False,True
90109649,0.35210000,147.36000000,160201842,160201845,1782867547618247,True,True
90109650,0.35200000,791.30000000,160201846,160201853,1782867547618247,True,True
90109651,0.35190000,2061.34000000,160201854,160201858,1782867547618247,True,True
90109652,0.35210000,271.02000000,160201859,160201862,1782867569293910,False,True
90109653,0.35220000,153.56000000,160201863,160201867,1782867569298622,False,True
90109654,0.35230000,271.90000000,160201868,160201872,1782867581504089,False,True
90109655,0.35230000,69.52000000,160201873,160201874,1782867581511331,False,True
90109656,0.35230000,170.71000000,160201875,160201877,1782867581511632,False,True
90109657,0.35230000,101.19000000,160201878,160201879,1782867581511656,False,True
90109658,0.35230000,1416.88000000,160201880,160201884,1782867595708257,True,True
90109659,0.35240000,18.74000000,160201885,160201886,1782867596860323,False,True
90109660,0.35240000,169.75000000,160201887,160201889,1782867607233837,False,True
90109661,0.35250000,103.84000000,160201890,160201892,1782867609009865,False,True
90109662,0.35260000,132.69000000,160201893,160201896,1782867609372000,False,True
90109663,0.35270000,154.46000000,160201897,160201901,1782867609439835,False,True
90109664,0.35280000,175.93000000,160201902,160201907,1782867609491309,False,True
90109665,0.35290000,105.23000000,160201908,160201910,1782867611623093,False,True
90109666,0.35300000,220.18000000,160201911,160201918,1782867611624839,False,True
90109667,0.35310000,15.59000000,160201919,160201920,1782867611626655,False,True
90109668,0.35310000,148.50000000,160201921,160201924,1782867611628572,False,True
90109669,0.35320000,566.77000000,160201925,160201930,1782867628517860,False,True
90109670,0.35310000,482.45000000,160201931,160201933,1782867628554011,True,True
90109671,0.35310000,579.24000000,160201934,160201935,1782867628578600,False,True
90109672,0.35300000,495.56000000,160201936,160201939,1782867629638981,True,True
90109673,0.35310000,24.10000000,160201940,160201940,1782867636441708,False,True
90109674,0.35300000,1036.08000000,160201941,160201946,1782867645515333,True,True
90109675,0.35290000,150.16000000,160201947,160201951,1782867683787909,True,True
90109676,0.35280000,199.18000000,160201952,160201958,1782867699744256,True,True
90109677,0.35270000,141.15000000,160201959,160201963,1782867699814670,True,True
90109678,0.35260000,44.29000000,160201964,160201966,1782867705179301,True,True
90109679,0.35260000,26.23000000,160201967,160201967,1782867705180750,True,True
90109680,0.35260000,22.36000000,160201968,160201968,1782867705261730,True,True
90109681,0.35270000,265.24000000,160201969,160201969,1782867718638299,False,True
90109682,0.35270000,382.35000000,160201970,160201972,1782867719966796,False,True
90109683,0.35270000,417.75000000,160201973,160201975,1782867720536771,False,True
90109684,0.35280000,31.16000000,160201976,160201977,1782867720577690,False,True
90109685,0.35280000,122.75000000,160201978,160201981,1782867720580614,False,True
90109686,0.35290000,141.34000000,160201982,160201986,1782867724377700,False,True
90109687,0.35290000,43.21000000,160201987,160201988,1782867730664481,True,True
90109688,0.35290000,14.88000000,160201989,160201989,1782867734217597,False,True
90109689,0.35300000,175.97000000,160201990,160201995,1782867734220238,False,True
90109690,0.35310000,710.74000000,160201996,160202002,1782867734221457,False,True
90109691,0.35310000,19.00000000,160202003,160202003,1782867734221679,False,True
90109692,0.35320000,1889.26000000,160202004,160202011,1782867734221893,False,True
90109693,0.35320000,15.59000000,160202012,160202012,1782867734223299,False,True
90109694,0.35320000,363.47000000,160202013,160202014,1782867734224691,False,True
90109695,0.35330000,398.48000000,160202015,160202018,1782867735266439,False,True
90109696,0.35340000,167.70000000,160202019,160202019,1782867735266439,False,True
90109697,0.35340000,670.22000000,160202020,160202028,1782867735266482,False,True
90109698,0.35350000,1586.99000000,160202029,160202036,1782867735266488,False,True
90109699,0.35360000,906.28000000,160202037,160202044,1782867735268273,False,True
90109700,0.35370000,141.10000000,160202045,160202049,1782867735268562,False,True
90109701,0.35380000,16.13000000,160202050,160202050,1782867735286822,False,True
90109702,0.35370000,44.53000000,160202051,160202051,1782867735323296,False,True
90109703,0.35370000,407.37000000,160202052,160202054,1782867739029012,False,True
90109704,0.35380000,804.33000000,160202055,160202063,1782867739029012,False,True
90109705,0.35370000,42.00000000,160202064,160202064,1782867739085560,True,True
90109706,0.35370000,42.00000000,160202065,160202066,1782867739085579,True,True
90109707,0.35370000,7.94000000,160202067,160202067,1782867739085662,True,True
90109708,0.35360000,34.06000000,160202068,160202069,1782867739085662,True,True
90109709,0.35360000,42.00000000,160202070,160202071,1782867739085811,True,True
90109710,0.35360000,42.00000000,160202072,160202072,1782867739085821,True,True
90109711,0.35360000,70.06000000,160202073,160202075,1782867739210849,True,True
90109712,0.35360000,19.00000000,160202076,160202076,1782867741265157,True,True
90109713,0.35360000,29.00000000,160202077,160202077,1782867741265451,True,True
90109714,0.35360000,1.78000000,160202078,160202078,1782867741265599,True,True
90109715,0.35350000,17.22000000,160202079,160202079,1782867741265599,True,True
90109716,0.35350000,151.55000000,160202080,160202084,1782867741265603,True,True
90109717,0.35340000,29.00000000,160202085,160202085,1782867741265758,True,True
90109718,0.35340000,11213.55000000,160202086,160202091,1782867741267670,True,True
90109719,0.35350000,18.70000000,160202092,160202092,1782867742149097,False,True
90109720,0.35350000,97.41000000,160202093,160202094,1782867742169428,False,True
90109721,0.35340000,132.92000000,160202095,160202097,1782867745071025,True,True
90109722,0.35330000,106.16000000,160202098,160202100,1782867745240333,True,True
90109723,0.35320000,31.76000000,160202101,160202101,1782867745639347,True,True
90109724,0.35320000,87.19000000,160202102,160202105,1782867745640564,True,True
90109725,0.35320000,44.15000000,160202106,160202107,1782867745641813,True,True
90109726,0.35320000,109.71000000,160202108,160202108,1782867745644485,False,True
90109727,0.35310000,148.96000000,160202109,160202113,1782867746462860,True,True
90109728,0.35300000,120.44000000,160202114,160202117,1782867749407960,True,True
90109729,0.35300000,157.00000000,160202118,160202119,1782867756489119,False,True
90109730,0.35290000,340.08000000,160202120,160202126,1782867762804946,True,True
90109731,0.35290000,752.29000000,160202127,160202129,1782867762809493,True,True
90109732,0.35290000,14.88000000,160202130,160202130,1782867762811765,False,True
90109733,0.35300000,92.78000000,160202131,160202133,1782867762811765,False,True
90109734,0.35290000,103.59000000,160202134,160202135,1782867763823164,True,True
90109735,0.35280000,162.56000000,160202136,160202141,1782867763892271,True,True
90109736,0.35280000,16.88000000,160202142,160202142,1782867765377610,False,True
90109737,0.35290000,18.71000000,160202143,160202143,1782867772587561,False,True
90109738,0.35290000,33.49000000,160202144,160202145,1782867780363031,False,True
90109739,0.35290000,36.76000000,160202146,160202146,1782867780364326,False,True
90109740,0.35290000,174.87000000,160202147,160202148,1782867796897626,True,True
90109741,0.35280000,170.42000000,160202149,160202152,1782867796908945,True,True
90109742,0.35280000,283.36000000,160202153,160202153,1782867806042384,False,True
90109743,0.35280000,348.87000000,160202154,160202156,1782867821482872,False,True
90109744,0.35280000,17.31000000,160202157,160202157,1782867831211204,True,True
90109745,0.35280000,512.50000000,160202158,160202158,1782867833587556,True,True
90109746,0.35270000,259.23000000,160202159,160202165,1782867833636699,True,True
90109747,0.35260000,161.51000000,160202166,160202170,1782867840478026,True,True
90109748,0.35250000,202.37000000,160202171,160202176,1782867841108263,True,True
90109749,0.35240000,179.83000000,160202177,160202180,1782867841224640,True,True
90109750,0.35230000,161.73000000,160202181,160202185,1782867846079143,True,True
90109751,0.35220000,160.81000000,160202186,160202190,1782867852879942,True,True
90109752,0.35210000,160.64000000,160202191,160202195,1782867854170468,True,True
90109753,0.35200000,77.00000000,160202196,160202196,1782867854194631,True,True
90109754,0.35200000,85.00000000,160202197,160202197,1782867854195267,True,True
90109755,0.35210000,109.72000000,160202198,160202198,1782867854196750,False,True
90109756,0.35200000,85.00000000,160202199,160202199,1782867854198181,True,True
90109757,0.35210000,292.50000000,160202200,160202200,1782867854450533,False,True
90109758,0.35220000,50.74000000,160202201,160202201,1782867854456318,False,True
90109759,0.35200000,160.44000000,160202202,160202206,1782867857559111,True,True
90109760,0.35190000,124.74000000,160202207,160202210,1782867857568350,True,True
90109761,0.35180000,132.00000000,160202211,160202211,1782867860289011,True,True
90109762,0.35180000,132.00000000,160202212,160202212,1782867860289135,True,True
90109763,0.35180000,132.00000000,160202213,160202213,1782867860289410,True,True
90109764,0.35180000,132.00000000,160202214,160202214,1782867860289443,True,True
90109765,0.35180000,132.00000000,160202215,160202215,1782867860289446,True,True
90109766,0.35180000,392.30000000,160202216,160202222,1782867860289763,True,True
90109767,0.35170000,227.32000000,160202223,160202227,1782867860325588,True,True
90109768,0.35160000,1933.62000000,160202228,160202236,1782867860325588,True,True
90109769,0.35150000,1102.76000000,160202237,160202242,1782867860326680,True,True
90109770,0.35140000,452.49000000,160202243,160202246,1782867860326680,True,True
90109771,0.35140000,1978.66000000,160202247,160202251,1782867860326680,True,True
90109772,0.35140000,312.06000000,160202252,160202253,1782867860326869,True,True
90109773,0.35130000,2963.13000000,160202254,160202260,1782867860328547,True,True
90109774,0.35140000,109.77000000,160202261,160202261,1782867860328724,False,True
90109775,0.35140000,219.49000000,160202262,160202262,1782867860328753,False,True
90109776,0.35120000,229.99000000,160202263,160202270,1782867860328818,True,True
90109777,0.35130000,156.61000000,160202271,160202272,1782867860336606,False,True
90109778,0.35130000,156.61000000,160202273,160202274,1782867860336639,False,True
90109779,0.35110000,1634.76000000,160202275,160202281,1782867860337381,True,True
90109780,0.35100000,460.66000000,160202282,160202288,1782867860337486,True,True
90109781,0.35100000,35.55000000,160202289,160202289,1782867860339233,False,True
90109782,0.35100000,1130.45000000,160202290,160202290,1782867860339366,False,True
90109783,0.35110000,94.86000000,160202291,160202291,1782867860341139,False,True
90109784,0.35110000,94.86000000,160202292,160202292,1782867860342231,False,True
90109785,0.35110000,51.68000000,160202293,160202293,1782867860343136,False,True
90109786,0.35120000,10119.12000000,160202294,160202296,1782867860343136,False,True
90109787,0.35120000,51.68000000,160202297,160202297,1782867860344406,False,True
90109788,0.35120000,94.86000000,160202298,160202298,1782867860345936,False,True
90109789,0.35130000,71.65000000,160202299,160202299,1782867860346659,False,True
90109790,0.35140000,426.39000000,160202300,160202303,1782867860346659,False,True
90109791,0.35150000,641.12000000,160202304,160202307,1782867860346927,False,True
90109792,0.35160000,115.17000000,160202308,160202310,1782867860346927,False,True
90109793,0.35140000,506.23000000,160202311,160202311,1782867860347161,False,True
90109794,0.35150000,171.38000000,160202312,160202312,1782867860373288,True,True
90109795,0.35150000,619.14000000,160202313,160202315,1782867860373300,True,True
90109796,0.35150000,326.45000000,160202316,160202316,1782867860374366,True,True
90109797,0.35140000,665.16000000,160202317,160202319,1782867860374366,True,True
90109798,0.35150000,326.45000000,160202320,160202320,1782867860375886,True,True
90109799,0.35150000,342.19000000,160202321,160202321,1782867860376227,True,True
90109800,0.35140000,342.19000000,160202322,160202322,1782867860376268,True,True
90109801,0.35150000,190.73000000,160202323,160202323,1782867860378316,True,True
90109802,0.35150000,101.77000000,160202324,160202324,1782867860378538,True,True
90109803,0.35140000,62.59000000,160202325,160202325,1782867860378538,True,True
90109804,0.35150000,128.14000000,160202326,160202326,1782867860379661,True,True
90109805,0.35150000,136.11000000,160202327,160202327,1782867860380678,True,True
90109806,0.35160000,114.60000000,160202328,160202329,1782867860385824,False,True
90109807,0.35160000,44.67000000,160202330,160202330,1782867860388418,False,True
90109808,0.35160000,94.86000000,160202331,160202331,1782867860512971,False,True
90109809,0.35170000,83.25000000,160202332,160202335,1782867860683511,False,True
90109810,0.35170000,16.22000000,160202336,160202336,1782867860774009,False,True
90109811,0.35170000,28.38000000,160202337,160202337,1782867862562266,False,True
90109812,0.35170000,392.66000000,160202338,160202338,1782867864304774,False,True
90109813,0.35170000,85.00000000,160202339,160202340,1782867872407539,True,True
90109814,0.35170000,92.72000000,160202341,160202342,1782867874033190,True,True
90109815,0.35160000,85.00000000,160202343,160202345,1782867874057784,True,True
90109816,0.35160000,42.91000000,160202346,160202347,1782867874743734,True,True
90109817,0.35150000,444.94000000,160202348,160202353,1782867874743734,True,True
90109818,0.35140000,2285.14000000,160202354,160202363,1782867874743734,True,True
90109819,0.35130000,1874.56000000,160202364,160202367,1782867874743734,True,True
90109820,0.35150000,100.00000000,160202368,160202368,1782867874746164,False,True
90109821,0.35160000,8.12000000,160202369,160202369,1782867874746164,False,True
90109822,0.35150000,25.91000000,160202370,160202370,1782867874860042,False,True
90109823,0.35150000,43.51000000,160202371,160202371,1782867874861406,False,True
90109824,0.35160000,221.92000000,160202372,160202376,1782867874870058,False,True
90109825,0.35160000,28.44000000,160202377,160202377,1782867878282079,True,True
90109826,0.35150000,85.00000000,160202378,160202379,1782867878308385,True,True
90109827,0.35150000,14.58000000,160202380,160202380,1782867878419618,True,True
90109828,0.35140000,70.42000000,160202381,160202382,1782867878419618,True,True
90109829,0.35160000,278.30000000,160202383,160202387,1782867884260798,False,True
90109830,0.35170000,152.65000000,160202388,160202392,1782867886485363,False,True
90109831,0.35180000,429.16000000,160202393,160202401,1782867886489230,False,True
90109832,0.35180000,28.42000000,160202402,160202402,1782867891908137,True,True
90109833,0.35170000,85.00000000,160202403,160202404,1782867891929618,True,True
90109834,0.35170000,14.57000000,160202405,160202405,1782867893867430,True,True
90109835,0.35160000,70.43000000,160202406,160202406,1782867893867430,True,True
90109836,0.35160000,72.53000000,160202407,160202409,1782867894528022,True,True
90109837,0.35150000,85.00000000,160202410,160202412,1782867894754973,True,True
90109838,0.35150000,28.44000000,160202413,160202413,1782867895090214,True,True
90109839,0.35140000,56.56000000,160202414,160202415,1782867895090214,True,True
90109840,0.35140000,85.00000000,160202416,160202418,1782867899721293,True,True
90109841,0.35140000,66.20000000,160202419,160202420,1782867899721616,True,True
90109842,0.35130000,18.80000000,160202421,160202422,1782867899721616,True,True
90109843,0.35130000,125.82000000,160202423,160202425,1782867900817119,True,True
90109844,0.35120000,18.78000000,160202426,160202427,1782867902895952,True,True
90109845,0.35120000,85.00000000,160202428,160202429,1782867902923462,True,True
90109846,0.35130000,52.08000000,160202430,160202430,1782867910081564,False,True
90109847,0.35130000,85.00000000,160202431,160202431,1782867910083048,False,True
90109848,0.35140000,155.49000000,160202432,160202435,1782867910088128,False,True
90109849,0.35140000,18.79000000,160202436,160202436,1782867910971856,True,True
90109850,0.35140000,1076.95000000,160202437,160202439,1782867911413491,True,True
90109851,0.35130000,1014.71000000,160202440,160202446,1782867911413491,True,True
90109852,0.35130000,2074.96000000,160202447,160202449,1782867911417533,True,True
90109853,0.35130000,320.96000000,160202450,160202451,1782867911864419,True,True
90109854,0.35120000,1791.66000000,160202452,160202459,1782867911864419,True,True
90109855,0.35130000,71.75000000,160202460,160202460,1782867911891359,False,True
90109856,0.35130000,18.79000000,160202461,160202461,1782867917116214,True,True
90109857,0.35130000,9.67000000,160202462,160202462,1782867926190549,True,True
90109858,0.35120000,75.33000000,160202463,160202464,1782867926190549,True,True
