60352105,1.65900000,320.94400000,212696614,212696617,1782864002217717,False,True
60352106,1.65900000,1.90100000,212696618,212696620,1782864002219095,False,True
60352107,1.66000000,9.02500000,212696621,212696623,1782864003808984,False,True
60352108,1.65900000,158.54200000,212696624,212696624,1782864016114878,True,True
60352109,1.66000000,159.52100000,212696625,212696633,1782864023393163,False,True
60352110,1.66000000,8.45300000,212696634,212696634,1782864023394318,False,True
60352111,1.66000000,0.90500000,212696635,212696635,1782864023394429,False,True
60352112,1.66000000,0.63400000,212696636,212696636,1782864023394585,False,True
60352113,1.66000000,0.78600000,212696637,212696637,1782864023394600,False,True
60352114,1.66000000,3.75500000,212696638,212696638,1782864023394668,False,True
60352115,1.66000000,21.99000000,212696639,212696639,1782864023394729,False,True
60352116,1.66000000,3.00800000,212696640,212696640,1782864023394994,False,True
60352117,1.66000000,1.90000000,212696641,212696643,1782864023395990,False,True
60352118,1.66000000,6.01600000,212696644,212696644,1782864023398677,True,True
60352119,1.66000000,328.24500000,212696645,212696646,1782864023516011,True,True
60352120,1.66000000,307.35300000,212696647,212696648,1782864023707125,True,True
60352121,1.66000000,345.95000000,212696649,212696653,1782864024013919,True,True
60352122,1.66000000,16.04300000,212696654,212696657,1782864024771794,True,True
60352123,1.66000000,2.50200000,212696658,212696661,1782864026202051,True,True
60352124,1.66000000,59.04500000,212696662,212696662,1782864027052886,False,True
60352125,1.66000000,29.52300000,212696663,212696663,1782864027053978,False,True
60352126,1.66000000,14.76100000,212696664,212696666,1782864027055035,False,True
60352127,1.66000000,6.74800000,212696667,212696667,1782864027056096,False,True
60352128,1.66000000,0.63300000,212696668,212696668,1782864027056382,False,True
60352129,1.66000000,3.37400000,212696669,212696669,1782864027057411,False,True
60352130,1.66000000,2.00300000,212696670,212696670,1782864027059062,False,True
60352131,1.66000000,1.00200000,212696671,212696671,1782864027060200,False,True
60352132,1.66000000,5.42000000,212696672,212696674,1782864039098639,False,True
60352133,1.65900000,37.03000000,212696675,212696675,1782864039771400,True,True
60352134,1.66000000,15.62700000,212696676,212696678,1782864050482304,False,True
60352135,1.66000000,8.16900000,212696679,212696679,1782864050482524,False,True
60352136,1.66000000,1.89900000,212696680,212696682,1782864050491193,False,True
60352137,1.66000000,188.05900000,212696683,212696683,1782864053419439,False,True
60352138,1.65900000,45.69800000,212696684,212696684,1782864054771311,True,True
60352139,1.66000000,5.42000000,212696685,212696687,1782864077310457,False,True
60352140,1.65900000,58.60100000,212696688,212696688,1782864084771360,True,True
60352141,1.65900000,51.19700000,212696689,212696693,1782864099771524,True,True
60352142,1.65900000,232.40100000,212696694,212696696,1782864117850959,True,True
60352143,1.66000000,12.06000000,212696697,212696697,1782864124662406,False,True
60352144,1.66000000,12.06000000,212696698,212696698,1782864124662432,False,True
60352145,1.66000000,12.06000000,212696699,212696699,1782864124662446,False,True
60352146,1.66000000,12.06000000,212696700,212696700,1782864124662596,False,True
60352147,1.66000000,12.06000000,212696701,212696701,1782864124662659,False,True
60352148,1.66000000,12.06000000,212696702,212696703,1782864124662715,False,True
60352149,1.66000000,12.06000000,212696704,212696704,1782864124662738,False,True
60352150,1.66000000,12.06000000,212696705,212696705,1782864124662771,False,True
60352151,1.66000000,12.06000000,212696706,212696706,1782864124662871,False,True
60352152,1.66000000,12.06000000,212696707,212696708,1782864124662906,False,True
60352153,1.66000000,12.06000000,212696709,212696709,1782864124662913,False,True
60352154,1.66000000,12.06000000,212696710,212696713,1782864124662971,False,True
60352155,1.66000000,12.06000000,212696714,212696714,1782864124662979,False,True
60352156,1.66000000,12.06000000,212696715,212696715,1782864124663293,False,True
60352157,1.66000000,12.06000000,212696716,212696716,1782864124663767,False,True
60352158,1.66000000,12.06000000,212696717,212696718,1782864124680606,False,True
60352159,1.66000000,12.06000000,212696719,212696719,1782864124682036,False,True
60352160,1.66000000,12.06000000,212696720,212696720,1782864124682185,False,True
60352161,1.66000000,12.06000000,212696721,212696721,1782864124682227,False,True
60352162,1.66000000,12.06000000,212696722,212696722,1782864124682814,False,True
60352163,1.66000000,12.06000000,212696723,212696723,1782864124684481,False,True
60352164,1.66000000,12.06000000,212696724,212696724,1782864124684510,False,True
60352165,1.66000000,12.06000000,212696725,212696725,1782864124685008,False,True
60352166,1.66000000,54.31000000,212696726,212696726,1782864132594638,False,True
60352167,1.66000000,129.66000000,212696727,212696727,1782864132594693,False,True
60352168,1.66000000,105.55000000,212696728,212696731,1782864132594762,False,True
60352169,1.66000000,102.43700000,212696732,212696734,1782864132594767,False,True
60352170,1.66100000,27.22300000,212696735,212696735,1782864132594767,False,True
60352171,1.66100000,105.55000000,212696736,212696736,1782864132594777,False,True
60352172,1.66100000,259.26000000,212696737,212696738,1782864132594932,False,True
60352173,1.66100000,188.78000000,212696739,212696739,1782864132595169,False,True
60352174,1.66000000,714.98200000,212696740,212696743,1782864132806354,True,True
60352175,1.66000000,73.42600000,212696744,212696746,1782864134771365,True,True
60352176,1.66000000,1.89900000,212696747,212696749,1782864135074205,True,True
60352177,1.65900000,261.03300000,212696750,212696752,1782864151413861,True,True
60352178,1.66000000,50.61900000,212696753,212696756,1782864157842543,False,True
60352179,1.66100000,54.93100000,212696757,212696757,1782864157842543,False,True
60352180,1.66100000,23.39000000,212696758,212696761,1782864157842583,False,True
60352181,1.66100000,259.26000000,212696762,212696762,1782864157842734,False,True
60352182,1.66100000,488.18000000,212696763,212696763,1782864157842848,False,True
60352183,1.66100000,12.06000000,212696764,212696764,1782864157842856,False,True
60352184,1.66100000,129.66000000,212696765,212696765,1782864157842885,False,True
60352185,1.66100000,12.06000000,212696766,212696766,1782864157842946,False,True
60352186,1.66100000,12.06000000,212696767,212696767,1782864157843045,False,True
60352187,1.66100000,12.06000000,212696768,212696768,1782864157843203,False,True
60352188,1.66100000,12.06000000,212696769,212696769,1782864157843779,False,True
60352189,1.66100000,12.06000000,212696770,212696770,1782864157843851,False,True
60352190,1.66100000,12.06000000,212696771,212696771,1782864157843884,False,True
60352191,1.66100000,12.06000000,212696772,212696772,1782864157844046,False,True
60352192,1.66100000,12.06000000,212696773,212696773,1782864157844129,False,True
60352193,1.66100000,12.06000000,212696774,212696774,1782864157844210,False,True
60352194,1.66100000,12.06000000,212696775,212696775,1782864157844259,False,True
60352195,1.66100000,12.06000000,212696776,212696776,1782864157844320,False,True
60352196,1.66100000,12.06000000,212696777,212696777,1782864157844359,False,True
60352197,1.66100000,12.06000000,212696778,212696778,1782864157844534,False,True
60352198,1.66100000,12.06000000,212696779,212696779,1782864157844816,False,True
60352199,1.66100000,9.95000000,212696780,212696780,1782864157844921,False,True
60352200,1.66100000,19.89700000,212696781,212696781,1782864157845016,False,True
60352201,1.66100000,19.90000000,212696782,212696782,1782864157845114,False,True
60352202,1.66100000,9.95000000,212696783,212696783,1782864157845299,False,True
60352203,1.66100000,9.95000000,212696784,212696784,1782864157845944,False,True
60352204,1.66100000,12.06000000,212696785,212696785,1782864157864165,False,True
60352205,1.66100000,12.06000000,212696786,212696786,1782864157865566,False,True
60352206,1.66100000,12.06000000,212696787,212696787,1782864157866144,False,True
60352207,1.66100000,12.06000000,212696788,212696788,1782864157868646,False,True
60352208,1.66100000,12.06000000,212696789,212696789,1782864157874668,False,True
60352209,1.66100000,12.06000000,212696790,212696790,1782864157876588,False,True
60352210,1.66100000,12.06000000,212696791,212696791,1782864157877547,False,True
60352211,1.66000000,87.16900000,212696792,212696792,1782864158007715,True,True
60352212,1.66000000,82.01800000,212696793,212696794,1782864159771352,True,True
60352213,1.66000000,125.58100000,212696795,212696801,1782864162941162,True,True
60352214,1.65900000,62.39700000,212696802,212696808,1782864176503131,True,True
60352215,1.65900000,0.63300000,212696809,212696809,1782864176506317,True,True
60352216,1.65900000,0.60300000,212696810,212696810,1782864176507409,True,True
60352217,1.65900000,4.82000000,212696811,212696811,1782864191805706,False,True
60352218,1.65800000,173.77100000,212696812,212696823,1782864198799332,True,True
60352219,1.65800000,1.84100000,212696824,212696826,1782864198801178,True,True
60352220,1.65700000,77.74500000,212696827,212696827,1782864199771655,True,True
60352221,1.65700000,16.19200000,212696828,212696837,1782864219771392,True,True
60352222,1.65600000,59.83300000,212696838,212696838,1782864219771392,True,True
60352223,1.65600000,6.64000000,212696839,212696839,1782864227604441,True,True
60352224,1.65700000,23.08600000,212696840,212696840,1782864257573646,False,True
60352225,1.65600000,81.42900000,212696841,212696844,1782864259771469,True,True
60352226,1.65700000,17.31400000,212696845,212696845,1782864270024730,False,True
60352227,1.65600000,61.59500000,212696846,212696846,1782864279771364,True,True
60352228,1.65700000,368.78400000,212696847,212696852,1782864281169452,False,True
60352229,1.65800000,259.73000000,212696853,212696853,1782864281173864,False,True
60352230,1.65800000,12.08000000,212696854,212696854,1782864281175536,False,True
60352231,1.65800000,12.08000000,212696855,212696855,1782864281178312,False,True
60352232,1.65800000,12.08000000,212696856,212696856,1782864281179453,False,True
60352233,1.65800000,12.08000000,212696857,212696857,1782864281179521,False,True
60352234,1.65800000,12.08000000,212696858,212696858,1782864281180005,False,True
60352235,1.65800000,12.08000000,212696859,212696860,1782864281180247,False,True
60352236,1.65800000,12.08000000,212696861,212696864,1782864281183334,False,True
60352237,1.65800000,12.08000000,212696865,212696865,1782864281183795,False,True
60352238,1.65800000,12.08000000,212696866,212696866,1782864281186655,False,True
60352239,1.65800000,12.08000000,212696867,212696867,1782864281187799,False,True
60352240,1.65800000,12.08000000,212696868,212696868,1782864281193748,False,True
60352241,1.65800000,12.08000000,212696869,212696871,1782864281194023,False,True
60352242,1.65800000,12.08000000,212696872,212696874,1782864281194878,False,True
60352243,1.65800000,12.08000000,212696875,212696875,1782864281195655,False,True
60352244,1.65800000,12.08000000,212696876,212696876,1782864281195700,False,True
60352245,1.65800000,1.90200000,212696877,212696879,1782864281196481,False,True
60352246,1.65900000,10.17800000,212696880,212696880,1782864281196481,False,True
60352247,1.65900000,12.08000000,212696881,212696881,1782864281196528,False,True
60352248,1.65900000,12.08000000,212696882,212696882,1782864281196564,False,True
60352249,1.65900000,12.08000000,212696883,212696883,1782864281200615,False,True
60352250,1.65900000,12.08000000,212696884,212696884,1782864281201255,False,True
60352251,1.65900000,95.88700000,212696885,212696885,1782864281203707,False,True
60352252,1.65900000,12.08000000,212696886,212696886,1782864281207216,False,True
60352253,1.65900000,12.08000000,212696887,212696887,1782864281208377,False,True
60352254,1.65800000,6.03000000,212696888,212696888,1782864281725611,True,True
60352255,1.65900000,152.03000000,212696889,212696890,1782864301645285,False,True
60352256,1.65900000,15.49600000,212696891,212696897,1782864301657222,False,True
60352257,1.65800000,39.25300000,212696898,212696898,1782864319771398,True,True
60352258,1.65800000,37.09900000,212696899,212696899,1782864339777503,True,True
60352259,1.65800000,26.12600000,212696900,212696900,1782864369771649,True,True
60352260,1.65800000,42.07100000,212696901,212696903,1782864399779715,True,True
60352261,1.65800000,32.32800000,212696904,212696905,1782864429771984,True,True
60352262,1.65800000,4.12100000,212696906,212696906,1782864440794312,True,True
60352263,1.65800000,33.58600000,212696907,212696907,1782864459777385,True,True
60352264,1.65800000,34.96100000,212696908,212696909,1782864494771723,True,True
60352265,1.65800000,19.53200000,212696910,212696910,1782864519777603,True,True
60352266,1.65800000,1.15800000,212696911,212696911,1782864526217234,True,True
60352267,1.65800000,28.10800000,212696912,212696912,1782864539771698,True,True
60352268,1.65800000,209.22000000,212696913,212696915,1782864541887273,True,True
60352269,1.65800000,482.96900000,212696916,212696916,1782864550435646,True,True
60352270,1.65800000,23.55300000,212696917,212696917,1782864559771690,True,True
60352271,1.65900000,9063.75000000,212696918,212696931,1782864574730289,False,True
60352272,1.66000000,1241.85100000,212696932,212696941,1782864574730289,False,True
60352273,1.65900000,36.76800000,212696942,212696942,1782864574732548,True,True
60352274,1.65900000,319.03100000,212696943,212696944,1782864574732860,True,True
60352275,1.65900000,36.76800000,212696945,212696945,1782864574733048,True,True
60352276,1.65900000,50.62200000,212696946,212696949,1782864574734008,True,True
60352277,1.65800000,35.49800000,212696950,212696954,1782864579777725,True,True
60352278,1.65900000,6.03000000,212696955,212696957,1782864584260075,False,True
60352279,1.65900000,120.55400000,212696958,212696959,1782864608908393,False,True
60352280,1.65800000,37.30700000,212696960,212696960,1782864614771572,True,True
60352281,1.65800000,72.92200000,212696961,212696962,1782864639777150,True,True
60352282,1.65900000,194.31400000,212696963,212696963,1782864642591889,False,True
60352283,1.65900000,1.90200000,212696964,212696966,1782864651742836,False,True
60352284,1.65900000,6.02000000,212696967,212696967,1782864658206719,True,True
60352285,1.65900000,62.96800000,212696968,212696969,1782864679771505,True,True
60352286,1.65900000,77.29700000,212696970,212696970,1782864699777246,True,True
60352287,1.66000000,129.66000000,212696971,212696975,1782864726520526,False,True
60352288,1.66000000,129.66000000,212696976,212696976,1782864726520965,False,True
60352289,1.66000000,1.90000000,212696977,212696979,1782864726562343,False,True
60352290,1.66000000,62.56800000,212696980,212696981,1782864744771637,True,True
60352291,1.66000000,658.44600000,212696982,212696990,1782864758561679,True,True
60352292,1.65900000,64.43000000,212696991,212696991,1782864759777721,True,True
60352293,1.65900000,1.35800000,212696992,212696992,1782864768613131,True,True
60352294,1.66000000,51.85100000,212696993,212696993,1782864783805602,False,True
60352295,1.65900000,32.13600000,212696994,212696994,1782864794771684,True,True
60352296,1.66000000,46.70200000,212696995,212696999,1782864798967041,False,True
60352297,1.66000000,6.02000000,212697000,212697000,1782864812347038,True,True
60352298,1.66100000,22.50900000,212697001,212697008,1782864817586630,False,True
60352299,1.66100000,89.41200000,212697009,212697009,1782864824771643,True,True
60352300,1.66200000,17.52000000,212697010,212697016,1782864829212288,False,True
60352301,1.66300000,12.66700000,212697017,212697025,1782864835451640,False,True
60352302,1.66300000,1.99900000,212697026,212697029,1782864836088289,False,True
60352303,1.66300000,31.04500000,212697030,212697030,1782864845314377,True,True
60352304,1.66400000,17.90700000,212697031,212697043,1782864870368033,False,True
60352305,1.66400000,14.81000000,212697044,212697044,1782864875375620,True,True
60352306,1.66500000,6.61000000,212697045,212697045,1782864875786118,False,True
60352307,1.66400000,24.83400000,212697046,212697046,1782864879777618,True,True
60352308,1.66500000,145.40500000,212697047,212697047,1782864880264903,False,True
60352309,1.66400000,48.26900000,212697048,212697048,1782864899771571,True,True
60352310,1.66500000,118.44700000,212697049,212697056,1782864914337786,False,True
60352311,1.66400000,32.96500000,212697057,212697057,1782864939777096,True,True
60352312,1.66500000,5.41000000,212697058,212697061,1782864943123607,False,True
60352313,1.66400000,26.03700000,212697062,212697062,1782864969771276,True,True
60352314,1.66500000,16.34200000,212697063,212697066,1782864972794398,False,True
60352315,1.66500000,6.14000000,212697067,212697070,1782864985902997,False,True
60352316,1.66500000,5.88000000,212697071,212697071,1782864990017689,False,True
60352317,1.66500000,3.35000000,212697072,212697072,1782864990041134,False,True
60352318,1.66500000,8.67000000,212697073,212697073,1782864990479627,False,True
60352319,1.66500000,12.02000000,212697074,212697074,1782864990482207,False,True
60352320,1.66400000,28.21200000,212697075,212697075,1782864999777313,True,True
60352321,1.66400000,2.01900000,212697076,212697076,1782865002816947,True,True
60352322,1.66500000,6.61000000,212697077,212697080,1782865015567311,False,True
60352323,1.66400000,26.30200000,212697081,212697081,1782865029771796,True,True
60352324,1.66500000,4.80000000,212697082,212697085,1782865052267532,False,True
60352325,1.66400000,17.62000000,212697086,212697086,1782865059771220,True,True
60352326,1.66500000,30.29000000,212697087,212697090,1782865073177667,False,True
60352327,1.66500000,129.27000000,212697091,212697092,1782865073177783,False,True
60352328,1.66500000,129.27000000,212697093,212697093,1782865073177849,False,True
60352329,1.66500000,4.08000000,212697094,212697094,1782865074459529,False,True
60352330,1.66400000,9.85700000,212697095,212697095,1782865074771160,True,True
60352331,1.66500000,12.93900000,212697096,212697096,1782865079661804,False,True
60352332,1.66500000,19.78000000,212697097,212697097,1782865079661817,False,True
60352333,1.66500000,5.41000000,212697098,212697101,1782865096174419,False,True
60352334,1.66500000,362.66700000,212697102,212697107,1782865129167478,False,True
60352335,1.66600000,237.79000000,212697108,212697108,1782865129167478,False,True
60352336,1.66500000,342.10200000,212697109,212697110,1782865143424201,True,True
60352337,1.66500000,227.45200000,212697111,212697116,1782865147318252,True,True
60352338,1.66500000,1.23200000,212697117,212697118,1782865147320541,True,True
60352339,1.66500000,40.60100000,212697119,212697120,1782865147323649,True,True
60352340,1.66500000,181.92000000,212697121,212697122,1782865147326887,False,True
60352341,1.66500000,5.41000000,212697123,212697125,1782865186637752,False,True
60352342,1.66500000,11.73000000,212697126,212697126,1782865235279860,False,True
60352343,1.66500000,31.87200000,212697127,212697127,1782865235280686,False,True
60352344,1.66500000,356.11900000,212697128,212697132,1782865235284581,False,True
60352345,1.66500000,3.09500000,212697133,212697137,1782865235323151,False,True
60352346,1.66500000,5.40000000,212697138,212697138,1782865249169843,True,True
60352347,1.66500000,2255.22700000,212697139,212697153,1782865265924887,True,True
60352348,1.66500000,118.87800000,212697154,212697154,1782865265925985,True,True
60352349,1.66500000,993.74700000,212697155,212697158,1782865265926095,True,True
60352350,1.66500000,706.21900000,212697159,212697160,1782865265926111,True,True
60352351,1.66500000,73.69600000,212697161,212697161,1782865265935022,False,True
60352352,1.66500000,16.38200000,212697162,212697162,1782865265935158,False,True
60352353,1.66500000,587.19600000,212697163,212697168,1782865265935441,False,True
60352354,1.66500000,168.77700000,212697169,212697172,1782865275031242,True,True
60352355,1.66500000,1.20200000,212697173,212697174,1782865275032575,True,True
60352356,1.66400000,2416.35700000,212697175,212697188,1782865292304571,True,True
60352357,1.66400000,3.09500000,212697189,212697193,1782865292319394,True,True
60352358,1.66300000,26.79700000,212697194,212697196,1782865312605358,True,True
60352359,1.66300000,0.79000000,212697197,212697198,1782865312605820,True,True
60352360,1.66300000,31.66900000,212697199,212697205,1782865312607067,True,True
60352361,1.66300000,212.83000000,212697206,212697206,1782865312607484,True,True
60352362,1.66300000,1034.21800000,212697207,212697207,1782865312610458,True,True
60352363,1.66300000,90.07800000,212697208,212697208,1782865312612699,True,True
60352364,1.66300000,48.72000000,212697209,212697209,1782865312613909,True,True
60352365,1.66300000,129.40100000,212697210,212697210,1782865312614863,True,True
60352366,1.66300000,1162.00200000,212697211,212697214,1782865312628373,True,True
60352367,1.66300000,264.90700000,212697215,212697219,1782865312661641,True,True
60352368,1.66300000,29.50300000,212697220,212697221,1782865312667961,True,True
60352369,1.66300000,29.50300000,212697222,212697222,1782865312668038,True,True
60352370,1.66300000,60.89900000,212697223,212697223,1782865312668324,True,True
60352371,1.66300000,660.94700000,212697224,212697231,1782865312670591,True,True
60352372,1.66300000,341.41700000,212697232,212697236,1782865312941387,False,True
60352373,1.66300000,147.00400000,212697237,212697241,1782865316510784,True,True
60352374,1.66300000,0.63200000,212697242,212697242,1782865316512953,True,True
60352375,1.66300000,100.00000000,212697243,212697243,1782865319526111,False,True
60352376,1.66200000,1462.21400000,212697244,212697252,1782865326730530,True,True
60352377,1.66200000,1085.37200000,212697253,212697257,1782865401168157,True,True
60352378,1.66200000,1.23400000,212697258,212697259,1782865401170777,True,True
60352379,1.66200000,3.70200000,212697260,212697265,1782865401194623,True,True
60352380,1.66200000,4.82000000,212697266,212697266,1782865403011822,False,True
60352381,1.66100000,4698.80800000,212697267,212697299,1782865435229854,True,True
60352382,1.66000000,5392.28800000,212697300,212697304,1782865435229854,True,True
60352383,1.66100000,29.50300000,212697305,212697305,1782865435231514,False,True
60352384,1.66100000,226.76100000,212697306,212697306,1782865435231656,False,True
60352385,1.66100000,14.48000000,212697307,212697309,1782865435233026,False,True
60352386,1.66100000,515.86100000,212697310,212697314,1782865437358045,False,True
60352387,1.66100000,1.89800000,212697315,212697317,1782865438906540,False,True
60352388,1.66100000,4.81000000,212697318,212697318,1782865442114176,True,True
60352389,1.66100000,1889.77900000,212697319,212697325,1782865522490339,True,True
60352390,1.66100000,273.91000000,212697326,212697327,1782865522492436,False,True
60352391,1.66100000,1.89600000,212697328,212697330,1782865533742473,False,True
60352392,1.66200000,2.91700000,212697331,212697332,1782865533742473,False,True
60352393,1.66100000,855.55100000,212697333,212697337,1782865539906259,True,True
60352394,1.66000000,813.12500000,212697338,212697356,1782865539927363,True,True
60352395,1.66000000,473.36800000,212697357,212697365,1782865539927417,True,True
60352396,1.65900000,823.01000000,212697366,212697379,1782865539929491,True,True
60352397,1.65900000,600.25000000,212697380,212697385,1782865540014851,True,True
60352398,1.65900000,60.03000000,212697386,212697386,1782865540014865,True,True
60352399,1.66000000,48.11300000,212697387,212697390,1782865540203588,False,True
60352400,1.65900000,2055.60800000,212697391,212697398,1782865562170665,True,True
60352401,1.65900000,1.89900000,212697399,212697401,1782865562645693,False,True
60352402,1.65900000,514.68300000,212697402,212697409,1782865581665415,True,True
60352403,1.65800000,9.94100000,212697410,212697415,1782865590921471,True,True
60352404,1.65800000,2864.70200000,212697416,212697422,1782865618299456,True,True
60352405,1.65800000,48.72000000,212697423,212697427,1782865618313218,True,True
60352406,1.65800000,67.53100000,212697428,212697428,1782865635255604,True,True
60352407,1.65900000,1.89900000,212697429,212697431,1782865640733909,False,True
60352408,1.66000000,5.31300000,212697432,212697432,1782865640733909,False,True
60352409,1.65900000,7.17800000,212697433,212697434,1782865664618311,True,True
60352410,1.66000000,8631.34800000,212697435,212697448,1782865672387182,False,True
60352411,1.66000000,0.66300000,212697449,212697449,1782865672404055,True,True
60352412,1.66100000,38.35900000,212697450,212697457,1782865672769184,False,True
60352413,1.66100000,39.93200000,212697458,212697458,1782865686815464,True,True
60352414,1.66200000,12.13900000,212697459,212697463,1782865697057858,False,True
60352415,1.66200000,13.89300000,212697464,212697466,1782865714306841,False,True
60352416,1.66200000,1.89600000,212697467,212697469,1782865740394574,False,True
60352417,1.66300000,48.72000000,212697470,212697471,1782865745637843,False,True
60352418,1.66300000,80.31300000,212697472,212697477,1782865745828708,False,True
60352419,1.66300000,153.25200000,212697478,212697478,1782865752509410,False,True
60352420,1.66300000,25.20500000,212697479,212697479,1782865752520568,False,True
60352421,1.66300000,21.07800000,212697480,212697480,1782865752533229,False,True
60352422,1.66300000,44.68000000,212697481,212697481,1782865752572768,False,True
60352423,1.66300000,44.02200000,212697482,212697482,1782865752597583,False,True
60352424,1.66300000,30.33000000,212697483,212697485,1782865752624686,False,True
60352425,1.66300000,137.82900000,212697486,212697488,1782865758230441,False,True
60352426,1.66300000,90.35200000,212697489,212697489,1782865758232977,False,True
60352427,1.66300000,107.03900000,212697490,212697490,1782865758253124,False,True
60352428,1.66300000,31.42200000,212697491,212697493,1782865758294580,False,True
60352429,1.66300000,1.89600000,212697494,212697496,1782865781632788,False,True
60352430,1.66400000,15.62600000,212697497,212697506,1782865802247913,False,True
60352431,1.66500000,5.81900000,212697507,212697507,1782865807748231,False,True
60352432,1.66400000,42.12000000,212697508,212697508,1782865811962593,True,True
60352433,1.66400000,100.24100000,212697509,212697509,1782865813593718,True,True
60352434,1.66400000,5.41000000,212697510,212697512,1782865841067067,True,True
60352435,1.66500000,32.19200000,212697513,212697519,1782865850011527,False,True
60352436,1.66600000,12.83900000,212697520,212697526,1782865861266023,False,True
60352437,1.66600000,0.71400000,212697527,212697528,1782865861267469,False,True
60352438,1.66600000,10.00000000,212697529,212697529,1782865864595188,True,True
60352439,1.66700000,323.63800000,212697530,212697535,1782865871072929,False,True
60352440,1.66700000,3.09300000,212697536,212697540,1782865871075993,False,True
60352441,1.66800000,432.38000000,212697541,212697552,1782865872553429,False,True
60352442,1.66900000,0.60300000,212697553,212697553,1782865872573701,False,True
60352443,1.66800000,1143.65200000,212697554,212697562,1782865873476661,True,True
60352444,1.66800000,1.23000000,212697563,212697564,1782865873480492,True,True
60352445,1.66800000,228.73000000,212697565,212697565,1782865873482291,True,True
60352446,1.66800000,1.86000000,212697566,212697568,1782865873483305,True,True
60352447,1.66700000,0.65500000,212697569,212697569,1782865875635146,True,True
60352448,1.66800000,48.52500000,212697570,212697573,1782865908164561,False,True
60352449,1.66800000,59.87100000,212697574,212697577,1782865908164955,False,True
60352450,1.66800000,766.36100000,212697578,212697585,1782865916528861,True,True
60352451,1.66800000,1.20000000,212697586,212697587,1782865916529070,True,True
60352452,1.66800000,390.95600000,212697588,212697591,1782865950798547,False,True
60352453,1.66800000,2424.73300000,212697592,212697599,1782865991901657,True,True
60352454,1.66800000,118.13400000,212697600,212697601,1782865991907141,True,True
60352455,1.66800000,120.45700000,212697602,212697602,1782865991907912,True,True
60352456,1.66800000,248.81500000,212697603,212697606,1782865991971717,True,True
60352457,1.66800000,51.56300000,212697607,212697610,1782865991973461,True,True
60352458,1.66800000,543.08800000,212697611,212697614,1782866016472032,False,True
60352459,1.66900000,58.00100000,212697615,212697621,1782866017522598,False,True
60352460,1.66900000,1.19500000,212697622,212697623,1782866017524596,False,True
60352461,1.66900000,1.23100000,212697624,212697626,1782866017524908,False,True
60352462,1.66900000,53.13000000,212697627,212697627,1782866017524912,False,True
60352463,1.66900000,2.49000000,212697628,212697631,1782866017526937,False,True
60352464,1.67000000,399.46300000,212697632,212697643,1782866023896527,False,True
60352465,1.67000000,31.53100000,212697644,212697644,1782866048973800,True,True
60352466,1.67100000,8729.08200000,212697645,212697663,1782866078071525,False,True
60352467,1.67200000,4093.96400000,212697664,212697667,1782866078071525,False,True
60352468,1.67100000,335.03800000,212697668,212697668,1782866078422198,True,True
60352469,1.67100000,20.00000000,212697669,212697670,1782866080610511,True,True
60352470,1.67100000,4.10000000,212697671,212697671,1782866083116974,True,True
60352471,1.67200000,2.99000000,212697672,212697672,1782866091295906,False,True
60352472,1.67100000,124.62100000,212697673,212697674,1782866092017993,True,True
60352473,1.67200000,2.27100000,212697675,212697678,1782866108971955,False,True
60352474,1.67100000,33.31700000,212697679,212697679,1782866112583339,True,True
60352475,1.67100000,82.61600000,212697680,212697680,1782866112583542,True,True
60352476,1.67100000,29.67600000,212697681,212697681,1782866112583698,True,True
60352477,1.67100000,8.85800000,212697682,212697682,1782866112584307,True,True
60352478,1.67100000,360.27600000,212697683,212697690,1782866112584335,True,True
60352479,1.67100000,194.03500000,212697691,212697691,1782866112584426,True,True
60352480,1.67100000,7.81100000,212697692,212697695,1782866112584430,True,True
60352481,1.67100000,176.78900000,212697696,212697696,1782866112586402,False,True
60352482,1.67100000,704.63100000,212697697,212697702,1782866115808451,False,True
60352483,1.67200000,464.16300000,212697703,212697705,1782866115808451,False,True
60352484,1.67100000,41.28100000,212697706,212697706,1782866119794988,True,True
60352485,1.67100000,48.46100000,212697707,212697707,1782866135523457,True,True
60352486,1.67100000,48.72000000,212697708,212697709,1782866138751952,True,True
60352487,1.67100000,22.08000000,212697710,212697710,1782866138753344,True,True
60352488,1.67100000,69.43700000,212697711,212697713,1782866138765605,True,True
60352489,1.67000000,2998.21100000,212697714,212697728,1782866138770097,True,True
60352490,1.67000000,56.99400000,212697729,212697731,1782866142156479,False,True
60352491,1.66900000,1.50000000,212697732,212697732,1782866157445233,True,True
60352492,1.66900000,2336.50300000,212697733,212697742,1782866188055494,True,True
60352493,1.66900000,1.82900000,212697743,212697745,1782866188056398,True,True
60352494,1.66800000,103.09100000,212697746,212697746,1782866188056398,True,True
60352495,1.66800000,292.39000000,212697747,212697748,1782866188056566,True,True
60352496,1.66800000,106.52600000,212697749,212697763,1782866188056658,True,True
60352497,1.66700000,22.35400000,212697764,212697764,1782866188056658,True,True
60352498,1.66700000,292.39000000,212697765,212697773,1782866188056690,True,True
60352499,1.66700000,292.39000000,212697774,212697775,1782866188056799,True,True
60352500,1.66700000,292.39000000,212697776,212697781,1782866188057000,True,True
60352501,1.66700000,56.99400000,212697782,212697785,1782866188059367,True,True
60352502,1.66700000,60.03000000,212697786,212697786,1782866188234256,True,True
60352503,1.66700000,257.76700000,212697787,212697787,1782866192363440,True,True
60352504,1.66700000,12.48700000,212697788,212697792,1782866192363514,True,True
60352505,1.66700000,6.60000000,212697793,212697793,1782866194967123,False,True
60352506,1.66600000,646.18300000,212697794,212697798,1782866211753069,True,True
60352507,1.66600000,1773.77100000,212697799,212697808,1782866211753275,True,True
60352508,1.66500000,27.10000000,212697809,212697815,1782866246344802,True,True
60352509,1.66500000,5.25700000,212697816,212697816,1782866262794588,True,True
60352510,1.66600000,58.70700000,212697817,212697817,1782866285264510,False,True
60352511,1.66600000,60.44200000,212697818,212697818,1782866285264648,False,True
60352512,1.66600000,459.24800000,212697819,212697820,1782866285264777,False,True
60352513,1.66600000,13.28500000,212697821,212697821,1782866285265753,False,True
60352514,1.66600000,31.42900000,212697822,212697824,1782866285265925,False,True
60352515,1.66600000,14.14300000,212697825,212697825,1782866285265992,False,True
60352516,1.66600000,476.52400000,212697826,212697833,1782866285266068,False,True
60352517,1.66700000,6.60000000,212697834,212697834,1782866288134852,False,True
60352518,1.66600000,2.07700000,212697835,212697835,1782866327017121,True,True
60352519,1.66600000,323.31300000,212697836,212697839,1782866337282225,True,True
60352520,1.66600000,48.72000000,212697840,212697840,1782866337282429,True,True
60352521,1.66600000,146.57700000,212697841,212697841,1782866337282573,True,True
60352522,1.66600000,111.39500000,212697842,212697842,1782866337282824,True,True
60352523,1.66600000,81.71900000,212697843,212697843,1782866337282961,True,True
60352524,1.66600000,3.67400000,212697844,212697844,1782866337282983,True,True
60352525,1.66600000,48.72000000,212697845,212697845,1782866337283971,True,True
60352526,1.66600000,1.59800000,212697846,212697846,1782866337285167,True,True
60352527,1.66600000,48.72000000,212697847,212697847,1782866337285327,True,True
60352528,1.66600000,167.19900000,212697848,212697848,1782866337298343,True,True
60352529,1.66600000,12.44300000,212697849,212697849,1782866337308732,True,True
60352530,1.66600000,12.54900000,212697850,212697850,1782866337319014,True,True
60352531,1.66600000,139.32400000,212697851,212697851,1782866337448414,True,True
60352532,1.66600000,23.29400000,212697852,212697852,1782866337460194,True,True
60352533,1.66600000,26.47700000,212697853,212697853,1782866337490437,True,True
60352534,1.66600000,45.30800000,212697854,212697854,1782866337528037,True,True
60352535,1.66600000,158.66800000,212697855,212697855,1782866338282956,True,True
60352536,1.66600000,65.28100000,212697856,212697856,1782866338337094,True,True
60352537,1.66600000,121.88900000,212697857,212697857,1782866338438840,True,True
60352538,1.66600000,121.95900000,212697858,212697858,1782866338540027,True,True
60352539,1.66600000,10.43800000,212697859,212697859,1782866338554607,True,True
60352540,1.66600000,1.76000000,212697860,212697860,1782866346798195,True,True
60352541,1.66600000,4.80000000,212697861,212697861,1782866357276861,True,True
60352542,1.66600000,251.36600000,212697862,212697869,1782866388810230,True,True
60352543,1.66600000,1.23200000,212697870,212697871,1782866388810416,True,True
60352544,1.66600000,101.00000000,212697872,212697872,1782866413274721,False,True
60352545,1.66600000,514.21400000,212697873,212697876,1782866441771146,False,True
60352546,1.66600000,66.39800000,212697877,212697879,1782866441771156,False,True
60352547,1.66600000,124.72100000,212697880,212697882,1782866441771186,False,True
60352548,1.66600000,124.50800000,212697883,212697887,1782866441773853,False,True
60352549,1.66700000,1.30700000,212697888,212697890,1782866448717058,False,True
60352550,1.66600000,4.80000000,212697891,212697891,1782866449241811,True,True
60352551,1.66700000,537.58300000,212697892,212697900,1782866518687376,False,True
60352552,1.66700000,0.63100000,212697901,212697901,1782866518692451,False,True
60352553,1.66700000,23.09400000,212697902,212697903,1782866518694164,False,True
60352554,1.66700000,0.63100000,212697904,212697904,1782866518695398,False,True
60352555,1.66700000,1.26200000,212697905,212697906,1782866518702632,False,True
60352556,1.66700000,1.26200000,212697907,212697908,1782866518705660,False,True
60352557,1.66700000,0.63100000,212697909,212697909,1782866518708031,False,True
60352558,1.66700000,0.63100000,212697910,212697910,1782866518710733,False,True
60352559,1.66700000,23.75300000,212697911,212697913,1782866522911243,False,True
60352560,1.66700000,1498.66100000,212697914,212697925,1782866554979480,True,True
60352561,1.66700000,6.00000000,212697926,212697926,1782866662554359,True,True
60352562,1.66800000,411.25700000,212697927,212697939,1782866680089067,False,True
60352563,1.66700000,41.86000000,212697940,212697940,1782866738819924,True,True
60352564,1.66800000,116.29500000,212697941,212697944,1782866765270713,False,True
60352565,1.66900000,4.41200000,212697945,212697945,1782866765410192,False,True
60352566,1.66800000,4.39300000,212697946,212697946,1782866777545066,True,True
60352567,1.66800000,180.45400000,212697947,212697952,1782866784536418,True,True
60352568,1.66700000,3.00000000,212697953,212697956,1782866786524498,True,True
60352569,1.66700000,2392.60000000,212697957,212697964,1782866786524586,True,True
60352570,1.66700000,7.83600000,212697965,212697965,1782866792213035,False,True
60352571,1.66700000,5.00000000,212697966,212697966,1782866877511175,False,True
60352572,1.66600000,400.99400000,212697967,212697969,1782866893031269,True,True
60352573,1.66600000,415.61100000,212697970,212697977,1782866893031334,True,True
60352574,1.66600000,481.80100000,212697978,212697978,1782866893031413,True,True
60352575,1.66600000,121.09000000,212697979,212697979,1782866893031418,True,True
60352576,1.66600000,485.92300000,212697980,212697980,1782866893031484,True,True
60352577,1.66600000,314.99900000,212697981,212697981,1782866893033428,True,True
60352578,1.66600000,586.36400000,212697982,212697982,1782866898778799,True,True
60352579,1.66600000,3.00200000,212697983,212697983,1782866898781316,True,True
60352580,1.66600000,768.61700000,212697984,212697984,1782866898838528,True,True
60352581,1.66600000,64.23500000,212697985,212697989,1782866898840234,True,True
60352582,1.66600000,64.44800000,212697990,212697990,1782866898840324,True,True
60352583,1.66600000,39.75100000,212697991,212697992,1782866898841412,True,True
60352584,1.66600000,3.69600000,212697993,212697998,1782866947764200,False,True
60352585,1.66700000,419.54000000,212697999,212698004,1782866947765864,False,True
60352586,1.66700000,9.95000000,212698005,212698009,1782866977776821,False,True
60352587,1.66700000,188.23000000,212698010,212698017,1782866977820564,False,True
60352588,1.66700000,5.90200000,212698018,212698021,1782866977824119,False,True
60352589,1.66700000,1.80000000,212698022,212698024,1782866977826099,False,True
60352590,1.66800000,8.66200000,212698025,212698030,1782866998573089,False,True
60352591,1.66700000,6.00000000,212698031,212698031,1782867052196297,True,True
60352592,1.66800000,5.40000000,212698032,212698034,1782867087699299,False,True
60352593,1.66700000,3.33000000,212698035,212698036,1782867101616355,True,True
60352594,1.66800000,1.89000000,212698037,212698039,1782867111238990,False,True
60352595,1.66900000,16.84300000,212698040,212698047,1782867120260853,False,True
60352596,1.66900000,0.65900000,212698048,212698048,1782867120323437,True,True
60352597,1.67000000,40.48400000,212698049,212698060,1782867162202922,False,True
60352598,1.67000000,34.35500000,212698061,212698061,1782867162302298,True,True
60352599,1.67000000,900.08400000,212698062,212698069,1782867162630840,True,True
60352600,1.67000000,567.77300000,212698070,212698075,1782867163404174,True,True
60352601,1.67100000,17.96700000,212698076,212698083,1782867164310784,False,True
60352602,1.67100000,757.82900000,212698084,212698089,1782867164344600,True,True
60352603,1.67100000,327.33600000,212698090,212698095,1782867164413464,True,True
60352604,1.67000000,514.45900000,212698096,212698099,1782867164413464,True,True
60352605,1.67100000,78.24100000,212698100,212698105,1782867164810141,False,True
60352606,1.67100000,87.91400000,212698106,212698106,1782867164810185,False,True
60352607,1.67100000,225.29600000,212698107,212698108,1782867164810705,False,True
60352608,1.67100000,284.16100000,212698109,212698109,1782867164911970,True,True
60352609,1.67100000,173.08900000,212698110,212698112,1782867167217358,True,True
60352610,1.67100000,0.62900000,212698113,212698113,1782867167217388,True,True
60352611,1.67000000,28.97100000,212698114,212698117,1782867255807246,True,True
60352612,1.67000000,947.69800000,212698118,212698118,1782867255809517,True,True
60352613,1.67000000,440.78400000,212698119,212698119,1782867255811153,True,True
60352614,1.67000000,2.99500000,212698120,212698120,1782867256939905,True,True
60352615,1.67000000,196.87900000,212698121,212698121,1782867262406204,True,True
60352616,1.67000000,142.42300000,212698122,212698122,1782867262406891,True,True
60352617,1.67000000,388.31500000,212698123,212698123,1782867287260701,True,True
60352618,1.67000000,754.58600000,212698124,212698124,1782867287261407,True,True
60352619,1.67000000,72.61400000,212698125,212698131,1782867287263808,True,True
60352620,1.67000000,2.01200000,212698132,212698132,1782867303606821,False,True
60352621,1.67000000,1.88700000,212698133,212698135,1782867330269619,False,True
60352622,1.67100000,5.05300000,212698136,212698139,1782867361100908,False,True
60352623,1.67100000,1.68300000,212698140,212698142,1782867361104430,False,True
60352624,1.67100000,16.00000000,212698143,212698144,1782867398787938,True,True
60352625,1.67100000,142.80900000,212698145,212698151,1782867402677829,True,True
60352626,1.67000000,8.62300000,212698152,212698153,1782867402682171,True,True
60352627,1.67000000,983.98000000,212698154,212698161,1782867402682600,True,True
60352628,1.67000000,1782.56600000,212698162,212698163,1782867402683740,True,True
60352629,1.66900000,91.06000000,212698164,212698165,1782867402684109,True,True
60352630,1.66900000,91.06000000,212698166,212698166,1782867402684139,True,True
60352631,1.66900000,91.06000000,212698167,212698167,1782867402684175,True,True
60352632,1.66900000,257.55000000,212698168,212698171,1782867402684290,True,True
60352633,1.66900000,257.55000000,212698172,212698172,1782867402684417,True,True
60352634,1.66900000,91.06000000,212698173,212698173,1782867402684666,True,True
60352635,1.66900000,2.99600000,212698174,212698174,1782867402685031,True,True
60352636,1.66900000,315.00000000,212698175,212698175,1782867402817803,True,True
60352637,1.66900000,690.91600000,212698176,212698176,1782867404690462,True,True
60352638,1.66900000,215.05700000,212698177,212698177,1782867405058879,True,True
60352639,1.66900000,625.65800000,212698178,212698184,1782867405060932,True,True
60352640,1.66900000,49.00500000,212698185,212698187,1782867405069628,True,True
60352641,1.66900000,79.78400000,212698188,212698192,1782867405095428,True,True
60352642,1.66800000,200.24100000,212698193,212698199,1782867492640992,True,True
60352643,1.66800000,54.36500000,212698200,212698200,1782867492667883,True,True
60352644,1.66800000,13.99100000,212698201,212698201,1782867492680379,True,True
60352645,1.66800000,26.90400000,212698202,212698202,1782867492710022,True,True
60352646,1.66800000,28.70900000,212698203,212698203,1782867492728464,True,True
60352647,1.66800000,8.53500000,212698204,212698204,1782867492740697,True,True
60352648,1.66800000,34.58200000,212698205,212698205,1782867492769465,True,True
60352649,1.66800000,21.94700000,212698206,212698206,1782867492787448,True,True
60352650,1.66800000,39.08900000,212698207,212698207,1782867492815995,True,True
60352651,1.66800000,24.91600000,212698208,212698208,1782867492844161,True,True
60352652,1.66800000,181.53800000,212698209,212698209,1782867493005427,True,True
60352653,1.66800000,16.69700000,212698210,212698210,1782867493019226,True,True
60352654,1.66800000,31.99000000,212698211,212698211,1782867493062464,True,True
60352655,1.66800000,35.87000000,212698212,212698212,1782867493092217,True,True
60352656,1.66800000,76.90300000,212698213,212698213,1782867493137619,True,True
60352657,1.66800000,67.50100000,212698214,212698214,1782867493194113,True,True
60352658,1.66800000,50.65500000,212698215,212698215,1782867493243684,True,True
60352659,1.66800000,28.10900000,212698216,212698216,1782867493255480,True,True
60352660,1.66800000,47.74700000,212698217,212698217,1782867493295354,True,True
60352661,1.66800000,22.22000000,212698218,212698218,1782867493313691,True,True
60352662,1.66800000,201.77200000,212698219,212698219,1782867494003918,True,True
60352663,1.66800000,34.33900000,212698220,212698220,1782867494032639,True,True
60352664,1.66800000,61.83900000,212698221,212698221,1782867494085061,True,True
60352665,1.66800000,23.80700000,212698222,212698222,1782867494104922,True,True
60352666,1.66800000,53.55200000,212698223,212698223,1782867494149571,True,True
60352667,1.66800000,29.10400000,212698224,212698224,1782867494179468,True,True
60352668,1.66800000,32.08400000,212698225,212698225,1782867494206375,True,True
60352669,1.66800000,10.55400000,212698226,212698226,1782867494225359,True,True
60352670,1.66800000,44.87800000,212698227,212698227,1782867494258502,True,True
60352671,1.66800000,58.27700000,212698228,212698228,1782867494307097,True,True
60352672,1.66800000,181.22500000,212698229,212698229,1782867495015382,True,True
60352673,1.66800000,41.93200000,212698230,212698230,1782867495045732,True,True
60352674,1.66800000,85.11000000,212698231,212698231,1782867495116853,True,True
60352675,1.66800000,121.49800000,212698232,212698232,1782867495217599,True,True
60352676,1.66800000,115.39700000,212698233,212698233,1782867495319396,True,True
60352677,1.66800000,51.81500000,212698234,212698234,1782867495371719,True,True
60352678,1.66800000,58.50700000,212698235,212698235,1782867495420505,True,True
60352679,1.66800000,32.62700000,212698236,212698236,1782867495438940,True,True
60352680,1.66800000,63.00400000,212698237,212698237,1782867495497695,True,True
60352681,1.66800000,29.13400000,212698238,212698238,1782867495521994,True,True
60352682,1.66800000,172.35800000,212698239,212698239,1782867496028208,True,True
60352683,1.66800000,72.20000000,212698240,212698240,1782867496089429,True,True
60352684,1.66800000,48.04200000,212698241,212698241,1782867496129049,True,True
60352685,1.66800000,23.79700000,212698242,212698242,1782867496144149,True,True
60352686,1.66800000,16.42600000,212698243,212698243,1782867496157969,True,True
60352687,1.66800000,28.98200000,212698244,212698244,1782867496181997,True,True
60352688,1.66800000,60.62900000,212698245,212698245,1782867496231388,True,True
60352689,1.66800000,34.93100000,212698246,212698254,1782867496233087,True,True
60352690,1.66700000,6.04800000,212698255,212698255,1782867497082993,True,True
60352691,1.66800000,26.70100000,212698256,212698260,1782867547299337,False,True
60352692,1.66800000,5.39000000,212698261,212698261,1782867549125868,True,True
60352693,1.66800000,1723.62900000,212698262,212698269,1782867563999012,True,True
60352694,1.66800000,775.85900000,212698270,212698270,1782867588044304,False,True
60352695,1.66800000,5.99700000,212698271,212698271,1782867588046931,False,True
60352696,1.66800000,832.66100000,212698272,212698272,1782867588048556,False,True
60352697,1.66800000,107.99800000,212698273,212698273,1782867588050245,False,True
60352698,1.66800000,61.13200000,212698274,212698274,1782867588050294,False,True
60352699,1.66800000,23.81800000,212698275,212698275,1782867588050811,False,True
60352700,1.66800000,808.79300000,212698276,212698279,1782867588050944,False,True
60352701,1.66900000,4.80000000,212698280,212698280,1782867590632797,False,True
60352702,1.66900000,1.39300000,212698281,212698281,1782867592385564,False,True
60352703,1.66900000,6.59000000,212698282,212698282,1782867630031212,False,True
60352704,1.66900000,6.71000000,212698283,212698283,1782867659194019,False,True
60352705,1.66900000,5.40000000,212698284,212698284,1782867660732693,False,True
60352706,1.66800000,6.59000000,212698285,212698285,1782867701951270,True,True
60352707,1.66900000,721.57100000,212698286,212698297,1782867716202771,False,True
60352708,1.67000000,18.95300000,212698298,212698306,1782867727442591,False,True
60352709,1.67000000,597.72900000,212698307,212698309,1782867727479269,True,True
60352710,1.67000000,166.23900000,212698310,212698313,1782867730664345,True,True
60352711,1.67000000,11.97600000,212698314,212698314,1782867731064062,False,True
60352712,1.66900000,21.53900000,212698315,212698315,1782867738032206,True,True
60352713,1.66900000,200.41000000,212698316,212698321,1782867738494504,True,True
60352714,1.66900000,179.88600000,212698322,212698328,1782867745005063,True,True
60352715,1.66900000,1.22900000,212698329,212698330,1782867745005196,True,True
60352716,1.66900000,27.79800000,212698331,212698336,1782867760995712,False,True
60352717,1.66900000,2.62900000,212698337,212698341,1782867760997209,False,True
60352718,1.67000000,4.79000000,212698342,212698343,1782867762077956,False,True
60352719,1.66900000,39.51800000,212698344,212698344,1782867768951431,True,True
60352720,1.66900000,13.68700000,212698345,212698351,1782867843123807,True,True
60352721,1.66800000,2.99800000,212698352,212698354,1782867855624848,True,True
60352722,1.66800000,38.46400000,212698355,212698361,1782867855624984,True,True
60352723,1.66800000,12.95200000,212698362,212698365,1782867855625155,True,True
60352724,1.66700000,37.66600000,212698366,212698378,1782867857769452,True,True
60352725,1.66700000,5.40000000,212698379,212698379,1782867859451348,False,True
60352726,1.66600000,22.77300000,212698380,212698380,1782867900132920,True,True
60352727,1.66600000,8201.66000000,212698381,212698394,1782867902296082,True,True
60352728,1.66600000,0.60100000,212698395,212698395,1782867902299549,True,True
60352729,1.66600000,0.60100000,212698396,212698396,1782867902299622,True,True
60352730,1.66600000,0.60100000,212698397,212698398,1782867902299837,True,True
60352731,1.66600000,0.60100000,212698399,212698400,1782867902300036,True,True
60352732,1.66600000,0.60100000,212698401,212698402,1782867902300174,True,True
60352733,1.66600000,0.09000000,212698403,212698403,1782867902300457,True,True
60352734,1.66500000,27.13700000,212698404,212698414,1782867913549897,True,True
60352735,1.66500000,0.63100000,212698415,212698416,1782867913552382,True,True
60352736,1.66500000,292.48100000,212698417,212698423,1782867954986131,False,True
60352737,1.66600000,12.26400000,212698424,212698433,1782867962925150,False,True
60352738,1.66600000,1.80300000,212698434,212698436,1782867963843998,True,True
60352739,1.66600000,3.69600000,212698437,212698442,1782867965591547,False,True
60352740,1.66600000,11.80300000,212698443,212698446,1782867972769355,True,True
60352741,1.66600000,0.60000000,212698447,212698447,1782867979993251,False,True
60352742,1.66500000,40.87700000,212698448,212698456,1782867993617044,True,True
60352743,1.66500000,0.38400000,212698457,212698457,1782867993619053,True,True
60352744,1.66500000,24.68700000,212698458,212698461,1782868007043947,False,True
60352745,1.66500000,19.62100000,212698462,212698466,1782868007745106,True,True
60352746,1.66500000,1.69100000,212698467,212698467,1782868010412822,False,True
60352747,1.66400000,3.00600000,212698468,212698469,1782868023696999,True,True
60352748,1.66400000,37.14100000,212698470,212698480,1782868023794452,True,True
60352749,1.66300000,126.88900000,212698481,212698481,1782868029508181,True,True
60352750,1.66300000,139.55500000,212698482,212698482,1782868033480775,True,True
60352751,1.66400000,20.80500000,212698483,212698486,1782868035327198,False,True
60352752,1.66500000,10.84100000,212698487,212698491,1782868057660011,False,True
60352753,1.66500000,9.81000000,212698492,212698492,1782868058146397,False,True
60352754,1.66500000,58.58400000,212698493,212698493,1782868058211241,False,True
60352755,1.66500000,32.97800000,212698494,212698494,1782868058212469,False,True
60352756,1.66500000,19.41700000,212698495,212698496,1782868058212912,False,True
60352757,1.66500000,22.81400000,212698497,212698500,1782868058219510,False,True
60352758,1.66500000,70.82600000,212698501,212698505,1782868082700020,True,True
60352759,1.66500000,1.20200000,212698506,212698507,1782868082706439,True,True
60352760,1.66400000,12.22400000,212698508,212698515,1782868114232111,True,True
60352761,1.66400000,9.43900000,212698516,212698518,1782868114377870,True,True
60352762,1.66400000,1.86300000,212698519,212698521,1782868114625253,True,True
60352763,1.66400000,1.89300000,212698522,212698524,1782868114628542,True,True
60352764,1.66400000,6.61000000,212698525,212698525,1782868116924592,False,True
60352765,1.66300000,3.55700000,212698526,212698526,1782868129616710,True,True
60352766,1.66400000,22.65100000,212698527,212698527,1782868136530429,False,True
60352767,1.66400000,51.61500000,212698528,212698532,1782868136530486,False,True
60352768,1.66500000,2155.16500000,212698533,212698550,1782868136530505,False,True
60352769,1.66500000,12.46600000,212698551,212698555,1782868156981570,True,True
60352770,1.66500000,3.03600000,212698556,212698560,1782868156982220,True,True
60352771,1.66400000,15.95900000,212698561,212698561,1782868156984014,True,True
60352772,1.66400000,3.29000000,212698562,212698563,1782868156984031,True,True
60352773,1.66400000,3.29000000,212698564,212698567,1782868156984060,True,True
60352774,1.66400000,1.56000000,212698568,212698568,1782868156984125,True,True
60352775,1.66400000,3.29000000,212698569,212698572,1782868156984171,True,True
60352776,1.66400000,12.06300000,212698573,212698577,1782868156984176,True,True
60352777,1.66300000,117.12700000,212698578,212698579,1782868156984176,True,True
60352778,1.66300000,105.17000000,212698580,212698580,1782868156984179,True,True
60352779,1.66300000,3.29000000,212698581,212698581,1782868156984205,True,True
60352780,1.66300000,1.56000000,212698582,212698582,1782868156984338,True,True
60352781,1.66300000,1.56000000,212698583,212698583,1782868156984383,True,True
60352782,1.66300000,92.39400000,212698584,212698600,1782868156990826,True,True
60352783,1.66300000,28.48800000,212698601,212698601,1782868156992919,False,True
60352784,1.66300000,13.20500000,212698602,212698602,1782868157942709,False,True
60352785,1.66200000,5.41000000,212698603,212698603,1782868188469812,True,True
60352786,1.66200000,2.12800000,212698604,212698604,1782868200302965,True,True
60352787,1.66300000,172.33200000,212698605,212698607,1782868200327521,False,True
60352788,1.66300000,120.26700000,212698608,212698609,1782868200327757,False,True
60352789,1.66300000,23.81600000,212698610,212698614,1782868215806869,True,True
60352790,1.66300000,107.03100000,212698615,212698615,1782868215841560,False,True
60352791,1.66200000,47.39100000,212698616,212698630,1782868227890347,True,True
60352792,1.66200000,182.49900000,212698631,212698631,1782868227912708,False,True
60352793,1.66100000,7.21700000,212698632,212698632,1782868235267078,True,True
60352794,1.66100000,10.01100000,212698633,212698639,1782868238457408,True,True
60352795,1.66100000,1.32800000,212698640,212698642,1782868238458713,True,True
60352796,1.66100000,5.42000000,212698643,212698643,1782868240504057,False,True
60352797,1.66000000,0.90400000,212698644,212698644,1782868250618229,True,True
60352798,1.66000000,0.90400000,212698645,212698645,1782868250619260,True,True
60352799,1.66000000,0.90400000,212698646,212698646,1782868250619817,True,True
60352800,1.66000000,121.45800000,212698647,212698661,1782868250630595,True,True
60352801,1.65900000,859.44300000,212698662,212698679,1782868253208072,True,True
60352802,1.65900000,103.31800000,212698680,212698683,1782868257184139,True,True
60352803,1.65900000,2.50200000,212698684,212698687,1782868257186957,True,True
60352804,1.65900000,47.87900000,212698688,212698688,1782868257191791,False,True
60352805,1.65900000,362.99000000,212698689,212698693,1782868257261740,False,True
60352806,1.65900000,74.95700000,212698694,212698696,1782868257283304,False,True
60352807,1.65900000,74.74200000,212698697,212698697,1782868257284262,False,True
60352808,1.65900000,26.32500000,212698698,212698701,1782868257285232,False,True
60352809,1.65900000,63.82200000,212698702,212698703,1782868257373740,True,True
60352810,1.65900000,301.16400000,212698704,212698706,1782868260892441,True,True
60352811,1.65900000,72.94400000,212698707,212698710,1782868263483927,False,True
60352812,1.65900000,1.90100000,212698711,212698713,1782868263553398,False,True
60352813,1.66000000,57.94200000,212698714,212698717,1782868269922226,False,True
60352814,1.66000000,14.89400000,212698718,212698718,1782868269923431,False,True
60352815,1.66000000,11.92200000,212698719,212698719,1782868269923462,False,True
60352816,1.65900000,99.34800000,212698720,212698721,1782868271405555,True,True
60352817,1.65900000,60.00000000,212698722,212698725,1782868281711618,True,True
60352818,1.65900000,210.29400000,212698726,212698731,1782868285400505,False,True
60352819,1.65900000,1.76700000,212698732,212698733,1782868292744255,True,True
60352820,1.65900000,4.36000000,212698734,212698734,1782868303340240,False,True
60352821,1.65900000,72.61600000,212698735,212698740,1782868320295592,False,True
60352822,1.65900000,244.87000000,212698741,212698742,1782868320296482,False,True
60352823,1.65900000,35.95300000,212698743,212698748,1782868341915214,True,True
60352824,1.65800000,14.20500000,212698749,212698757,1782868344695072,True,True
60352825,1.65800000,166.30000000,212698758,212698758,1782868344696889,False,True
60352826,1.65700000,60.78300000,212698759,212698772,1782868355103649,True,True
60352827,1.65600000,8.11000000,212698773,212698780,1782868364653327,True,True
60352828,1.65600000,0.30000000,212698781,212698781,1782868364655309,True,True
60352829,1.65500000,46.50700000,212698782,212698787,1782868364889752,True,True
60352830,1.65500000,63.70200000,212698788,212698795,1782868364890387,True,True
60352831,1.65500000,4.48300000,212698796,212698796,1782868364923412,False,True
60352832,1.65400000,37.64800000,212698797,212698799,1782868365012389,True,True
60352833,1.65400000,24.58200000,212698800,212698800,1782868365013315,True,True
60352834,1.65400000,7.53000000,212698801,212698801,1782868365013451,True,True
60352835,1.65400000,14.47700000,212698802,212698802,1782868365014627,True,True
60352836,1.65400000,48.80500000,212698803,212698803,1782868365014875,True,True
60352837,1.65400000,58.91300000,212698804,212698804,1782868365014927,True,True
60352838,1.65400000,159.61300000,212698805,212698811,1782868365023658,True,True
60352839,1.65300000,98.32900000,212698812,212698814,1782868365050908,True,True
60352840,1.65300000,176.83300000,212698815,212698815,1782868365051398,True,True
60352841,1.65300000,308.01800000,212698816,212698822,1782868365057678,True,True
60352842,1.65300000,1036.24100000,212698823,212698823,1782868365064048,True,True
60352843,1.65300000,35.88000000,212698824,212698824,1782868365064801,True,True
60352844,1.65300000,24.69000000,212698825,212698825,1782868365067204,True,True
60352845,1.65300000,48.72000000,212698826,212698826,1782868365095457,True,True
60352846,1.65300000,12.61100000,212698827,212698829,1782868365121986,True,True
60352847,1.65300000,60.33100000,212698830,212698830,1782868365408010,False,True
60352848,1.65200000,7.55400000,212698831,212698838,1782868365454316,True,True
60352849,1.65100000,1180.88100000,212698839,212698848,1782868365642694,True,True
60352850,1.65100000,1.21200000,212698849,212698850,1782868365647989,True,True
60352851,1.65100000,59.96200000,212698851,212698851,1782868365688554,False,True
60352852,1.65100000,12.00000000,212698852,212698852,1782868365888145,False,True
60352853,1.65000000,8.48500000,212698853,212698862,1782868365922048,True,True
60352854,1.65000000,1.04400000,212698863,212698864,1782868365928687,True,True
60352855,1.64900000,379.13000000,212698865,212698871,1782868365946232,True,True
60352856,1.64900000,314.96000000,212698872,212698872,1782868365980249,True,True
60352857,1.64900000,136.33800000,212698873,212698878,1782868365981838,True,True
60352858,1.64900000,12.00000000,212698879,212698879,1782868366352235,False,True
60352859,1.64900000,10.86100000,212698880,212698880,1782868366428046,False,True
60352860,1.64900000,132.50400000,212698881,212698881,1782868366499686,False,True
60352861,1.64800000,6.32000000,212698882,212698887,1782868366622348,True,True
60352862,1.64800000,1.27200000,212698888,212698890,1782868366627709,True,True
60352863,1.64800000,0.60700000,212698891,212698891,1782868366644486,True,True
60352864,1.64800000,87.66000000,212698892,212698896,1782868366783705,False,True
60352865,1.64800000,29.39900000,212698897,212698900,1782868366866341,True,True
60352866,1.64800000,24.59900000,212698901,212698904,1782868366949090,False,True
60352867,1.64800000,1.88100000,212698905,212698907,1782868367340392,True,True
60352868,1.64800000,41.21400000,212698908,212698910,1782868367341666,True,True
60352869,1.64700000,171.29000000,212698911,212698917,1782868367395976,True,True
60352870,1.64700000,47.01400000,212698918,212698926,1782868367444598,True,True
60352871,1.64700000,3.73500000,212698927,212698932,1782868367666578,False,True
60352872,1.64800000,12.00000000,212698933,212698933,1782868367901274,False,True
60352873,1.64700000,39.35700000,212698934,212698935,1782868367980482,True,True
60352874,1.64800000,10.09800000,212698936,212698936,1782868368001218,False,True
60352875,1.64700000,964.40700000,212698937,212698947,1782868368072605,True,True
60352876,1.64600000,54.71000000,212698948,212698950,1782868368083258,True,True
60352877,1.64700000,50.63400000,212698951,212698954,1782868368125601,False,True
60352878,1.64700000,316.27600000,212698955,212698957,1782868369710794,True,True
60352879,1.64700000,316.27600000,212698958,212698960,1782868369781546,True,True
60352880,1.64700000,18.19100000,212698961,212698961,1782868369785103,True,True
60352881,1.64700000,298.72300000,212698962,212698965,1782868369788088,True,True
60352882,1.64700000,28.95900000,212698966,212698969,1782868369895068,False,True
60352883,1.64700000,33.10400000,212698970,212698970,1782868369904664,False,True
60352884,1.64700000,1.91400000,212698971,212698973,1782868370253078,False,True
60352885,1.64700000,315.63800000,212698974,212698975,1782868372070298,True,True
60352886,1.64700000,65.87300000,212698976,212698979,1782868372412212,False,True
60352887,1.64600000,275.14000000,212698980,212698988,1782868372562091,True,True
60352888,1.64500000,338.68600000,212698989,212698998,1782868372631470,True,True
60352889,1.64500000,465.12700000,212698999,212699003,1782868372656792,False,True
60352890,1.64600000,121.58000000,212699004,212699007,1782868372747077,False,True
60352891,1.64600000,166.83900000,212699008,212699010,1782868373818092,False,True
60352892,1.64600000,332.65200000,212699011,212699011,1782868373880698,False,True
60352893,1.64600000,23.87200000,212699012,212699015,1782868373881332,False,True
60352894,1.64700000,58.04200000,212699016,212699024,1782868374540105,False,True
60352895,1.64700000,3.13300000,212699025,212699029,1782868374557886,False,True
60352896,1.64800000,3.03400000,212699030,212699031,1782868374916746,False,True
60352897,1.64800000,113.12400000,212699032,212699040,1782868375049603,False,True
60352898,1.64700000,1076.42100000,212699041,212699047,1782868375070714,True,True
60352899,1.64700000,1.21600000,212699048,212699049,1782868375076291,True,True
60352900,1.64600000,2.46200000,212699050,212699053,1782868375275922,True,True
60352901,1.64500000,324.12900000,212699054,212699060,1782868375532477,True,True
60352902,1.64400000,5489.78000000,212699061,212699067,1782868375796104,True,True
60352903,1.64400000,6.31000000,212699068,212699073,1782868375797943,True,True
60352904,1.64400000,52.47000000,212699074,212699077,1782868375871430,False,True
60352905,1.64500000,4.66600000,212699078,212699081,1782868376274668,False,True
60352906,1.64500000,1.73000000,212699082,212699084,1782868376376221,False,True
60352907,1.64500000,0.63900000,212699085,212699085,1782868376598643,True,True
60352908,1.64400000,368.00900000,212699086,212699089,1782868378113801,True,True
60352909,1.64400000,53.52700000,212699090,212699090,1782868378148221,False,True
60352910,1.64400000,1.89500000,212699091,212699093,1782868378252110,False,True
60352911,1.64400000,49.29900000,212699094,212699096,1782868378336017,False,True
60352912,1.64400000,1.91700000,212699097,212699099,1782868378448958,False,True
60352913,1.64400000,69.15700000,212699100,212699100,1782868379017890,True,True
60352914,1.64400000,245.84300000,212699101,212699101,1782868379023408,True,True
60352915,1.64300000,436.50900000,212699102,212699111,1782868379498035,True,True
60352916,1.64300000,60.65300000,212699112,212699113,1782868379499970,False,True
60352917,1.64300000,2.02200000,212699114,212699114,1782868379502920,False,True
60352918,1.64300000,231.39600000,212699115,212699118,1782868379540651,False,True
60352919,1.64400000,109.88900000,212699119,212699122,1782868379540651,False,True
60352920,1.64400000,40.31300000,212699123,212699128,1782868379983530,False,True
60352921,1.64500000,318.06100000,212699129,212699129,1782868380194181,False,True
60352922,1.64500000,29.45000000,212699130,212699136,1782868380830919,False,True
60352923,1.64500000,6.07700000,212699137,212699137,1782868380862919,True,True
60352924,1.64400000,322.48900000,212699138,212699141,1782868382058805,True,True
60352925,1.64300000,211.14600000,212699142,212699143,1782868382515093,True,True
60352926,1.64300000,59.84100000,212699144,212699146,1782868382518197,True,True
60352927,1.64300000,1.91700000,212699147,212699149,1782868382843487,False,True
60352928,1.64400000,61.44600000,212699150,212699150,1782868383087551,False,True
60352929,1.64400000,73.31700000,212699151,212699156,1782868383534018,False,True
60352930,1.64300000,0.63900000,212699157,212699157,1782868384425833,True,True
60352931,1.64300000,1.91700000,212699158,212699160,1782868384824422,False,True
60352932,1.64300000,1.91700000,212699161,212699163,1782868385739282,False,True
60352933,1.64300000,315.00000000,212699164,212699164,1782868385977371,True,True
60352934,1.64200000,28.57800000,212699165,212699167,1782868385979214,True,True
60352935,1.64200000,44.36000000,212699168,212699171,1782868385979445,True,True
60352936,1.64200000,70.29600000,212699172,212699176,1782868385979637,True,True
60352937,1.64100000,44.36000000,212699177,212699180,1782868385979658,True,True
60352938,1.64100000,44.36000000,212699181,212699181,1782868385979702,True,True
60352939,1.64100000,44.36000000,212699182,212699182,1782868385979925,True,True
60352940,1.64200000,7.22400000,212699183,212699183,1782868385982697,False,True
60352941,1.64200000,6.08000000,212699184,212699184,1782868385983132,False,True
60352942,1.64200000,791.84300000,212699185,212699189,1782868385988163,False,True
60352943,1.64200000,370.10500000,212699190,212699190,1782868385988352,False,True
60352944,1.64100000,60.03000000,212699191,212699191,1782868386062037,True,True
60352945,1.64100000,258.58000000,212699192,212699194,1782868386062695,True,True
60352946,1.64100000,577.68800000,212699195,212699198,1782868386276731,True,True
60352947,1.64100000,357.68400000,212699199,212699204,1782868386827690,True,True
60352948,1.64100000,1.24900000,212699205,212699206,1782868386827769,True,True
60352949,1.64100000,303.06500000,212699207,212699212,1782868387050450,False,True
60352950,1.64100000,1.92300000,212699213,212699215,1782868388882453,False,True
60352951,1.64200000,12.21600000,212699216,212699222,1782868389095186,False,True
60352952,1.64100000,1.92000000,212699223,212699225,1782868390024218,False,True
60352953,1.64200000,8.68500000,212699226,212699226,1782868390033533,False,True
60352954,1.64100000,50.00200000,212699227,212699229,1782868390944015,False,True
60352955,1.64100000,0.64100000,212699230,212699230,1782868390944568,False,True
60352956,1.64100000,1.92000000,212699231,212699233,1782868391140611,False,True
60352957,1.64100000,76.42000000,212699234,212699237,1782868393736780,True,True
60352958,1.64000000,4275.46800000,212699238,212699249,1782868393911086,True,True
60352959,1.63900000,47.47200000,212699250,212699256,1782868394243789,True,True
60352960,1.63800000,231.36100000,212699257,212699258,1782868394339777,True,True
60352961,1.63800000,9.00000000,212699259,212699259,1782868394339777,True,True
60352962,1.63800000,23.69700000,212699260,212699260,1782868394340200,True,True
60352963,1.63800000,61.34500000,212699261,212699264,1782868394341213,True,True
60352964,1.63800000,6.79900000,212699265,212699267,1782868394341395,True,True
60352965,1.63800000,60.36600000,212699268,212699268,1782868394346811,False,True
60352966,1.63700000,23.03200000,212699269,212699276,1782868394362215,True,True
60352967,1.63700000,1.92300000,212699277,212699279,1782868394526024,False,True
60352968,1.63700000,34.33900000,212699280,212699280,1782868394735675,True,True
60352969,1.63700000,34.33900000,212699281,212699281,1782868394736882,True,True
60352970,1.63800000,30.80400000,212699282,212699288,1782868394959247,False,True
60352971,1.63900000,78.56500000,212699289,212699289,1782868395055187,False,True
60352972,1.63800000,86.42100000,212699290,212699292,1782868395430795,False,True
60352973,1.63800000,1.92300000,212699293,212699295,1782868395700666,False,True
60352974,1.63800000,1544.82800000,212699296,212699301,1782868395707066,False,True
60352975,1.63800000,86.42100000,212699302,212699302,1782868395707381,True,True
60352976,1.63800000,48.72000000,212699303,212699303,1782868395712134,False,True
60352977,1.63800000,0.64100000,212699304,212699304,1782868395963380,False,True
60352978,1.63900000,0.30300000,212699305,212699305,1782868395963380,False,True
60352979,1.63800000,49.36100000,212699306,212699307,1782868396871333,True,True
60352980,1.63800000,1.92300000,212699308,212699310,1782868397345156,False,True
60352981,1.63800000,48.72000000,212699311,212699311,1782868397619716,True,True
60352982,1.63700000,250.62900000,212699312,212699314,1782868398018271,True,True
60352983,1.63600000,885.35000000,212699315,212699324,1782868398392558,True,True
60352984,1.63500000,209.31300000,212699325,212699330,1782868398547892,True,True
60352985,1.63600000,4.97200000,212699331,212699334,1782868399141417,False,True
60352986,1.63700000,7.70700000,212699335,212699335,1782868399316712,False,True
60352987,1.63700000,37.69600000,212699336,212699344,1782868399441703,False,True
60352988,1.63800000,86.98700000,212699345,212699353,1782868399780104,False,True
60352989,1.63800000,200.00000000,212699354,212699355,1782868400951001,True,True
60352990,1.63800000,86.81600000,212699356,212699356,1782868400962955,True,True
60352991,1.63800000,266.53800000,212699357,212699362,1782868400964063,True,True
60352992,1.63700000,6.09100000,212699363,212699363,1782868401243185,True,True
60352993,1.63700000,7.42800000,212699364,212699370,1782868401513380,True,True
60352994,1.63700000,1.92600000,212699371,212699373,1782868401895810,False,True
60352995,1.63800000,6.80600000,212699374,212699379,1782868402513225,False,True
60352996,1.63700000,6.80600000,212699380,212699383,1782868403578008,True,True
60352997,1.63700000,25.81500000,212699384,212699386,1782868403580305,True,True
60352998,1.63700000,2.50600000,212699387,212699390,1782868403580323,True,True
60352999,1.63600000,363.53900000,212699391,212699398,1782868403611563,True,True
60353000,1.63600000,0.67200000,212699399,212699400,1782868403613384,True,True
60353001,1.63600000,1.22400000,212699401,212699403,1782868403615996,True,True
60353002,1.63600000,1.25400000,212699404,212699405,1782868403616305,True,True
60353003,1.63600000,4.94200000,212699406,212699406,1782868403634349,False,True
60353004,1.63600000,1.92600000,212699407,212699409,1782868404855043,False,True
60353005,1.63500000,9.46300000,212699410,212699415,1782868405241213,True,True
60353006,1.63500000,0.64300000,212699416,212699417,1782868405246445,True,True
60353007,1.63500000,1.89700000,212699418,212699420,1782868405248159,True,True
60353008,1.63500000,4.19200000,212699421,212699424,1782868405473425,False,True
60353009,1.63500000,1.77400000,212699425,212699427,1782868405665076,False,True
60353010,1.63600000,276.32800000,212699428,212699433,1782868406392110,False,True
60353011,1.63600000,45.48300000,212699434,212699435,1782868406393028,False,True
60353012,1.63600000,5.50000000,212699436,212699436,1782868406417838,True,True
60353013,1.63700000,368.13200000,212699437,212699442,1782868407960489,False,True
60353014,1.63700000,279.67700000,212699443,212699445,1782868408134975,False,True
60353015,1.63700000,37.25000000,212699446,212699447,1782868408137124,False,True
60353016,1.63700000,1.28400000,212699448,212699449,1782868408138319,False,True
60353017,1.63700000,49.33100000,212699450,212699451,1782868408246869,True,True
60353018,1.63700000,0.64200000,212699452,212699453,1782868408251712,True,True
60353019,1.63700000,1.22200000,212699454,212699455,1782868408253846,True,True
60353020,1.63700000,274.47800000,212699456,212699456,1782868408483439,False,True
60353021,1.63700000,200.00000000,212699457,212699460,1782868408537391,False,True
60353022,1.63700000,219.18300000,212699461,212699461,1782868408538837,False,True
60353023,1.63700000,200.00000000,212699462,212699464,1782868408542028,False,True
60353024,1.63600000,3239.03800000,212699465,212699480,1782868408609274,True,True
60353025,1.63500000,47.25700000,212699481,212699483,1782868408612154,True,True
60353026,1.63500000,80.63200000,212699484,212699489,1782868408612255,True,True
60353027,1.63500000,3.76200000,212699490,212699495,1782868409917548,True,True
60353028,1.63400000,21.11000000,212699496,212699505,1782868410685466,True,True
60353029,1.63400000,1.92900000,212699506,212699508,1782868410988718,False,True
60353030,1.63500000,132.58000000,212699509,212699516,1782868411064365,False,True
60353031,1.63600000,61.04200000,212699517,212699522,1782868412502635,False,True
60353032,1.63600000,235.20600000,212699523,212699526,1782868412502707,False,True
60353033,1.63700000,21.18900000,212699527,212699536,1782868413180227,False,True
60353034,1.63700000,3.76200000,212699537,212699542,1782868413519579,True,True
60353035,1.63700000,1.92600000,212699543,212699545,1782868414517507,False,True
60353036,1.63700000,62.96800000,212699546,212699546,1782868414580679,True,True
60353037,1.63700000,1.83300000,212699547,212699549,1782868414846479,True,True
60353038,1.63600000,14.76400000,212699550,212699557,1782868415271723,True,True
60353039,1.63600000,224.41100000,212699558,212699565,1782868416086648,False,True
60353040,1.63700000,6.58800000,212699566,212699571,1782868417151642,False,True
60353041,1.63700000,1.67900000,212699572,212699574,1782868417193486,False,True
60353042,1.63800000,75.00000000,212699575,212699576,1782868418174952,False,True
60353043,1.63700000,48.32700000,212699577,212699577,1782868418776897,True,True
60353044,1.63700000,59.35200000,212699578,212699578,1782868418778052,True,True
60353045,1.63700000,53.15100000,212699579,212699579,1782868418778092,True,True
60353046,1.63700000,24.80400000,212699580,212699580,1782868418778757,True,True
60353047,1.63700000,55.14500000,212699581,212699581,1782868418780294,True,True
60353048,1.63700000,31.00400000,212699582,212699582,1782868418781837,True,True
60353049,1.63700000,25.82900000,212699583,212699587,1782868418783149,True,True
60353050,1.63600000,8690.33100000,212699588,212699599,1782868418805170,True,True
60353051,1.63600000,3.76200000,212699600,212699605,1782868420629935,False,True
60353052,1.63600000,49.97500000,212699606,212699608,1782868421960588,True,True
60353053,1.63600000,0.61200000,212699609,212699609,1782868421962565,True,True
60353054,1.63600000,0.61200000,212699610,212699610,1782868421965683,True,True
60353055,1.63600000,3.76200000,212699611,212699616,1782868423319653,False,True
60353056,1.63600000,5.44100000,212699617,212699617,1782868423520501,True,True
60353057,1.63600000,25.19000000,212699618,212699621,1782868425265514,True,True
60353058,1.63600000,3.76200000,212699622,212699627,1782868425670076,False,True
60353059,1.63700000,8.20600000,212699628,212699632,1782868426025203,False,True
60353060,1.63800000,12.28500000,212699633,212699638,1782868426344294,False,True
60353061,1.63900000,7.65900000,212699639,212699646,1782868427319321,False,True
60353062,1.64000000,22.79500000,212699647,212699658,1782868428439625,False,True
60353063,1.64100000,47.01600000,212699659,212699669,1782868428945389,False,True
60353064,1.64200000,203.84300000,212699670,212699673,1782868429526815,False,True
60353065,1.64200000,445.20400000,212699674,212699675,1782868429527480,False,True
60353066,1.64200000,35.85500000,212699676,212699677,1782868429529709,False,True
60353067,1.64200000,36.96200000,212699678,212699678,1782868429529715,False,True
60353068,1.64200000,43.52500000,212699679,212699684,1782868429770052,False,True
60353069,1.64200000,32.24700000,212699685,212699685,1782868429770983,False,True
60353070,1.64200000,7.28300000,212699686,212699686,1782868429771977,False,True
60353071,1.64200000,29.65800000,212699687,212699687,1782868429925551,False,True
60353072,1.64200000,88.97300000,212699688,212699688,1782868429926634,False,True
60353073,1.64200000,14.21500000,212699689,212699694,1782868430408730,False,True
60353074,1.64300000,24.14300000,212699695,212699704,1782868434268339,False,True
60353075,1.64400000,3.94200000,212699705,212699707,1782868436972290,False,True
60353076,1.64400000,8.00600000,212699708,212699708,1782868436975182,False,True
60353077,1.64400000,13.23200000,212699709,212699709,1782868436977889,False,True
60353078,1.64400000,12.16500000,212699710,212699710,1782868436978076,False,True
60353079,1.64400000,60.34000000,212699711,212699720,1782868436994427,False,True
60353080,1.64500000,21.32900000,212699721,212699729,1782868438593539,False,True
60353081,1.64500000,3.13300000,212699730,212699734,1782868439569308,False,True
60353082,1.64600000,16.52400000,212699735,212699740,1782868440825822,False,True
60353083,1.64700000,3.03600000,212699741,212699741,1782868441638665,False,True
60353084,1.64700000,14.70100000,212699742,212699747,1782868443060338,False,True
60353085,1.64800000,17.77900000,212699748,212699754,1782868445429363,False,True
60353086,1.64800000,1.88300000,212699755,212699757,1782868446268611,True,True
60353087,1.64800000,3.12600000,212699758,212699762,1782868446292577,True,True
60353088,1.64800000,383.42800000,212699763,212699767,1782868446980501,False,True
60353089,1.64900000,71.33800000,212699768,212699776,1782868447044984,False,True
60353090,1.64900000,318.73500000,212699777,212699783,1782868447276131,True,True
60353091,1.64900000,49.99600000,212699784,212699786,1782868448109495,False,True
60353092,1.64900000,1.91200000,212699787,212699789,1782868448119775,False,True
60353093,1.64900000,47.88600000,212699790,212699790,1782868448141077,True,True
60353094,1.64900000,1.91100000,212699791,212699793,1782868449461940,True,True
60353095,1.64900000,9.52700000,212699794,212699797,1782868449919805,False,True
60353096,1.64900000,4.94500000,212699798,212699801,1782868451492675,True,True
60353097,1.64800000,326.32000000,212699802,212699811,1782868453900484,True,True
60353098,1.64800000,50.63100000,212699812,212699815,1782868454034970,False,True
60353099,1.64900000,121.48600000,212699816,212699817,1782868456014661,False,True
60353100,1.64900000,3.03300000,212699818,212699820,1782868458296081,False,True
60353101,1.64900000,5.83300000,212699821,212699821,1782868461213763,False,True
60353102,1.64900000,50.02000000,212699822,212699822,1782868461214085,False,True
60353103,1.64900000,15.05000000,212699823,212699823,1782868461237574,False,True
60353104,1.64900000,23.21100000,212699824,212699824,1782868461246328,False,True
60353105,1.64900000,9.02000000,212699825,212699825,1782868462815945,False,True
60353106,1.64800000,1.91100000,212699826,212699828,1782868465744311,True,True
60353107,1.64800000,1.91100000,212699829,212699831,1782868467994398,False,True
60353108,1.64800000,194.38900000,212699832,212699833,1782868469041588,True,True
60353109,1.64800000,0.63700000,212699834,212699834,1782868469044253,True,True
60353110,1.64700000,8.04800000,212699835,212699842,1782868473562222,True,True
60353111,1.64700000,31.90500000,212699843,212699846,1782868473677331,False,True
60353112,1.64700000,6.32300000,212699847,212699847,1782868474186376,True,True
60353113,1.64700000,19.27600000,212699848,212699851,1782868478365275,False,True
60353114,1.64800000,8.14400000,212699852,212699854,1782868481265501,False,True
60353115,1.64800000,10.39300000,212699855,212699859,1782868481267645,False,True
60353116,1.64700000,1097.47200000,212699860,212699867,1782868481521493,True,True
60353117,1.64700000,4.86000000,212699868,212699871,1782868484347549,True,True
60353118,1.64600000,56.77400000,212699872,212699880,1782868485250171,True,True
60353119,1.64500000,69.71800000,212699881,212699887,1782868486593160,True,True
60353120,1.64600000,7.04100000,212699888,212699892,1782868489390726,False,True
60353121,1.64700000,598.62400000,212699893,212699903,1782868496490572,False,True
60353122,1.64700000,4.30000000,212699904,212699904,1782868499711219,True,True
60353123,1.64800000,7.60800000,212699905,212699911,1782868500395687,False,True
60353124,1.64900000,95.36600000,212699912,212699914,1782868503180507,False,True
60353125,1.64900000,48.72000000,212699915,212699915,1782868503182135,False,True
60353126,1.64900000,136.87200000,212699916,212699924,1782868503182874,False,True
60353127,1.65000000,141.85300000,212699925,212699929,1782868504547319,False,True
60353128,1.65000000,183.36700000,212699930,212699933,1782868504547514,False,True
60353129,1.65000000,3.03100000,212699934,212699938,1782868504548869,False,True
60353130,1.65000000,23.63500000,212699939,212699939,1782868504551850,True,True
60353131,1.65000000,23.63500000,212699940,212699940,1782868504551969,True,True
60353132,1.65000000,691.32200000,212699941,212699949,1782868504583401,True,True
60353133,1.65000000,153.79000000,212699950,212699950,1782868504585755,False,True
60353134,1.65000000,579.75100000,212699951,212699951,1782868504809333,False,True
60353135,1.65000000,121.29100000,212699952,212699956,1782868504809604,False,True
60353136,1.65000000,1.91100000,212699957,212699959,1782868504811056,False,True
60353137,1.65000000,1.27400000,212699960,212699961,1782868506126004,True,True
60353138,1.65000000,0.63700000,212699962,212699962,1782868506137033,True,True
60353139,1.65000000,0.63700000,212699963,212699963,1782868506144166,True,True
60353140,1.65000000,1.27400000,212699964,212699965,1782868506144523,True,True
60353141,1.65000000,6.59200000,212699966,212699969,1782868506694192,False,True
60353142,1.65100000,201.92000000,212699970,212699980,1782868507538815,False,True
60353143,1.65100000,20.12700000,212699981,212699981,1782868507539782,False,True
60353144,1.65100000,36.24500000,212699982,212699982,1782868507540212,False,True
60353145,1.65100000,48.72000000,212699983,212699983,1782868507541805,False,True
60353146,1.65100000,62.46200000,212699984,212699987,1782868507543566,False,True
60353147,1.65200000,60.03000000,212699988,212699988,1782868508187260,False,True
60353148,1.65200000,11.36300000,212699989,212699994,1782868509087838,False,True
60353149,1.65200000,16.43400000,212699995,212699996,1782868509088408,False,True
60353150,1.65200000,16.23300000,212699997,212699997,1782868509088812,False,True
60353151,1.65200000,1.84900000,212699998,212700000,1782868509090658,False,True
60353152,1.65300000,14.65900000,212700001,212700010,1782868510599847,False,True
60353153,1.65200000,490.57000000,212700011,212700015,1782868510602164,True,True
60353154,1.65300000,1.93700000,212700016,212700019,1782868510620023,False,True
60353155,1.65400000,234.77000000,212700020,212700025,1782868511102328,False,True
60353156,1.65400000,18.06700000,212700026,212700026,1782868511104236,False,True
60353157,1.65400000,93.31100000,212700027,212700036,1782868511107888,False,True
60353158,1.65400000,3.72300000,212700037,212700042,1782868511425314,True,True
60353159,1.65300000,6.75400000,212700043,212700049,1782868511925663,True,True
60353160,1.65200000,6.62200000,212700050,212700050,1782868511972761,True,True
60353161,1.65200000,16.97100000,212700051,212700058,1782868513669358,True,True
60353162,1.65100000,42.78900000,212700059,212700063,1782868514982368,True,True
60353163,1.65200000,3.72600000,212700064,212700069,1782868519869118,True,True
60353164,1.65200000,1.90800000,212700070,212700072,1782868520437380,False,True
60353165,1.65300000,35.40800000,212700073,212700078,1782868525398004,False,True
60353166,1.65300000,3.11800000,212700079,212700083,1782868525403930,False,True
60353167,1.65300000,3.72300000,212700084,212700089,1782868525819291,True,True
60353168,1.65200000,548.08600000,212700090,212700092,1782868531151672,True,True
60353169,1.65200000,4.89400000,212700093,212700093,1782868531163365,True,True
60353170,1.65200000,729.66800000,212700094,212700094,1782868533483483,True,True
60353171,1.65300000,109.46800000,212700095,212700101,1782868534234169,False,True
60353172,1.65400000,19.93800000,212700102,212700109,1782868543153615,False,True
60353173,1.65400000,6.65000000,212700110,212700110,1782868543446740,True,True
60353174,1.65400000,3.02400000,212700111,212700111,1782868547881127,True,True
60353175,1.65400000,201.02900000,212700112,212700115,1782868548283705,True,True
60353176,1.65400000,400.00000000,212700116,212700116,1782868548286157,True,True
60353177,1.65400000,395.26900000,212700117,212700117,1782868548288836,True,True
60353178,1.65400000,181.85500000,212700118,212700123,1782868548291115,True,True
60353179,1.65300000,4.63000000,212700124,212700130,1782868550340240,True,True
60353180,1.65300000,1.90800000,212700131,212700133,1782868550994106,False,True
60353181,1.65300000,0.63600000,212700134,212700134,1782868552590793,True,True
60353182,1.65200000,7.58000000,212700135,212700142,1782868560144202,True,True
60353183,1.65100000,6.90500000,212700143,212700149,1782868561733260,True,True
60353184,1.65100000,2.24900000,212700150,212700153,1782868561744714,True,True
60353185,1.65100000,940.84100000,212700154,212700161,1782868562740538,False,True
60353186,1.65200000,2083.96200000,212700162,212700171,1782868562740538,False,True
60353187,1.65100000,49.35700000,212700172,212700173,1782868564216093,True,True
60353188,1.65000000,129.79800000,212700174,212700180,1782868578251008,True,True
60353189,1.65000000,1.24300000,212700181,212700182,1782868578265990,True,True
60353190,1.65000000,0.63700000,212700183,212700184,1782868578278014,True,True
60353191,1.65000000,2.42800000,212700185,212700188,1782868578294330,True,True
60353192,1.64900000,9.89100000,212700189,212700195,1782868580369042,True,True
60353193,1.64800000,15.24100000,212700196,212700205,1782868583614767,True,True
60353194,1.64800000,1.20000000,212700206,212700207,1782868583645225,True,True
60353195,1.64800000,60.87900000,212700208,212700210,1782868585389741,False,True
60353196,1.64800000,65.70100000,212700211,212700214,1782868587920197,False,True
60353197,1.64800000,1.91100000,212700215,212700217,1782868588993766,False,True
60353198,1.64700000,358.00400000,212700218,212700218,1782868592041242,True,True
60353199,1.64700000,487.02400000,212700219,212700231,1782868593128571,True,True
60353200,1.64700000,48.19800000,212700232,212700232,1782868593155724,False,True
60353201,1.64700000,1.91400000,212700233,212700235,1782868594194073,False,True
60353202,1.64700000,1.91400000,212700236,212700238,1782868599494351,False,True
60353203,1.64600000,40.07700000,212700239,212700247,1782868607495424,True,True
60353204,1.64600000,139.90400000,212700248,212700249,1782868620216135,True,True
60353205,1.64600000,3.03800000,212700250,212700251,1782868621141085,True,True
60353206,1.64600000,1.27500000,212700252,212700253,1782868621163957,True,True
60353207,1.64600000,1.91400000,212700254,212700256,1782868622719205,False,True
60353208,1.64600000,3.67500000,212700257,212700258,1782868623761636,True,True
60353209,1.64600000,1.91400000,212700259,212700261,1782868625416294,False,True
60353210,1.64700000,6.08000000,212700262,212700262,1782868625512613,False,True
60353211,1.64700000,24.94400000,212700263,212700270,1782868628098534,False,True
60353212,1.64800000,9.42800000,212700271,212700276,1782868629319484,False,True
60353213,1.64900000,337.77500000,212700277,212700284,1782868631562285,False,True
60353214,1.64900000,79.80000000,212700285,212700285,1782868631567147,True,True
60353215,1.64900000,1.88100000,212700286,212700288,1782868637757217,True,True
60353216,1.64900000,0.63700000,212700289,212700289,1782868637760635,True,True
60353217,1.64900000,0.63700000,212700290,212700291,1782868637765270,True,True
60353218,1.65000000,9.41400000,212700292,212700297,1782868640069668,False,True
60353219,1.65100000,9.40800000,212700298,212700303,1782868640594608,False,True
60353220,1.65100000,1.24300000,212700304,212700305,1782868642237789,True,True
60353221,1.65100000,1.21200000,212700306,212700307,1782868642269948,True,True
60353222,1.65100000,1.90800000,212700308,212700310,1782868643407538,False,True
60353223,1.65100000,0.63700000,212700311,212700311,1782868646006672,True,True
60353224,1.65000000,47.02300000,212700312,212700312,1782868649976684,True,True
60353225,1.65000000,7.82900000,212700313,212700320,1782868649983161,True,True
60353226,1.64900000,5.96200000,212700321,212700326,1782868654704852,True,True
60353227,1.64900000,3.50900000,212700327,212700332,1782868654716977,True,True
60353228,1.64800000,8.04300000,212700333,212700340,1782868656385031,True,True
60353229,1.64800000,5.46000000,212700341,212700341,1782868660409912,False,True
60353230,1.64800000,67.88500000,212700342,212700342,1782868666085264,False,True
60353231,1.64800000,13.96800000,212700343,212700343,1782868666085991,False,True
60353232,1.64800000,20.60100000,212700344,212700346,1782868666088687,False,True
60353233,1.64800000,1.13100000,212700347,212700348,1782868666088886,False,True
60353234,1.64900000,3.97000000,212700349,212700349,1782868678830534,False,True
60353235,1.64900000,9.62500000,212700350,212700356,1782868678833347,False,True
60353236,1.64900000,4.23200000,212700357,212700358,1782868678834415,False,True
60353237,1.64900000,0.63700000,212700359,212700359,1782868680369884,True,True
60353238,1.64900000,176.93000000,212700360,212700360,1782868683726028,False,True
60353239,1.64900000,48.72000000,212700361,212700363,1782868683736437,False,True
60353240,1.64900000,4.94500000,212700364,212700367,1782868683844564,False,True
60353241,1.64900000,0.63700000,212700368,212700368,1782868685444093,True,True
60353242,1.64900000,60.64200000,212700369,212700372,1782868690621088,False,True
60353243,1.64900000,4.94400000,212700373,212700376,1782868694470302,False,True
60353244,1.65000000,35.76200000,212700377,212700384,1782868696303122,False,True
60353245,1.65000000,2.45800000,212700385,212700388,1782868697145293,True,True
60353246,1.65000000,2.35400000,212700389,212700391,1782868697677019,False,True
60353247,1.65000000,1.91100000,212700392,212700394,1782868703131891,False,True
60353248,1.65000000,34.78300000,212700395,212700396,1782868705106696,True,True
60353249,1.65000000,1.91100000,212700397,212700399,1782868712671340,False,True
60353250,1.65100000,41.79400000,212700400,212700407,1782868714648254,False,True
60353251,1.65100000,50.38100000,212700408,212700408,1782868715004534,True,True
60353252,1.65100000,1.81800000,212700409,212700411,1782868717216119,True,True
60353253,1.65100000,1.90800000,212700412,212700414,1782868717613204,False,True
60353254,1.65200000,6.64700000,212700415,212700419,1782868719554353,False,True
60353255,1.65200000,7.95200000,212700420,212700422,1782868719573153,False,True
60353256,1.65200000,3.72600000,212700423,212700428,1782868720444928,True,True
60353257,1.65200000,1.90800000,212700429,212700431,1782868730814145,False,True
60353258,1.65200000,298.40400000,212700432,212700433,1782868730947024,True,True
60353259,1.65300000,366.44800000,212700434,212700443,1782868732315346,False,True
60353260,1.65300000,72.93900000,212700444,212700444,1782868733020528,True,True
60353261,1.65300000,624.10100000,212700445,212700447,1782868733022355,True,True
60353262,1.65300000,1.90800000,212700448,212700450,1782868733344503,False,True
60353263,1.65300000,1.90800000,212700451,212700453,1782868736444291,False,True
60353264,1.65300000,191.58600000,212700454,212700457,1782868740261132,False,True
60353265,1.65300000,64.41100000,212700458,212700458,1782868740357930,True,True
60353266,1.65300000,76.91400000,212700459,212700463,1782868747046777,False,True
60353267,1.65300000,49.99200000,212700464,212700466,1782868747056735,False,True
60353268,1.65300000,132.64500000,212700467,212700467,1782868748389119,True,True
60353269,1.65300000,109.56800000,212700468,212700471,1782868749035534,False,True
60353270,1.65300000,74.90000000,212700472,212700472,1782868753668398,True,True
60353271,1.65300000,11.59700000,212700473,212700474,1782868757228697,True,True
60353272,1.65300000,187.18000000,212700475,212700475,1782868757241681,False,True
60353273,1.65300000,1.90800000,212700476,212700478,1782868757244893,False,True
60353274,1.65400000,1.05500000,212700479,212700479,1782868761118686,False,True
60353275,1.65400000,21.15000000,212700480,212700490,1782868767053052,False,True
60353276,1.65400000,89.13800000,212700491,212700491,1782868767290452,True,True
60353277,1.65500000,23.46600000,212700492,212700504,1782868776322329,False,True
60353278,1.65500000,1.04000000,212700505,212700506,1782868776323363,False,True
60353279,1.65500000,227.08800000,212700507,212700507,1782868776338366,True,True
60353280,1.65500000,1.81500000,212700508,212700510,1782868778069391,True,True
60353281,1.65500000,30.12600000,212700511,212700511,1782868779413406,False,True
60353282,1.65500000,18.29100000,212700512,212700512,1782868779413583,False,True
60353283,1.65500000,3.67800000,212700513,212700513,1782868779414381,False,True
60353284,1.65400000,3.02400000,212700514,212700517,1782868783596817,True,True
60353285,1.65400000,3.87600000,212700518,212700521,1782868783596999,True,True
60353286,1.65400000,120.91900000,212700522,212700522,1782868784100123,False,True
60353287,1.65400000,1.90500000,212700523,212700525,1782868788877639,False,True
60353288,1.65400000,0.63500000,212700526,212700526,1782868793469356,True,True
60353289,1.65400000,31.16700000,212700527,212700528,1782868801256726,True,True
60353290,1.65400000,1.90500000,212700529,212700531,1782868803315085,False,True
60353291,1.65400000,0.63500000,212700532,212700532,1782868810048211,True,True
60353292,1.65300000,367.10600000,212700533,212700533,1782868823589123,True,True
60353293,1.65300000,35.43600000,212700534,212700542,1782868823591394,True,True
60353294,1.65300000,1.90800000,212700543,212700545,1782868829776174,False,True
60353295,1.65400000,6.97000000,212700546,212700551,1782868835213295,False,True
60353296,1.65400000,1.65100000,212700552,212700554,1782868835215319,False,True
60353297,1.65400000,3.72300000,212700555,212700560,1782868851146432,True,True
60353298,1.65400000,16.47800000,212700561,212700565,1782868859202779,False,True
60353299,1.65400000,25.40500000,212700566,212700568,1782868861252642,True,True
60353300,1.65400000,1.90500000,212700569,212700571,1782868866512981,False,True
60353301,1.65500000,1.00000000,212700572,212700572,1782868871628244,False,True
60353302,1.65500000,6.57800000,212700573,212700579,1782868875566058,False,True
60353303,1.65500000,5.55400000,212700580,212700580,1782868879250600,True,True
60353304,1.65600000,24.20400000,212700581,212700594,1782868887938532,False,True
60353305,1.65600000,309.54800000,212700595,212700595,1782868888026838,True,True
60353306,1.65600000,81.37300000,212700596,212700601,1782868893355001,True,True
60353307,1.65500000,7.34400000,212700602,212700608,1782868893978407,True,True
60353308,1.65400000,38.14800000,212700609,212700620,1782868899459441,True,True
60353309,1.65400000,617.99900000,212700621,212700626,1782868906570544,False,True
60353310,1.65400000,302.97500000,212700627,212700627,1782868906571027,False,True
60353311,1.65400000,27.44500000,212700628,212700628,1782868906571178,False,True
60353312,1.65400000,37.02600000,212700629,212700629,1782868908948740,False,True
60353313,1.65400000,12.70600000,212700630,212700630,1782868908949837,False,True
60353314,1.65400000,12.19900000,212700631,212700631,1782868908950328,False,True
60353315,1.65400000,490.73300000,212700632,212700637,1782868908950785,False,True
60353316,1.65400000,34.83700000,212700638,212700642,1782868919172345,True,True
60353317,1.65400000,50.62500000,212700643,212700646,1782868924272834,False,True
60353318,1.65500000,28.70700000,212700647,212700652,1782868938228327,False,True
60353319,1.65500000,4.43700000,212700653,212700656,1782868938228493,False,True
60353320,1.65500000,6.65000000,212700657,212700657,1782868938615382,True,True
60353321,1.65500000,430.27700000,212700658,212700664,1782868941823675,True,True
60353322,1.65500000,3.11500000,212700665,212700669,1782868941824959,True,True
60353323,1.65400000,119.09700000,212700670,212700671,1782868941827062,True,True
60353324,1.65400000,39.60000000,212700672,212700676,1782868941828078,True,True
60353325,1.65400000,39.60000000,212700677,212700677,1782868941828256,True,True
60353326,1.65400000,3.02400000,212700678,212700678,1782868941828300,True,True
60353327,1.65400000,39.60000000,212700679,212700679,1782868941828335,True,True
60353328,1.65400000,20.09900000,212700680,212700682,1782868941828377,True,True
60353329,1.65300000,19.50100000,212700683,212700686,1782868941828377,True,True
60353330,1.65300000,39.60000000,212700687,212700687,1782868941828634,True,True
60353331,1.65400000,21.18800000,212700688,212700688,1782868941862178,False,True
60353332,1.65400000,240.07000000,212700689,212700689,1782868941865822,False,True
60353333,1.65400000,62.39200000,212700690,212700690,1782868941866403,False,True
60353334,1.65400000,1.90500000,212700691,212700693,1782868941868494,False,True
60353335,1.65400000,1.90500000,212700694,212700696,1782868947436263,False,True
60353336,1.65500000,20.62000000,212700697,212700697,1782868947443094,False,True
60353337,1.65500000,40.87800000,212700698,212700704,1782868947443888,False,True
60353338,1.65600000,130.13000000,212700705,212700705,1782868947449768,False,True
60353339,1.65600000,30.18900000,212700706,212700706,1782868947450964,False,True
60353340,1.65600000,116.08600000,212700707,212700707,1782868947451476,False,True
60353341,1.65600000,105.87000000,212700708,212700717,1782868947451896,False,True
60353342,1.65600000,275.59500000,212700718,212700721,1782868947452365,False,True
60353343,1.65600000,338.06500000,212700722,212700722,1782868947453980,True,True
60353344,1.65700000,838.57100000,212700723,212700741,1782868947459863,False,True
60353345,1.65700000,444.02000000,212700742,212700742,1782868947461865,True,True
60353346,1.65700000,23.53500000,212700743,212700743,1782868947462429,True,True
60353347,1.65700000,23.53500000,212700744,212700744,1782868947463192,True,True
60353348,1.65700000,25.18500000,212700745,212700747,1782868947464197,True,True
60353349,1.65700000,17.06900000,212700748,212700748,1782868947465264,True,True
60353350,1.65700000,2.96500000,212700749,212700749,1782868947465511,True,True
60353351,1.65700000,1.20800000,212700750,212700751,1782868947480643,True,True
60353352,1.65600000,7.74200000,212700752,212700752,1782868947719899,True,True
60353353,1.65700000,1.90800000,212700753,212700755,1782868947794231,False,True
60353354,1.65700000,60.96300000,212700756,212700757,1782868947871448,True,True
60353355,1.65700000,255.84900000,212700758,212700760,1782868950114115,True,True
60353356,1.65700000,1652.99000000,212700761,212700761,1782868950118649,False,True
60353357,1.65700000,119.22800000,212700762,212700763,1782868950122976,False,True
60353358,1.65700000,404.43100000,212700764,212700768,1782868950154430,False,True
60353359,1.65700000,130.87400000,212700769,212700772,1782868950564382,False,True
60353360,1.65700000,26.17400000,212700773,212700774,1782868950566928,False,True
60353361,1.65700000,6.12200000,212700775,212700777,1782868950570341,False,True
60353362,1.65700000,1.26800000,212700778,212700779,1782868950570723,False,True
