106926019,0.07620000,7656.60000000,191505411,191505417,1782864025217625,False,True
106926020,0.07620000,200.00000000,191505418,191505418,1782864025227311,False,True
106926021,0.07620000,147.50000000,191505419,191505419,1782864025889115,True,True
106926022,0.07620000,99.60000000,191505420,191505420,1782864027377249,False,True
106926023,0.07620000,262.50000000,191505421,191505421,1782864038444986,True,True
106926024,0.07620000,567.50000000,191505422,191505423,1782864046426026,False,True
106926025,0.07620000,4379.30000000,191505424,191505425,1782864047428542,False,True
106926026,0.07620000,144.30000000,191505426,191505426,1782864047992152,True,True
106926027,0.07620000,567.50000000,191505427,191505429,1782864071939220,True,True
106926028,0.07620000,849.80000000,191505430,191505432,1782864075802178,False,True
106926029,0.07620000,70.10000000,191505433,191505433,1782864081452095,False,True
106926030,0.07620000,3937.00000000,191505434,191505434,1782864109459463,False,True
106926031,0.07620000,25944.60000000,191505435,191505440,1782864171959230,True,True
106926032,0.07620000,1765.90000000,191505441,191505441,1782864171962000,True,True
106926033,0.07620000,1906.20000000,191505442,191505442,1782864171964254,True,True
106926034,0.07620000,1000.00000000,191505443,191505445,1782864172033868,True,True
106926035,0.07620000,17.90000000,191505446,191505446,1782864172035136,True,True
106926036,0.07610000,960.50000000,191505447,191505447,1782864193366683,True,True
106926037,0.07610000,1000.00000000,191505448,191505448,1782864194534324,True,True
106926038,0.07610000,924.00000000,191505449,191505449,1782864194550629,True,True
106926039,0.07610000,853.80000000,191505450,191505450,1782864194560203,True,True
106926040,0.07610000,788.90000000,191505451,191505451,1782864194577369,True,True
106926041,0.07610000,681.50000000,191505452,191505452,1782864194602255,True,True
106926042,0.07610000,147.40000000,191505453,191505453,1782864194613577,True,True
106926043,0.07610000,666.00000000,191505454,191505455,1782864194645501,True,True
106926044,0.07610000,458.60000000,191505456,191505456,1782864194671386,True,True
106926045,0.07610000,564.10000000,191505457,191505457,1782864194714121,True,True
106926046,0.07610000,476.60000000,191505458,191505462,1782864194760985,True,True
106926047,0.07610000,1676.50000000,191505463,191505467,1782864198804459,True,True
106926048,0.07610000,3652.60000000,191505468,191505468,1782864205413703,False,True
106926049,0.07610000,346.50000000,191505469,191505470,1782864211020157,False,True
106926050,0.07610000,678.90000000,191505471,191505471,1782864237544124,True,True
106926051,0.07620000,842.50000000,191505472,191505475,1782864251977620,False,True
106926052,0.07620000,109.90000000,191505476,191505476,1782864278802490,False,True
106926053,0.07630000,196.60000000,191505477,191505477,1782864324055730,False,True
106926054,0.07620000,346.50000000,191505478,191505478,1782864344016196,True,True
106926055,0.07620000,28423.20000000,191505479,191505485,1782864344017483,True,True
106926056,0.07610000,5474.10000000,191505486,191505492,1782864412158228,True,True
106926057,0.07610000,1094.80000000,191505493,191505493,1782864412160851,True,True
106926058,0.07610000,103.50000000,191505494,191505494,1782864412162187,True,True
106926059,0.07600000,131.40000000,191505495,191505495,1782864421140401,True,True
106926060,0.07610000,611.90000000,191505496,191505497,1782864429507835,False,True
106926061,0.07610000,3170.20000000,191505498,191505498,1782864430350202,False,True
106926062,0.07610000,688.70000000,191505499,191505499,1782864430351932,False,True
106926063,0.07610000,470.60000000,191505500,191505501,1782864430352816,False,True
106926064,0.07610000,240.30000000,191505502,191505503,1782864430353239,False,True
106926065,0.07610000,596.60000000,191505504,191505505,1782864430377363,False,True
106926066,0.07610000,760.80000000,191505506,191505506,1782864441491779,True,True
106926067,0.07610000,91.80000000,191505507,191505507,1782864451837138,True,True
106926068,0.07620000,105.10000000,191505508,191505508,1782864513472828,False,True
106926069,0.07610000,19763.50000000,191505509,191505510,1782864541781649,True,True
106926070,0.07610000,3952.60000000,191505511,191505511,1782864541786833,True,True
106926071,0.07610000,200.00000000,191505512,191505512,1782864545058132,False,True
106926072,0.07620000,118.30000000,191505513,191505513,1782864545375530,False,True
106926073,0.07610000,2011.50000000,191505514,191505515,1782864557577168,True,True
106926074,0.07610000,1000.00000000,191505516,191505516,1782864557693398,True,True
106926075,0.07610000,924.00000000,191505517,191505517,1782864557738309,True,True
106926076,0.07610000,853.80000000,191505518,191505518,1782864557769184,True,True
106926077,0.07610000,788.90000000,191505519,191505519,1782864557786035,True,True
106926078,0.07610000,728.90000000,191505520,191505520,1782864557806312,True,True
106926079,0.07610000,418.30000000,191505521,191505521,1782864557892943,True,True
106926080,0.07610000,182.70000000,191505522,191505523,1782864557915372,True,True
106926081,0.07610000,1000.00000000,191505524,191505525,1782864582084864,True,True
106926082,0.07610000,924.00000000,191505526,191505526,1782864582097225,True,True
106926083,0.07610000,853.80000000,191505527,191505527,1782864582116303,True,True
106926084,0.07610000,788.90000000,191505528,191505528,1782864582131555,True,True
106926085,0.07610000,365.60000000,191505529,191505529,1782864582143607,True,True
106926086,0.07610000,73.10000000,191505530,191505530,1782864588588189,True,True
106926087,0.07610000,131.60000000,191505531,191505531,1782864606715196,False,True
106926088,0.07610000,797.30000000,191505532,191505532,1782864613779206,False,True
106926089,0.07610000,174.20000000,191505533,191505533,1782864614131888,False,True
106926090,0.07610000,501.20000000,191505534,191505536,1782864614132109,False,True
106926091,0.07610000,344.30000000,191505537,191505538,1782864618763201,False,True
106926092,0.07610000,102.40000000,191505539,191505539,1782864619915851,True,True
106926093,0.07610000,2953.00000000,191505540,191505540,1782864628400686,True,True
106926094,0.07610000,1000.00000000,191505541,191505541,1782864628471666,True,True
106926095,0.07610000,924.00000000,191505542,191505542,1782864628488465,True,True
106926096,0.07610000,853.80000000,191505543,191505543,1782864628500094,True,True
106926097,0.07610000,131.20000000,191505544,191505545,1782864637129565,True,True
106926098,0.07620000,295.10000000,191505546,191505549,1782864657247543,False,True
106926099,0.07620000,52.40000000,191505550,191505550,1782864657248835,False,True
106926100,0.07630000,105.00000000,191505551,191505551,1782864668134151,False,True
106926101,0.07620000,1063.60000000,191505552,191505552,1782864681601963,True,True
106926102,0.07620000,118.00000000,191505553,191505553,1782864698834820,True,True
106926103,0.07620000,1767.80000000,191505554,191505554,1782864706286308,True,True
106926104,0.07620000,1000.00000000,191505555,191505555,1782864706391402,True,True
106926105,0.07620000,923.90000000,191505556,191505556,1782864706403068,True,True
106926106,0.07620000,853.60000000,191505557,191505558,1782864706414628,True,True
106926107,0.07620000,788.60000000,191505559,191505559,1782864706426892,True,True
106926108,0.07620000,728.60000000,191505560,191505560,1782864706438143,True,True
106926109,0.07620000,479.70000000,191505561,191505561,1782864706461339,True,True
106926110,0.07620000,145.30000000,191505562,191505562,1782864706479031,True,True
106926111,0.07620000,272.20000000,191505563,191505563,1782864706499621,True,True
106926112,0.07620000,162.20000000,191505564,191505565,1782864706533338,True,True
106926113,0.07620000,400.00000000,191505566,191505566,1782864706545292,True,True
106926114,0.07620000,1000.00000000,191505567,191505567,1782864707484282,True,True
106926115,0.07620000,1000.00000000,191505568,191505568,1782864710814024,True,True
106926116,0.07620000,923.90000000,191505569,191505569,1782864710873278,True,True
106926117,0.07620000,853.60000000,191505570,191505570,1782864710890736,True,True
106926118,0.07620000,788.60000000,191505571,191505572,1782864710902175,True,True
106926119,0.07620000,728.60000000,191505573,191505573,1782864710914873,True,True
106926120,0.07620000,673.20000000,191505574,191505574,1782864710936893,True,True
106926121,0.07620000,622.00000000,191505575,191505575,1782864710968094,True,True
106926122,0.07620000,150.70000000,191505576,191505576,1782864710979056,True,True
106926123,0.07620000,140.60000000,191505577,191505577,1782864710989809,True,True
106926124,0.07620000,279.40000000,191505578,191505578,1782864711010114,True,True
106926125,0.07620000,363.80000000,191505579,191505579,1782864711037613,True,True
106926126,0.07620000,587.70000000,191505580,191505580,1782864711101235,True,True
106926127,0.07620000,352.60000000,191505581,191505581,1782864711127146,True,True
106926128,0.07620000,148.10000000,191505582,191505582,1782864711138111,True,True
106926129,0.07620000,868.20000000,191505583,191505583,1782864711285950,True,True
106926130,0.07620000,802.20000000,191505584,191505584,1782864711297750,True,True
106926131,0.07620000,741.10000000,191505585,191505585,1782864711339791,True,True
106926132,0.07620000,684.70000000,191505586,191505586,1782864711378241,True,True
106926133,0.07620000,632.60000000,191505587,191505587,1782864711412005,True,True
106926134,0.07620000,41052.40000000,191505588,191505592,1782864758567642,True,True
106926135,0.07620000,1023.80000000,191505593,191505593,1782864758578729,True,True
106926136,0.07620000,1000.00000000,191505594,191505594,1782864758605257,True,True
106926137,0.07620000,2010.30000000,191505595,191505595,1782864758612328,True,True
106926138,0.07620000,131.40000000,191505596,191505596,1782864792005737,False,True
106926139,0.07620000,1347.70000000,191505597,191505598,1782864809901251,False,True
106926140,0.07620000,1099.50000000,191505599,191505599,1782864812198604,False,True
106926141,0.07620000,321.40000000,191505600,191505600,1782864812201883,False,True
106926142,0.07620000,211.50000000,191505601,191505601,1782864812204755,False,True
106926143,0.07620000,275.80000000,191505602,191505602,1782864812208443,False,True
106926144,0.07620000,82.20000000,191505603,191505603,1782864817105531,False,True
106926145,0.07620000,11890.20000000,191505604,191505608,1782864817105591,False,True
106926146,0.07620000,105.00000000,191505609,191505609,1782864822706711,True,True
106926147,0.07620000,30000.60000000,191505610,191505614,1782864864995583,True,True
106926148,0.07620000,131.10000000,191505615,191505615,1782864885248094,True,True
106926149,0.07630000,233.10000000,191505616,191505616,1782864904664851,False,True
106926150,0.07620000,106.10000000,191505617,191505617,1782864915943234,True,True
106926151,0.07620000,1000.00000000,191505618,191505619,1782864944651711,True,True
106926152,0.07620000,923.90000000,191505620,191505620,1782864944696651,True,True
106926153,0.07620000,853.60000000,191505621,191505621,1782864944716066,True,True
106926154,0.07620000,788.60000000,191505622,191505623,1782864944728545,True,True
106926155,0.07620000,728.60000000,191505624,191505625,1782864944755292,True,True
106926156,0.07620000,673.20000000,191505626,191505626,1782864944771599,True,True
106926157,0.07620000,622.00000000,191505627,191505627,1782864944801499,True,True
106926158,0.07620000,312.90000000,191505628,191505628,1782864944816109,True,True
106926159,0.07620000,550.90000000,191505629,191505629,1782864944848993,True,True
106926160,0.07620000,149.60000000,191505630,191505630,1782864944867525,True,True
106926161,0.07620000,1908.20000000,191505631,191505631,1782864944915981,True,True
106926162,0.07620000,1000.00000000,191505632,191505633,1782864945017635,True,True
106926163,0.07620000,923.90000000,191505634,191505634,1782864945044199,True,True
106926164,0.07620000,853.60000000,191505635,191505635,1782864945085694,True,True
106926165,0.07620000,788.60000000,191505636,191505636,1782864945101358,True,True
106926166,0.07620000,273.90000000,191505637,191505637,1782864945117817,True,True
106926167,0.07620000,707.80000000,191505638,191505638,1782864945177697,True,True
106926168,0.07620000,526.00000000,191505639,191505639,1782864945218424,True,True
106926169,0.07620000,140.40000000,191505640,191505640,1782864945229279,True,True
106926170,0.07620000,164.50000000,191505641,191505641,1782864945253770,True,True
106926171,0.07620000,503.30000000,191505642,191505642,1782864945292221,True,True
106926172,0.07620000,1000.00000000,191505643,191505643,1782864946021052,True,True
106926173,0.07620000,923.90000000,191505644,191505644,1782864946055841,True,True
106926174,0.07620000,7093.20000000,191505645,191505645,1782864946084444,True,True
106926175,0.07620000,853.60000000,191505646,191505646,1782864946085641,True,True
106926176,0.07620000,5148.90000000,191505647,191505647,1782864946085914,True,True
106926177,0.07620000,1302.20000000,191505648,191505648,1782864984627992,False,True
106926178,0.07620000,216.40000000,191505649,191505649,1782864984636783,False,True
106926179,0.07620000,393.70000000,191505650,191505650,1782864987179887,False,True
106926180,0.07620000,322.00000000,191505651,191505652,1782865014681570,False,True
106926181,0.07620000,13424.20000000,191505653,191505657,1782865017567069,True,True
106926182,0.07620000,1000.00000000,191505658,191505659,1782865032385693,True,True
106926183,0.07620000,1750.80000000,191505660,191505660,1782865032387467,True,True
106926184,0.07620000,122.40000000,191505661,191505661,1782865056593023,False,True
106926185,0.07620000,687.00000000,191505662,191505662,1782865056593504,False,True
106926186,0.07620000,9488.50000000,191505663,191505666,1782865056595713,False,True
106926187,0.07620000,1000.00000000,191505667,191505667,1782865062177823,True,True
106926188,0.07620000,923.90000000,191505668,191505668,1782865062202675,True,True
106926189,0.07620000,853.60000000,191505669,191505670,1782865062219290,True,True
106926190,0.07620000,788.60000000,191505671,191505671,1782865062272359,True,True
106926191,0.07620000,728.60000000,191505672,191505672,1782865062282690,True,True
106926192,0.07620000,673.20000000,191505673,191505673,1782865062297310,True,True
106926193,0.07620000,436.70000000,191505674,191505674,1782865062309237,True,True
106926194,0.07610000,100.00000000,191505675,191505675,1782865084030611,True,True
106926195,0.07610000,1000.00000000,191505676,191505678,1782865156557464,True,True
106926196,0.07610000,2328.00000000,191505679,191505679,1782865156560330,True,True
106926197,0.07610000,924.00000000,191505680,191505680,1782865156655736,True,True
106926198,0.07610000,5906.00000000,191505681,191505681,1782865177266028,True,True
106926199,0.07610000,29306.90000000,191505682,191505683,1782865182584764,True,True
106926200,0.07610000,5861.30000000,191505684,191505684,1782865182588451,True,True
106926201,0.07610000,105.30000000,191505685,191505685,1782865183942560,False,True
106926202,0.07610000,200.00000000,191505686,191505686,1782865201153106,False,True
106926203,0.07610000,1000.00000000,191505687,191505687,1782865202176351,True,True
106926204,0.07610000,924.00000000,191505688,191505689,1782865202199508,True,True
106926205,0.07610000,853.80000000,191505690,191505690,1782865202212057,True,True
106926206,0.07610000,788.90000000,191505691,191505691,1782865202230113,True,True
106926207,0.07610000,728.90000000,191505692,191505692,1782865202240797,True,True
106926208,0.07610000,673.60000000,191505693,191505693,1782865202251098,True,True
106926209,0.07610000,622.40000000,191505694,191505694,1782865202291417,True,True
106926210,0.07610000,509.10000000,191505695,191505695,1782865202341213,True,True
106926211,0.07610000,219.10000000,191505696,191505697,1782865202351650,True,True
106926212,0.07610000,1249.50000000,191505698,191505699,1782865209814708,False,True
106926213,0.07610000,652.30000000,191505700,191505701,1782865209814996,False,True
106926214,0.07610000,395.10000000,191505702,191505702,1782865209815458,False,True
106926215,0.07610000,189.50000000,191505703,191505703,1782865210557300,False,True
106926216,0.07610000,406.40000000,191505704,191505704,1782865217211809,False,True
106926217,0.07610000,40084.90000000,191505705,191505708,1782865217212846,False,True
106926218,0.07610000,2892.80000000,191505709,191505709,1782865292243734,True,True
106926219,0.07610000,28265.50000000,191505710,191505715,1782865292246635,True,True
106926220,0.07600000,1000.00000000,191505716,191505716,1782865401183347,True,True
106926221,0.07600000,13433.70000000,191505717,191505721,1782865401196918,True,True
106926222,0.07600000,680.40000000,191505722,191505724,1782865413650558,False,True
106926223,0.07600000,5102.60000000,191505725,191505725,1782865439174365,False,True
106926224,0.07600000,287.10000000,191505726,191505726,1782865439704839,False,True
106926225,0.07600000,81.70000000,191505727,191505727,1782865439737834,False,True
106926226,0.07600000,16.80000000,191505728,191505728,1782865439774080,False,True
106926227,0.07600000,1000.00000000,191505729,191505730,1782865441911474,True,True
106926228,0.07600000,924.10000000,191505731,191505731,1782865441971565,True,True
106926229,0.07600000,1000.00000000,191505732,191505732,1782865442128401,True,True
106926230,0.07600000,1049.20000000,191505733,191505733,1782865459971891,True,True
106926231,0.07600000,1000.00000000,191505734,191505734,1782865460011667,True,True
106926232,0.07600000,924.10000000,191505735,191505736,1782865460044905,True,True
106926233,0.07600000,853.90000000,191505737,191505737,1782865460055932,True,True
106926234,0.07600000,789.10000000,191505738,191505738,1782865460067962,True,True
106926235,0.07600000,729.30000000,191505739,191505739,1782865460091355,True,True
106926236,0.07600000,673.90000000,191505740,191505740,1782865460102100,True,True
106926237,0.07600000,622.80000000,191505741,191505741,1782865460123749,True,True
106926238,0.07600000,550.80000000,191505742,191505742,1782865460152125,True,True
106926239,0.07600000,211.00000000,191505743,191505743,1782865460168104,True,True
106926240,0.07600000,164.30000000,191505744,191505744,1782865460196709,True,True
106926241,0.07600000,9524.90000000,191505745,191505746,1782865473517462,True,True
106926242,0.07600000,2075.80000000,191505747,191505747,1782865473518726,True,True
106926243,0.07600000,30975.40000000,191505748,191505753,1782865473518932,True,True
106926244,0.07600000,30.80000000,191505754,191505754,1782865473519181,True,True
106926245,0.07590000,175.10000000,191505755,191505755,1782865491777754,True,True
106926246,0.07600000,44208.70000000,191505756,191505761,1782865500709333,False,True
106926247,0.07600000,36629.60000000,191505762,191505769,1782865539920091,True,True
106926248,0.07590000,280.80000000,191505770,191505770,1782865627182032,True,True
106926249,0.07600000,65.90000000,191505771,191505771,1782865634296998,False,True
106926250,0.07600000,40833.40000000,191505772,191505781,1782865691807496,False,True
106926251,0.07600000,174.40000000,191505782,191505782,1782865772906222,True,True
106926252,0.07610000,783.80000000,191505783,191505787,1782865838338325,False,True
106926253,0.07610000,621.10000000,191505788,191505790,1782865838342079,False,True
106926254,0.07620000,118.30000000,191505791,191505791,1782865844815959,False,True
106926255,0.07610000,5000.30000000,191505792,191505793,1782865857096279,True,True
106926256,0.07620000,2040.80000000,191505794,191505796,1782865860703923,False,True
106926257,0.07630000,1125.10000000,191505797,191505799,1782865872527530,False,True
106926258,0.07630000,1325.30000000,191505800,191505800,1782865872541055,True,True
106926259,0.07630000,1325.30000000,191505801,191505801,1782865872548469,True,True
106926260,0.07630000,3669.80000000,191505802,191505802,1782865872615165,True,True
106926261,0.07630000,5527.70000000,191505803,191505804,1782865872640055,True,True
106926262,0.07630000,18319.10000000,191505805,191505809,1782865872649744,True,True
106926263,0.07630000,3663.80000000,191505810,191505810,1782865872654257,True,True
106926264,0.07630000,737.60000000,191505811,191505812,1782865872664756,True,True
106926265,0.07620000,2932.20000000,191505813,191505813,1782865872664756,True,True
106926266,0.07630000,2593.60000000,191505814,191505816,1782865872834394,True,True
106926267,0.07630000,2593.60000000,191505817,191505817,1782865872838511,True,True
106926268,0.07630000,4927.80000000,191505818,191505818,1782865872918192,True,True
106926269,0.07630000,232.90000000,191505819,191505819,1782865873285214,True,True
106926270,0.07630000,2213.20000000,191505820,191505820,1782865873336304,True,True
106926271,0.07620000,118.00000000,191505821,191505821,1782865875208935,True,True
106926272,0.07620000,2286.90000000,191505822,191505822,1782865880656170,True,True
106926273,0.07620000,7136.90000000,191505823,191505825,1782865880799486,True,True
106926274,0.07620000,513.70000000,191505826,191505826,1782865883434196,True,True
106926275,0.07620000,15059.90000000,191505827,191505835,1782865883477292,True,True
106926276,0.07620000,11945.20000000,191505836,191505836,1782865883541868,True,True
106926277,0.07620000,35889.50000000,191505837,191505838,1782865883542892,True,True
106926278,0.07620000,4289.50000000,191505839,191505840,1782865883566394,True,True
106926279,0.07620000,11945.20000000,191505841,191505842,1782865883624577,True,True
106926280,0.07620000,2581.80000000,191505843,191505843,1782865887052192,True,True
106926281,0.07620000,866.40000000,191505844,191505844,1782865894155428,True,True
106926282,0.07620000,184.60000000,191505845,191505845,1782865894781616,True,True
106926283,0.07620000,104.80000000,191505846,191505846,1782865905907479,True,True
106926284,0.07620000,14358.60000000,191505847,191505850,1782865916916471,True,True
106926285,0.07610000,184.60000000,191505851,191505851,1782865923349967,True,True
106926286,0.07620000,118.10000000,191505852,191505853,1782865938106042,False,True
106926287,0.07620000,200.00000000,191505854,191505854,1782865950791416,False,True
106926288,0.07620000,483.60000000,191505855,191505856,1782865966434629,True,True
106926289,0.07620000,255.50000000,191505857,191505857,1782865977884830,True,True
106926290,0.07620000,200.90000000,191505858,191505858,1782865980599157,True,True
106926291,0.07620000,2888.70000000,191505859,191505860,1782865989478689,True,True
106926292,0.07620000,2893.60000000,191505861,191505861,1782865989494752,True,True
106926293,0.07620000,2555.20000000,191505862,191505863,1782865989497773,True,True
106926294,0.07620000,861.40000000,191505864,191505864,1782865989940952,True,True
106926295,0.07620000,2999.60000000,191505865,191505865,1782865989945891,True,True
106926296,0.07620000,2999.60000000,191505866,191505867,1782865989959388,True,True
106926297,0.07620000,1590.30000000,191505868,191505868,1782865989960862,True,True
106926298,0.07620000,2783.80000000,191505869,191505870,1782865990087301,True,True
106926299,0.07620000,2230.80000000,191505871,191505871,1782865991023685,True,True
106926300,0.07620000,1784.60000000,191505872,191505872,1782865991698338,True,True
106926301,0.07620000,1784.60000000,191505873,191505874,1782865991714752,True,True
106926302,0.07620000,783.80000000,191505875,191505875,1782865991935647,True,True
106926303,0.07620000,915.10000000,191505876,191505876,1782865992027658,True,True
106926304,0.07620000,1000.00000000,191505877,191505878,1782865992273462,True,True
106926305,0.07620000,923.90000000,191505879,191505879,1782865992324182,True,True
106926306,0.07620000,853.60000000,191505880,191505880,1782865992352696,True,True
106926307,0.07620000,788.60000000,191505881,191505881,1782865992375218,True,True
106926308,0.07620000,728.60000000,191505882,191505882,1782865992395358,True,True
106926309,0.07620000,673.20000000,191505883,191505883,1782865992433017,True,True
106926310,0.07630000,10500.60000000,191505884,191505887,1782866049592817,False,True
106926311,0.07630000,4799.90000000,191505888,191505892,1782866049592946,False,True
106926312,0.07630000,1000.00000000,191505893,191505893,1782866049596909,True,True
106926313,0.07630000,620.50000000,191505894,191505895,1782866049610124,True,True
106926314,0.07630000,620.50000000,191505896,191505896,1782866049613295,True,True
106926315,0.07630000,38251.50000000,191505897,191505906,1782866049738971,True,True
106926316,0.07620000,781.00000000,191505907,191505907,1782866049744848,True,True
106926317,0.07620000,2503.90000000,191505908,191505908,1782866049818694,True,True
106926318,0.07630000,13588.60000000,191505909,191505916,1782866054852817,False,True
106926319,0.07630000,1000.00000000,191505917,191505917,1782866054855810,True,True
106926320,0.07630000,1501.90000000,191505918,191505919,1782866054872128,True,True
106926321,0.07630000,1501.90000000,191505920,191505921,1782866054872512,True,True
106926322,0.07630000,3924.40000000,191505922,191505922,1782866054973457,True,True
106926323,0.07630000,2539.40000000,191505923,191505923,1782866054975745,True,True
106926324,0.07630000,2539.50000000,191505924,191505924,1782866054976177,True,True
106926325,0.07630000,1188.80000000,191505925,191505925,1782866055964623,True,True
106926326,0.07630000,694.50000000,191505926,191505928,1782866055966916,True,True
106926327,0.07630000,4061.00000000,191505929,191505930,1782866055986700,True,True
106926328,0.07620000,65.80000000,191505931,191505931,1782866056457238,True,True
106926329,0.07630000,65.60000000,191505932,191505932,1782866063744158,False,True
106926330,0.07630000,4402.30000000,191505933,191505934,1782866070844894,False,True
106926331,0.07630000,5286.80000000,191505935,191505936,1782866070848723,False,True
106926332,0.07630000,4147.10000000,191505937,191505939,1782866070869546,True,True
106926333,0.07630000,15651.00000000,191505940,191505944,1782866073602205,True,True
106926334,0.07640000,457.60000000,191505945,191505945,1782866089272216,False,True
106926335,0.07630000,19390.20000000,191505946,191505950,1782866125094029,True,True
106926336,0.07630000,262.10000000,191505951,191505951,1782866203863330,False,True
106926337,0.07630000,452.40000000,191505952,191505953,1782866234716203,False,True
106926338,0.07630000,145.10000000,191505954,191505954,1782866289722805,True,True
106926339,0.07640000,5204.40000000,191505955,191505956,1782866292373128,False,True
106926340,0.07640000,41000.00000000,191505957,191505962,1782866292373922,False,True
106926341,0.07640000,3375.20000000,191505963,191505969,1782866292374207,False,True
106926342,0.07640000,711.10000000,191505970,191505970,1782866293179514,True,True
106926343,0.07650000,130.70000000,191505971,191505971,1782866296401319,False,True
106926344,0.07640000,1000.00000000,191505972,191505972,1782866323036342,True,True
106926345,0.07640000,923.70000000,191505973,191505973,1782866323051293,True,True
106926346,0.07640000,853.20000000,191505974,191505974,1782866323062763,True,True
106926347,0.07640000,788.10000000,191505975,191505975,1782866323080137,True,True
106926348,0.07640000,728.00000000,191505976,191505976,1782866323104974,True,True
106926349,0.07640000,672.50000000,191505977,191505978,1782866323116682,True,True
106926350,0.07640000,18.00000000,191505979,191505979,1782866323118251,True,True
106926351,0.07630000,21733.70000000,191505980,191505984,1782866405960699,True,True
106926352,0.07630000,37911.30000000,191505985,191505988,1782866405960759,True,True
106926353,0.07630000,11928.90000000,191505989,191505989,1782866405962094,True,True
106926354,0.07620000,1385.70000000,191505990,191505990,1782866427473269,True,True
106926355,0.07620000,788.20000000,191505991,191505991,1782866492016384,True,True
106926356,0.07630000,445.70000000,191505992,191505994,1782866492082561,False,True
106926357,0.07630000,698.40000000,191505995,191505995,1782866527334827,True,True
106926358,0.07630000,1000.00000000,191505996,191505998,1782866556751562,True,True
106926359,0.07630000,923.80000000,191505999,191505999,1782866556774060,True,True
106926360,0.07630000,853.40000000,191506000,191506000,1782866556802178,True,True
106926361,0.07630000,788.40000000,191506001,191506001,1782866556843522,True,True
106926362,0.07630000,728.30000000,191506002,191506002,1782866556874771,True,True
106926363,0.07630000,672.80000000,191506003,191506003,1782866556886979,True,True
106926364,0.07630000,621.60000000,191506004,191506004,1782866556901859,True,True
106926365,0.07630000,574.20000000,191506005,191506005,1782866556910510,True,True
106926366,0.07630000,484.40000000,191506006,191506006,1782866556930635,True,True
106926367,0.07630000,412.90000000,191506007,191506007,1782866556965193,True,True
106926368,0.07630000,1000.00000000,191506008,191506009,1782866557030483,True,True
106926369,0.07630000,495.00000000,191506010,191506010,1782866557052597,True,True
106926370,0.07630000,274.00000000,191506011,191506011,1782866557075058,True,True
106926371,0.07630000,443.00000000,191506012,191506012,1782866557105960,True,True
106926372,0.07630000,279.30000000,191506013,191506013,1782866557130733,True,True
106926373,0.07630000,422.80000000,191506014,191506014,1782866557151625,True,True
106926374,0.07630000,327.40000000,191506015,191506015,1782866557176320,True,True
106926375,0.07630000,167.50000000,191506016,191506016,1782866557189321,True,True
106926376,0.07630000,496.00000000,191506017,191506017,1782866557229996,True,True
106926377,0.07630000,685.20000000,191506018,191506018,1782866557274024,True,True
106926378,0.07630000,1000.00000000,191506019,191506019,1782866558027750,True,True
106926379,0.07630000,923.80000000,191506020,191506020,1782866558042104,True,True
106926380,0.07630000,853.40000000,191506021,191506021,1782866558070882,True,True
106926381,0.07630000,788.40000000,191506022,191506022,1782866558083471,True,True
106926382,0.07630000,161.90000000,191506023,191506024,1782866558085041,True,True
106926383,0.07620000,2066.00000000,191506025,191506025,1782866566426927,True,True
106926384,0.07630000,98.40000000,191506026,191506026,1782866585727328,True,True
106926385,0.07640000,10471.20000000,191506027,191506030,1782866595093135,False,True
106926386,0.07630000,8534.40000000,191506031,191506033,1782866718541572,True,True
106926387,0.07630000,5621.90000000,191506034,191506035,1782866718542715,True,True
106926388,0.07630000,80.60000000,191506036,191506036,1782866740644373,True,True
106926389,0.07640000,158.10000000,191506037,191506037,1782866753423888,False,True
106926390,0.07640000,392.60000000,191506038,191506038,1782866786084645,False,True
106926391,0.07640000,65.40000000,191506039,191506039,1782866888136981,False,True
106926392,0.07630000,36462.80000000,191506040,191506045,1782866888516741,True,True
106926393,0.07630000,2009.40000000,191506046,191506047,1782866927110605,False,True
106926394,0.07630000,3774.40000000,191506048,191506051,1782866931970798,False,True
106926395,0.07630000,14761.90000000,191506052,191506055,1782866976086188,True,True
106926396,0.07630000,922.90000000,191506056,191506058,1782866998573944,False,True
106926397,0.07640000,132.00000000,191506059,191506059,1782867020193571,False,True
106926398,0.07630000,922.90000000,191506060,191506060,1782867045301121,True,True
106926399,0.07630000,10397.50000000,191506061,191506063,1782867045304023,True,True
106926400,0.07630000,443.40000000,191506064,191506066,1782867093287105,False,True
106926401,0.07640000,104.00000000,191506067,191506067,1782867191004466,False,True
106926402,0.07640000,144.20000000,191506068,191506068,1782867222605948,False,True
106926403,0.07630000,7176.90000000,191506069,191506071,1782867250576489,True,True
106926404,0.07630000,16908.80000000,191506072,191506073,1782867250578522,True,True
106926405,0.07630000,7176.90000000,191506074,191506074,1782867250578810,True,True
106926406,0.07620000,130.90000000,191506075,191506075,1782867252704611,True,True
106926407,0.07620000,104.80000000,191506076,191506076,1782867283101431,True,True
106926408,0.07620000,154.40000000,191506077,191506077,1782867300923672,True,True
106926409,0.07630000,327.70000000,191506078,191506078,1782867305375248,False,True
106926410,0.07620000,131.10000000,191506079,191506079,1782867315600034,True,True
106926411,0.07630000,529.30000000,191506080,191506082,1782867361050879,False,True
106926412,0.07630000,443.40000000,191506083,191506083,1782867393841174,True,True
106926413,0.07630000,9793.80000000,191506084,191506088,1782867393909498,True,True
106926414,0.07630000,511.10000000,191506089,191506089,1782867393910961,True,True
106926415,0.07630000,1549.80000000,191506090,191506090,1782867393927244,True,True
106926416,0.07630000,238.00000000,191506091,191506091,1782867423470003,False,True
106926417,0.07630000,393.30000000,191506092,191506092,1782867423470177,False,True
106926418,0.07630000,890.00000000,191506093,191506093,1782867423470227,False,True
106926419,0.07630000,296.40000000,191506094,191506094,1782867433119183,False,True
106926420,0.07630000,4402.30000000,191506095,191506097,1782867465045606,True,True
106926421,0.07630000,6279.40000000,191506098,191506099,1782867519573587,True,True
106926422,0.07630000,33508.80000000,191506100,191506102,1782867519574949,True,True
106926423,0.07630000,99.70000000,191506103,191506103,1782867553190190,False,True
106926424,0.07630000,3931.80000000,191506104,191506105,1782867556048569,False,True
106926425,0.07630000,17455.30000000,191506106,191506109,1782867573117476,False,True
106926426,0.07640000,163.60000000,191506110,191506110,1782867632444250,False,True
106926427,0.07630000,10788.20000000,191506111,191506115,1782867632799714,True,True
106926428,0.07630000,2157.60000000,191506116,191506116,1782867632802841,True,True
106926429,0.07630000,144.10000000,191506117,191506117,1782867634951142,False,True
106926430,0.07630000,208.90000000,191506118,191506119,1782867636442357,False,True
106926431,0.07640000,20397.70000000,191506120,191506124,1782867636442357,False,True
106926432,0.07630000,7268.50000000,191506125,191506127,1782867663147361,True,True
106926433,0.07630000,636.60000000,191506128,191506131,1782867716210911,False,True
106926434,0.07630000,69.90000000,191506132,191506132,1782867716217440,False,True
106926435,0.07640000,143.90000000,191506133,191506133,1782867737390187,False,True
106926436,0.07630000,7730.10000000,191506134,191506135,1782867746513267,True,True
106926437,0.07630000,119.80000000,191506136,191506136,1782867762239120,False,True
106926438,0.07630000,1000.00000000,191506137,191506138,1782867763382283,True,True
106926439,0.07630000,2157.90000000,191506139,191506140,1782867763386259,True,True
106926440,0.07630000,386.50000000,191506141,191506141,1782867763406919,True,True
106926441,0.07630000,212.50000000,191506142,191506143,1782867763418206,True,True
106926442,0.07630000,101.20000000,191506144,191506144,1782867772451848,False,True
106926443,0.07640000,17300.00000000,191506145,191506148,1782867787821697,False,True
106926444,0.07640000,867.00000000,191506149,191506149,1782867804878028,False,True
106926445,0.07640000,2171.00000000,191506150,191506151,1782867805927236,False,True
106926446,0.07640000,103898.00000000,191506152,191506154,1782867823001783,False,True
106926447,0.07640000,1843.40000000,191506155,191506155,1782867847531893,False,True
106926448,0.07640000,17300.00000000,191506156,191506159,1782867847532264,False,True
106926449,0.07640000,133512.00000000,191506160,191506181,1782867847532364,False,True
106926450,0.07640000,56257.30000000,191506182,191506183,1782867847532400,False,True
106926451,0.07650000,76725.70000000,191506184,191506188,1782867847532400,False,True
106926452,0.07650000,132983.00000000,191506189,191506202,1782867847532404,False,True
106926453,0.07650000,72529.10000000,191506203,191506215,1782867847533403,False,True
106926454,0.07640000,2619.60000000,191506216,191506216,1782867847534217,True,True
106926455,0.07640000,1000.00000000,191506217,191506217,1782867847535765,True,True
106926456,0.07640000,1263.50000000,191506218,191506218,1782867847629488,True,True
106926457,0.07640000,196.70000000,191506219,191506219,1782867848313543,True,True
106926458,0.07640000,101.20000000,191506220,191506220,1782867852355582,True,True
106926459,0.07640000,2455.50000000,191506221,191506221,1782867855836300,True,True
106926460,0.07640000,2532.50000000,191506222,191506222,1782867856925836,True,True
106926461,0.07640000,3109.30000000,191506223,191506225,1782867857768622,True,True
106926462,0.07640000,8768.80000000,191506226,191506227,1782867857768738,True,True
106926463,0.07640000,1002.00000000,191506228,191506228,1782867857768886,True,True
106926464,0.07640000,838.90000000,191506229,191506229,1782867857769614,True,True
106926465,0.07640000,2953.00000000,191506230,191506231,1782867857769724,True,True
106926466,0.07640000,52753.80000000,191506232,191506238,1782867857770626,True,True
106926467,0.07640000,5673.30000000,191506239,191506239,1782867857771847,True,True
106926468,0.07640000,3500.00000000,191506240,191506240,1782867857772715,True,True
106926469,0.07640000,2300.50000000,191506241,191506241,1782867860567765,False,True
106926470,0.07640000,5658.70000000,191506242,191506242,1782867860567814,False,True
106926471,0.07640000,15456.60000000,191506243,191506245,1782867860568066,False,True
106926472,0.07640000,5792.90000000,191506246,191506250,1782867860569815,False,True
106926473,0.07650000,23895.20000000,191506251,191506257,1782867860569815,False,True
106926474,0.07640000,7668.40000000,191506258,191506261,1782867863888963,False,True
106926475,0.07640000,635.80000000,191506262,191506262,1782867864000759,True,True
106926476,0.07650000,20722.30000000,191506263,191506268,1782867874496756,False,True
106926477,0.07660000,95866.30000000,191506269,191506274,1782867874496756,False,True
106926478,0.07660000,25742.40000000,191506275,191506282,1782867874588099,False,True
106926479,0.07660000,635.80000000,191506283,191506283,1782867874591103,False,True
106926480,0.07660000,73.80000000,191506284,191506284,1782867874591214,False,True
106926481,0.07660000,208.80000000,191506285,191506285,1782867874593376,True,True
106926482,0.07660000,208.80000000,191506286,191506286,1782867874593513,True,True
106926483,0.07660000,730.10000000,191506287,191506288,1782867874594127,True,True
106926484,0.07660000,730.10000000,191506289,191506289,1782867874594144,True,True
106926485,0.07660000,3092.60000000,191506290,191506291,1782867874595043,True,True
106926486,0.07660000,730.10000000,191506292,191506292,1782867874595225,True,True
106926487,0.07660000,141.90000000,191506293,191506293,1782867874628658,True,True
106926488,0.07670000,4910.50000000,191506294,191506297,1782867874725692,False,True
106926489,0.07670000,1336.80000000,191506298,191506298,1782867874728721,True,True
106926490,0.07670000,1000.00000000,191506299,191506299,1782867874728830,True,True
106926491,0.07670000,70567.20000000,191506300,191506304,1782867874730630,True,True
106926492,0.07670000,59456.90000000,191506305,191506307,1782867874813459,False,True
106926493,0.07670000,15125.00000000,191506308,191506313,1782867874813544,False,True
106926494,0.07680000,24312.30000000,191506314,191506322,1782867874817181,False,True
106926495,0.07690000,800.00000000,191506323,191506324,1782867874817181,False,True
106926496,0.07680000,2444.60000000,191506325,191506325,1782867874818557,True,True
106926497,0.07680000,2444.60000000,191506326,191506326,1782867874818696,True,True
106926498,0.07680000,2444.70000000,191506327,191506327,1782867874819345,True,True
106926499,0.07690000,1500.00000000,191506328,191506328,1782867874819355,False,True
106926500,0.07690000,34431.60000000,191506329,191506338,1782867874823632,False,True
106926501,0.07690000,1404.60000000,191506339,191506340,1782867874826464,False,True
106926502,0.07680000,1064.90000000,191506341,191506341,1782867874828334,True,True
106926503,0.07680000,1064.90000000,191506342,191506342,1782867874828338,True,True
106926504,0.07690000,144.60000000,191506343,191506343,1782867874828831,True,True
106926505,0.07680000,325.00000000,191506344,191506344,1782867874829334,True,True
106926506,0.07680000,1064.90000000,191506345,191506346,1782867874829454,True,True
106926507,0.07680000,19500.00000000,191506347,191506349,1782867874830047,True,True
106926508,0.07680000,1064.90000000,191506350,191506350,1782867874830102,True,True
106926509,0.07690000,12462.40000000,191506351,191506351,1782867874830256,False,True
106926510,0.07680000,6806.50000000,191506352,191506353,1782867874833272,True,True
106926511,0.07690000,1870.20000000,191506354,191506355,1782867874835320,True,True
106926512,0.07690000,9225.00000000,191506356,191506356,1782867874835819,True,True
106926513,0.07690000,3512.90000000,191506357,191506357,1782867874837327,False,True
106926514,0.07680000,968.50000000,191506358,191506358,1782867874838279,True,True
106926515,0.07690000,1024.20000000,191506359,191506359,1782867874839147,False,True
106926516,0.07680000,1064.90000000,191506360,191506360,1782867874841150,True,True
106926517,0.07690000,98.20000000,191506361,191506361,1782867874842559,True,True
106926518,0.07680000,661.10000000,191506362,191506362,1782867874842559,True,True
106926519,0.07690000,1064.90000000,191506363,191506363,1782867874842928,True,True
106926520,0.07690000,98.20000000,191506364,191506364,1782867874844300,True,True
106926521,0.07690000,8061.90000000,191506365,191506365,1782867874844431,True,True
106926522,0.07680000,1038.90000000,191506366,191506366,1782867874845545,True,True
106926523,0.07690000,1163.10000000,191506367,191506367,1782867874845579,False,True
106926524,0.07690000,1163.10000000,191506368,191506368,1782867874845595,False,True
106926525,0.07690000,10599.20000000,191506369,191506369,1782867874845957,False,True
106926526,0.07690000,6426.40000000,191506370,191506370,1782867874848891,True,True
106926527,0.07690000,12907.30000000,191506371,191506372,1782867874850963,True,True
106926528,0.07690000,2603.90000000,191506373,191506374,1782867874851122,True,True
106926529,0.07690000,2603.90000000,191506375,191506375,1782867874853674,False,True
106926530,0.07690000,140.80000000,191506376,191506376,1782867874854673,False,True
106926531,0.07690000,140.80000000,191506377,191506377,1782867874855462,False,True
106926532,0.07690000,140.80000000,191506378,191506378,1782867874855698,False,True
106926533,0.07690000,12325.40000000,191506379,191506379,1782867874855858,False,True
106926534,0.07680000,1632.00000000,191506380,191506380,1782867874857583,True,True
106926535,0.07680000,1360.10000000,191506381,191506381,1782867874859171,True,True
106926536,0.07690000,105.60000000,191506382,191506382,1782867874859308,False,True
106926537,0.07680000,528.20000000,191506383,191506383,1782867874859657,True,True
106926538,0.07690000,109.10000000,191506384,191506384,1782867874863523,False,True
106926539,0.07690000,81.80000000,191506385,191506385,1782867874866798,False,True
106926540,0.07690000,12607.00000000,191506386,191506386,1782867874870576,True,True
106926541,0.07690000,1360.10000000,191506387,191506388,1782867874879978,True,True
106926542,0.07690000,6515.90000000,191506389,191506389,1782867874890578,True,True
106926543,0.07690000,14300.00000000,191506390,191506392,1782867874896415,True,True
106926544,0.07690000,1857.90000000,191506393,191506394,1782867874919012,True,True
106926545,0.07700000,30306.50000000,191506395,191506402,1782867874965687,False,True
106926546,0.07700000,10772.60000000,191506403,191506404,1782867874970587,False,True
106926547,0.07700000,11502.90000000,191506405,191506406,1782867874982081,False,True
106926548,0.07700000,12607.00000000,191506407,191506407,1782867874985717,False,True
106926549,0.07700000,168.50000000,191506408,191506408,1782867874987673,True,True
106926550,0.07700000,9225.00000000,191506409,191506409,1782867874989675,True,True
106926551,0.07710000,4983.50000000,191506410,191506413,1782867875116604,False,True
106926552,0.07710000,4983.40000000,191506414,191506414,1782867875118789,False,True
106926553,0.07700000,13361.90000000,191506415,191506417,1782867875118943,True,True
106926554,0.07700000,3834.10000000,191506418,191506418,1782867875158957,True,True
106926555,0.07700000,6969.30000000,191506419,191506422,1782867875162653,True,True
106926556,0.07710000,34632.10000000,191506423,191506433,1782867875208612,False,True
106926557,0.07710000,12607.00000000,191506434,191506434,1782867875211509,False,True
106926558,0.07710000,4010.50000000,191506435,191506435,1782867875212345,False,True
106926559,0.07710000,140.00000000,191506436,191506436,1782867875213344,False,True
106926560,0.07710000,13352.90000000,191506437,191506439,1782867875216522,True,True
106926561,0.07700000,144.40000000,191506440,191506440,1782867875316942,True,True
106926562,0.07710000,208.70000000,191506441,191506441,1782867875600108,False,True
106926563,0.07710000,208.70000000,191506442,191506442,1782867875601851,False,True
106926564,0.07710000,2993.30000000,191506443,191506443,1782867875647811,False,True
106926565,0.07700000,114441.40000000,191506444,191506448,1782867875650012,True,True
106926566,0.07700000,3800.60000000,191506449,191506449,1782867875696482,False,True
106926567,0.07700000,1214.50000000,191506450,191506452,1782867875718728,False,True
106926568,0.07690000,11915.30000000,191506453,191506454,1782867875827130,True,True
106926569,0.07680000,125869.60000000,191506455,191506468,1782867875899653,True,True
106926570,0.07680000,9867.20000000,191506469,191506469,1782867875901355,True,True
106926571,0.07670000,27188.80000000,191506470,191506473,1782867876003791,True,True
106926572,0.07670000,1402.40000000,191506474,191506474,1782867876009182,True,True
106926573,0.07670000,4013.90000000,191506475,191506475,1782867876009646,True,True
106926574,0.07670000,5000.00000000,191506476,191506476,1782867876072513,False,True
106926575,0.07670000,32603.90000000,191506477,191506479,1782867876075661,False,True
106926576,0.07670000,15000.00000000,191506480,191506480,1782867876076941,False,True
106926577,0.07670000,97.30000000,191506481,191506481,1782867876078233,False,True
106926578,0.07660000,4828.40000000,191506482,191506482,1782867876134801,True,True
106926579,0.07660000,619.80000000,191506483,191506483,1782867876147811,True,True
106926580,0.07670000,7020.10000000,191506484,191506484,1782867876152780,False,True
106926581,0.07670000,6543.60000000,191506485,191506486,1782867876220958,True,True
106926582,0.07670000,8999.10000000,191506487,191506488,1782867876241361,True,True
106926583,0.07670000,4126.20000000,191506489,191506490,1782867876266614,True,True
106926584,0.07660000,65.50000000,191506491,191506491,1782867876572525,True,True
106926585,0.07670000,2619.60000000,191506492,191506492,1782867876724115,False,True
106926586,0.07670000,8538.10000000,191506493,191506495,1782867876724429,False,True
106926587,0.07670000,2136.30000000,191506496,191506498,1782867876725736,False,True
106926588,0.07670000,6095.00000000,191506499,191506500,1782867876931664,True,True
106926589,0.07670000,6807.00000000,191506501,191506501,1782867876996105,False,True
106926590,0.07670000,2223.80000000,191506502,191506504,1782867877488902,False,True
106926591,0.07660000,2384.50000000,191506505,191506505,1782867877740801,True,True
106926592,0.07660000,3408.40000000,191506506,191506507,1782867878370689,True,True
106926593,0.07650000,1123.00000000,191506508,191506508,1782867882031835,True,True
106926594,0.07650000,628.70000000,191506509,191506509,1782867884796794,True,True
106926595,0.07660000,542.60000000,191506510,191506510,1782867885160189,False,True
106926596,0.07660000,541.90000000,191506511,191506511,1782867885160949,False,True
106926597,0.07660000,7624.00000000,191506512,191506514,1782867885161692,False,True
106926598,0.07660000,249.90000000,191506515,191506515,1782867886311529,True,True
106926599,0.07660000,155.10000000,191506516,191506516,1782867887823492,True,True
106926600,0.07670000,21930.50000000,191506517,191506525,1782867889591138,False,True
106926601,0.07680000,91038.40000000,191506526,191506532,1782867889591138,False,True
106926602,0.07670000,405.00000000,191506533,191506533,1782867889594233,False,True
106926603,0.07670000,8378.80000000,191506534,191506535,1782867889639615,True,True
106926604,0.07680000,7836.50000000,191506536,191506541,1782867889858348,False,True
106926605,0.07680000,2953.00000000,191506542,191506542,1782867890015255,True,True
106926606,0.07680000,47896.50000000,191506543,191506550,1782867890016257,True,True
106926607,0.07670000,576.40000000,191506551,191506551,1782867890048520,True,True
106926608,0.07670000,2158.00000000,191506552,191506552,1782867890693062,True,True
106926609,0.07670000,3422.20000000,191506553,191506553,1782867890698546,True,True
106926610,0.07670000,2245.90000000,191506554,191506554,1782867891824167,True,True
106926611,0.07670000,1321.00000000,191506555,191506557,1782867900291790,True,True
106926612,0.07680000,1777.20000000,191506558,191506558,1782867913392866,False,True
106926613,0.07670000,816.20000000,191506559,191506559,1782867915868754,True,True
106926614,0.07660000,2691.20000000,191506560,191506564,1782867933509814,True,True
106926615,0.07650000,11969.80000000,191506565,191506566,1782867951289796,True,True
106926616,0.07660000,24861.80000000,191506567,191506571,1782867961500857,False,True
106926617,0.07660000,1000.00000000,191506572,191506572,1782867961503956,True,True
106926618,0.07660000,1254.60000000,191506573,191506573,1782867962286816,True,True
106926619,0.07660000,561.40000000,191506574,191506574,1782867962923383,False,True
106926620,0.07660000,200.00000000,191506575,191506575,1782867962937532,False,True
106926621,0.07660000,260.00000000,191506576,191506576,1782867973124126,True,True
106926622,0.07660000,260.00000000,191506577,191506577,1782867990038686,True,True
106926623,0.07650000,875.70000000,191506578,191506581,1782867998004883,True,True
106926624,0.07650000,1120.70000000,191506582,191506584,1782868001387581,False,True
106926625,0.07650000,277.30000000,191506585,191506585,1782868001387845,False,True
106926626,0.07650000,15038.40000000,191506586,191506589,1782868007708567,True,True
106926627,0.07650000,21747.30000000,191506590,191506596,1782868007831946,False,True
106926628,0.07650000,1000.00000000,191506597,191506597,1782868007834842,True,True
106926629,0.07660000,127.90000000,191506598,191506598,1782868007875296,False,True
106926630,0.07650000,119.50000000,191506599,191506599,1782868009217776,True,True
106926631,0.07650000,10781.90000000,191506600,191506603,1782868027081131,False,True
106926632,0.07650000,19147.50000000,191506604,191506608,1782868029179023,True,True
106926633,0.07650000,5287.00000000,191506609,191506610,1782868029179038,True,True
106926634,0.07650000,20542.80000000,191506611,191506616,1782868029908768,False,True
106926635,0.07650000,20538.20000000,191506617,191506622,1782868045054633,True,True
106926636,0.07650000,34505.80000000,191506623,191506631,1782868054483360,False,True
106926637,0.07650000,1000.00000000,191506632,191506632,1782868054485652,True,True
106926638,0.07650000,5999.10000000,191506633,191506634,1782868055931947,True,True
106926639,0.07650000,15174.80000000,191506635,191506639,1782868055931978,True,True
106926640,0.07650000,3436.50000000,191506640,191506640,1782868057661106,False,True
106926641,0.07650000,2281.50000000,191506641,191506643,1782868057661109,False,True
106926642,0.07650000,445.40000000,191506644,191506644,1782868059611396,False,True
106926643,0.07650000,217.00000000,191506645,191506646,1782868059613867,False,True
106926644,0.07650000,229.90000000,191506647,191506647,1782868078635473,True,True
106926645,0.07650000,81.20000000,191506648,191506648,1782868089522050,True,True
106926646,0.07660000,41629.50000000,191506649,191506660,1782868094339686,False,True
106926647,0.07660000,2612.70000000,191506661,191506661,1782868094340087,False,True
106926648,0.07650000,279.50000000,191506662,191506662,1782868101466153,True,True
106926649,0.07650000,1000.00000000,191506663,191506663,1782868106328894,True,True
106926650,0.07650000,137.00000000,191506664,191506664,1782868106427176,True,True
106926651,0.07650000,117.80000000,191506665,191506665,1782868124691231,False,True
106926652,0.07640000,3912.10000000,191506666,191506666,1782868154244180,True,True
106926653,0.07650000,104.60000000,191506667,191506667,1782868155386938,False,True
106926654,0.07640000,374.60000000,191506668,191506668,1782868155898625,True,True
106926655,0.07640000,96.00000000,191506669,191506669,1782868164161983,True,True
106926656,0.07640000,14447.20000000,191506670,191506678,1782868175567026,True,True
106926657,0.07640000,9425.00000000,191506679,191506680,1782868180801697,False,True
106926658,0.07640000,2526.80000000,191506681,191506681,1782868181058190,True,True
106926659,0.07650000,130.90000000,191506682,191506682,1782868186094107,False,True
106926660,0.07640000,108.30000000,191506683,191506683,1782868186463937,True,True
106926661,0.07640000,143553.70000000,191506684,191506693,1782868215807405,True,True
106926662,0.07640000,16241.20000000,191506694,191506695,1782868215810093,True,True
106926663,0.07630000,4318.80000000,191506696,191506700,1782868227904918,True,True
106926664,0.07630000,801.10000000,191506701,191506703,1782868232427261,False,True
106926665,0.07630000,7333.30000000,191506704,191506708,1782868232879993,False,True
106926666,0.07630000,98.10000000,191506709,191506709,1782868232922552,True,True
106926667,0.07630000,90.70000000,191506710,191506710,1782868234465850,True,True
106926668,0.07620000,20440.00000000,191506711,191506714,1782868238359722,True,True
106926669,0.07620000,41000.00000000,191506715,191506724,1782868238360078,True,True
106926670,0.07620000,12266.10000000,191506725,191506725,1782868238361699,True,True
106926671,0.07620000,5269.60000000,191506726,191506726,1782868238367599,False,True
106926672,0.07620000,15038.70000000,191506727,191506729,1782868238394098,False,True
106926673,0.07620000,11325.60000000,191506730,191506733,1782868238399422,True,True
106926674,0.07610000,4895.00000000,191506734,191506734,1782868239555518,True,True
106926675,0.07610000,6544.70000000,191506735,191506739,1782868250628461,True,True
106926676,0.07610000,3713.30000000,191506740,191506742,1782868250993115,False,True
106926677,0.07600000,10863.60000000,191506743,191506747,1782868257187133,True,True
106926678,0.07600000,728.30000000,191506748,191506748,1782868257187246,True,True
106926679,0.07600000,158.80000000,191506749,191506749,1782868258802335,False,True
106926680,0.07600000,323.20000000,191506750,191506751,1782868260956039,False,True
106926681,0.07600000,103.50000000,191506752,191506752,1782868261394723,True,True
106926682,0.07600000,1526.30000000,191506753,191506753,1782868261942141,False,True
106926683,0.07600000,12725.20000000,191506754,191506755,1782868263323698,False,True
106926684,0.07610000,685.70000000,191506756,191506759,1782868269977639,False,True
106926685,0.07610000,1192.20000000,191506760,191506760,1782868269995865,True,True
106926686,0.07610000,1192.20000000,191506761,191506761,1782868269997649,True,True
106926687,0.07610000,4016.90000000,191506762,191506762,1782868270036964,True,True
106926688,0.07610000,2380.90000000,191506763,191506764,1782868270066229,True,True
106926689,0.07610000,1782.30000000,191506765,191506765,1782868270068026,True,True
106926690,0.07600000,2592.90000000,191506766,191506766,1782868273739317,True,True
106926691,0.07600000,2599.20000000,191506767,191506769,1782868273794104,True,True
106926692,0.07600000,4352.50000000,191506770,191506770,1782868273795142,True,True
106926693,0.07600000,3444.60000000,191506771,191506772,1782868274045723,False,True
106926694,0.07600000,144.70000000,191506773,191506773,1782868278968497,False,True
106926695,0.07600000,200.00000000,191506774,191506774,1782868282167362,False,True
106926696,0.07600000,1327.60000000,191506775,191506775,1782868282299740,True,True
106926697,0.07600000,24787.70000000,191506776,191506783,1782868283581381,True,True
106926698,0.07600000,200.00000000,191506784,191506784,1782868285427651,False,True
106926699,0.07600000,1000.00000000,191506785,191506785,1782868289676943,False,True
106926700,0.07600000,924.10000000,191506786,191506786,1782868289687531,False,True
106926701,0.07600000,610.10000000,191506787,191506787,1782868289720866,False,True
106926702,0.07600000,12976.30000000,191506788,191506790,1782868291259750,True,True
106926703,0.07600000,3987.50000000,191506791,191506792,1782868295012422,False,True
106926704,0.07600000,9425.00000000,191506793,191506794,1782868298272214,False,True
106926705,0.07600000,107.40000000,191506795,191506795,1782868302926993,True,True
106926706,0.07590000,1580.80000000,191506796,191506799,1782868310821416,True,True
106926707,0.07590000,1662.20000000,191506800,191506801,1782868311089508,False,True
106926708,0.07590000,224.20000000,191506802,191506803,1782868312202051,False,True
106926709,0.07590000,5000.00000000,191506804,191506805,1782868312281501,False,True
106926710,0.07590000,33161.40000000,191506806,191506810,1782868312283419,False,True
106926711,0.07590000,1000.00000000,191506811,191506811,1782868312283897,False,True
106926712,0.07590000,4000.00000000,191506812,191506812,1782868312284568,False,True
106926713,0.07600000,220.90000000,191506813,191506814,1782868320352667,False,True
106926714,0.07600000,299.40000000,191506815,191506816,1782868327812830,False,True
106926715,0.07600000,1000.00000000,191506817,191506817,1782868328191856,False,True
106926716,0.07600000,74.50000000,191506818,191506818,1782868329695018,False,True
106926717,0.07600000,4404.50000000,191506819,191506820,1782868334597025,True,True
106926718,0.07600000,1000.00000000,191506821,191506822,1782868335791518,False,True
106926719,0.07590000,1047.10000000,191506823,191506827,1782868356177050,True,True
106926720,0.07580000,3586.30000000,191506828,191506828,1782868364913597,True,True
106926721,0.07580000,9645.20000000,191506829,191506831,1782868364935926,True,True
106926722,0.07580000,19124.60000000,191506832,191506837,1782868364966378,True,True
106926723,0.07580000,11149.60000000,191506838,191506839,1782868364988078,True,True
106926724,0.07580000,1665.80000000,191506840,191506841,1782868365186745,False,True
106926725,0.07570000,263.80000000,191506842,191506844,1782868365262119,True,True
106926726,0.07570000,13844.40000000,191506845,191506850,1782868365433119,True,True
106926727,0.07570000,2507.70000000,191506851,191506851,1782868365437356,True,True
106926728,0.07570000,5762.10000000,191506852,191506853,1782868365567100,False,True
106926729,0.07570000,2953.00000000,191506854,191506854,1782868365715522,False,True
106926730,0.07560000,27155.60000000,191506855,191506861,1782868365954797,True,True
106926731,0.07560000,130.00000000,191506862,191506862,1782868365954797,True,True
106926732,0.07560000,17656.00000000,191506863,191506869,1782868365957550,True,True
106926733,0.07550000,3527.00000000,191506870,191506870,1782868366046714,True,True
106926734,0.07550000,2811.00000000,191506871,191506871,1782868366084800,True,True
106926735,0.07550000,15947.60000000,191506872,191506876,1782868366200506,True,True
106926736,0.07550000,564.00000000,191506877,191506877,1782868366205821,True,True
106926737,0.07550000,1582.40000000,191506878,191506878,1782868366371020,True,True
106926738,0.07550000,12142.20000000,191506879,191506883,1782868366371260,True,True
106926739,0.07540000,5387.80000000,191506884,191506887,1782868366371260,True,True
106926740,0.07540000,4802.00000000,191506888,191506889,1782868366595697,True,True
106926741,0.07550000,8420.00000000,191506890,191506890,1782868366750050,False,True
106926742,0.07550000,667.20000000,191506891,191506891,1782868366954448,False,True
106926743,0.07550000,1333.60000000,191506892,191506893,1782868366957309,False,True
106926744,0.07550000,323.10000000,191506894,191506894,1782868366999478,False,True
106926745,0.07550000,731.20000000,191506895,191506895,1782868367001071,False,True
106926746,0.07550000,135.50000000,191506896,191506896,1782868367001784,False,True
106926747,0.07550000,3190.60000000,191506897,191506898,1782868367337239,True,True
106926748,0.07550000,160.00000000,191506899,191506899,1782868367399936,True,True
106926749,0.07550000,84.50000000,191506900,191506900,1782868367432025,True,True
106926750,0.07550000,860.00000000,191506901,191506902,1782868367502392,True,True
106926751,0.07550000,1231.40000000,191506903,191506903,1782868367610864,False,True
106926752,0.07550000,5334.40000000,191506904,191506904,1782868368248561,True,True
106926753,0.07550000,510.90000000,191506905,191506905,1782868369427325,True,True
106926754,0.07540000,5573.50000000,191506906,191506906,1782868370073902,True,True
106926755,0.07540000,22636.80000000,191506907,191506910,1782868370073904,True,True
106926756,0.07540000,11813.70000000,191506911,191506919,1782868370073963,True,True
106926757,0.07540000,5000.00000000,191506920,191506920,1782868370094946,False,True
106926758,0.07540000,5000.00000000,191506921,191506922,1782868370095114,False,True
106926759,0.07540000,5349.00000000,191506923,191506925,1782868370095212,False,True
106926760,0.07530000,2457.20000000,191506926,191506928,1782868373042552,True,True
106926761,0.07540000,6695.20000000,191506929,191506930,1782868373182190,False,True
106926762,0.07540000,19266.10000000,191506931,191506933,1782868373512132,False,True
106926763,0.07540000,275.00000000,191506934,191506934,1782868373585235,True,True
106926764,0.07550000,611.90000000,191506935,191506935,1782868374913322,False,True
106926765,0.07550000,499.00000000,191506936,191506936,1782868374920372,False,True
106926766,0.07550000,95.10000000,191506937,191506937,1782868374920629,False,True
106926767,0.07550000,251.60000000,191506938,191506938,1782868374945838,False,True
106926768,0.07540000,1457.60000000,191506939,191506939,1782868375088625,True,True
106926769,0.07550000,1084.40000000,191506940,191506940,1782868375109179,False,True
106926770,0.07540000,2782.00000000,191506941,191506941,1782868375150364,True,True
106926771,0.07540000,126.50000000,191506942,191506942,1782868375483905,True,True
106926772,0.07530000,418.10000000,191506943,191506945,1782868378000725,True,True
106926773,0.07530000,1680.00000000,191506946,191506946,1782868378405842,False,True
106926774,0.07530000,132.80000000,191506947,191506947,1782868379293134,False,True
106926775,0.07540000,695.30000000,191506948,191506949,1782868380288397,False,True
106926776,0.07530000,71.20000000,191506950,191506950,1782868382142444,True,True
106926777,0.07530000,136.50000000,191506951,191506951,1782868382993504,False,True
106926778,0.07530000,7189.70000000,191506952,191506954,1782868384887010,True,True
106926779,0.07530000,12607.00000000,191506955,191506955,1782868385217618,True,True
106926780,0.07530000,283.00000000,191506956,191506956,1782868385773232,False,True
106926781,0.07520000,157.70000000,191506957,191506958,1782868389727725,True,True
106926782,0.07520000,19285.40000000,191506959,191506962,1782868389837394,False,True
106926783,0.07520000,11804.70000000,191506963,191506964,1782868389837453,False,True
106926784,0.07520000,957.90000000,191506965,191506966,1782868393629656,True,True
106926785,0.07520000,18786.30000000,191506967,191506969,1782868393772904,True,True
106926786,0.07520000,672.00000000,191506970,191506970,1782868393875749,False,True
106926787,0.07510000,391.90000000,191506971,191506973,1782868394229228,True,True
106926788,0.07510000,266.30000000,191506974,191506974,1782868394409264,False,True
106926789,0.07500000,2953.00000000,191506975,191506981,1782868394444376,True,True
106926790,0.07500000,6956.00000000,191506982,191506982,1782868394505939,True,True
106926791,0.07510000,255.50000000,191506983,191506984,1782868395992898,False,True
106926792,0.07520000,266.30000000,191506985,191506985,1782868397742550,False,True
106926793,0.07510000,5416.70000000,191506986,191506987,1782868397842368,True,True
106926794,0.07500000,546.40000000,191506988,191506988,1782868398467930,True,True
106926795,0.07500000,530.50000000,191506989,191506989,1782868398469775,True,True
106926796,0.07500000,464.90000000,191506990,191506990,1782868398529881,True,True
106926797,0.07500000,2320.10000000,191506991,191506991,1782868398530593,True,True
106926798,0.07500000,664.50000000,191506992,191506993,1782868398530716,True,True
106926799,0.07500000,1853.10000000,191506994,191506995,1782868399527249,True,True
106926800,0.07500000,260.00000000,191506996,191506996,1782868401890419,False,True
106926801,0.07510000,1227.80000000,191506997,191506997,1782868401955521,False,True
106926802,0.07500000,622.40000000,191506998,191506998,1782868404289105,True,True
106926803,0.07500000,2543.00000000,191506999,191506999,1782868406427150,True,True
106926804,0.07500000,9427.80000000,191507000,191507002,1782868406664203,False,True
106926805,0.07510000,127.50000000,191507003,191507003,1782868408988236,False,True
106926806,0.07500000,200.00000000,191507004,191507004,1782868410502793,False,True
106926807,0.07500000,3378.50000000,191507005,191507007,1782868410982245,False,True
106926808,0.07510000,588.50000000,191507008,191507011,1782868413151714,False,True
106926809,0.07510000,391.80000000,191507012,191507012,1782868413152964,False,True
106926810,0.07510000,1982.80000000,191507013,191507014,1782868413153741,False,True
106926811,0.07500000,588.50000000,191507015,191507015,1782868415273642,True,True
106926812,0.07510000,12857.60000000,191507016,191507018,1782868417424245,False,True
106926813,0.07510000,5327.00000000,191507019,191507020,1782868417636022,True,True
106926814,0.07510000,413.10000000,191507021,191507021,1782868417676868,True,True
106926815,0.07510000,100.50000000,191507022,191507022,1782868417871918,False,True
106926816,0.07510000,1982.70000000,191507023,191507023,1782868418797835,True,True
106926817,0.07510000,75.40000000,191507024,191507024,1782868421047838,False,True
106926818,0.07510000,108.90000000,191507025,191507025,1782868421154866,True,True
106926819,0.07500000,96.50000000,191507026,191507026,1782868421869439,True,True
106926820,0.07510000,1331.50000000,191507027,191507027,1782868423690924,False,True
106926821,0.07510000,1331.50000000,191507028,191507029,1782868424497544,False,True
106926822,0.07500000,2782.00000000,191507030,191507030,1782868425400255,True,True
106926823,0.07520000,274.60000000,191507031,191507032,1782868428575996,False,True
106926824,0.07530000,1000.00000000,191507033,191507034,1782868430082267,False,True
106926825,0.07530000,924.80000000,191507035,191507035,1782868430098244,False,True
106926826,0.07530000,855.20000000,191507036,191507036,1782868430118293,False,True
106926827,0.07530000,790.90000000,191507037,191507037,1782868430157335,False,True
106926828,0.07530000,731.50000000,191507038,191507038,1782868430171307,False,True
106926829,0.07530000,1682.70000000,191507039,191507039,1782868430177285,False,True
106926830,0.07530000,504.00000000,191507040,191507040,1782868430535211,True,True
106926831,0.07540000,219.10000000,191507041,191507041,1782868431049650,False,True
106926832,0.07540000,274.30000000,191507042,191507043,1782868434054854,False,True
106926833,0.07540000,5452.20000000,191507044,191507045,1782868434267219,True,True
106926834,0.07540000,2978.10000000,191507046,191507046,1782868434277764,True,True
106926835,0.07540000,95.10000000,191507047,191507047,1782868434361261,False,True
106926836,0.07540000,15000.00000000,191507048,191507050,1782868435613133,True,True
106926837,0.07540000,71.30000000,191507051,191507051,1782868435643987,False,True
106926838,0.07550000,393.80000000,191507052,191507053,1782868438548792,False,True
106926839,0.07550000,12390.30000000,191507054,191507056,1782868439234387,False,True
106926840,0.07550000,2143.80000000,191507057,191507058,1782868439577549,True,True
106926841,0.07560000,678.60000000,191507059,191507059,1782868440849480,False,True
106926842,0.07560000,269.90000000,191507060,191507060,1782868440850735,False,True
106926843,0.07560000,239.70000000,191507061,191507061,1782868440851015,False,True
106926844,0.07560000,753.70000000,191507062,191507062,1782868440851603,False,True
106926845,0.07560000,17811.90000000,191507063,191507072,1782868441341917,False,True
106926846,0.07560000,2707.10000000,191507073,191507074,1782868442295694,True,True
106926847,0.07570000,130.80000000,191507075,191507076,1782868443415452,False,True
106926848,0.07570000,104.30000000,191507077,191507077,1782868444608341,False,True
106926849,0.07580000,970.10000000,191507078,191507080,1782868445627123,False,True
106926850,0.07580000,9005.80000000,191507081,191507082,1782868445900152,True,True
106926851,0.07580000,133.00000000,191507083,191507083,1782868445900543,True,True
106926852,0.07570000,233.00000000,191507084,191507084,1782868446374721,True,True
106926853,0.07580000,1323.50000000,191507085,191507085,1782868446505013,False,True
106926854,0.07570000,73.70000000,191507086,191507086,1782868447152515,True,True
106926855,0.07570000,1963.00000000,191507087,191507088,1782868447362809,False,True
106926856,0.07580000,1465.60000000,191507089,191507089,1782868447566701,False,True
106926857,0.07570000,79.20000000,191507090,191507090,1782868447942385,False,True
106926858,0.07560000,866.00000000,191507091,191507093,1782868451476651,True,True
106926859,0.07560000,236.10000000,191507094,191507094,1782868451724848,False,True
106926860,0.07560000,3307.50000000,191507095,191507095,1782868451763861,True,True
106926861,0.07560000,200.00000000,191507096,191507096,1782868452615679,False,True
106926862,0.07560000,183.50000000,191507097,191507097,1782868453816815,False,True
106926863,0.07560000,3324.00000000,191507098,191507099,1782868457933064,False,True
106926864,0.07560000,156.50000000,191507100,191507100,1782868464764600,True,True
106926865,0.07550000,1760.20000000,191507101,191507103,1782868476302581,True,True
106926866,0.07550000,20192.60000000,191507104,191507109,1782868476789077,False,True
106926867,0.07550000,4332.60000000,191507110,191507111,1782868476849821,True,True
106926868,0.07550000,88.00000000,191507112,191507112,1782868485489580,True,True
106926869,0.07540000,2694.00000000,191507113,191507113,1782868485489580,True,True
106926870,0.07540000,2451.60000000,191507114,191507115,1782868486539466,True,True
106926871,0.07540000,166.40000000,191507116,191507116,1782868487964695,True,True
106926872,0.07540000,843.10000000,191507117,191507117,1782868488877494,True,True
106926873,0.07550000,12973.10000000,191507118,191507119,1782868491529282,False,True
106926874,0.07560000,7967.70000000,191507120,191507128,1782868500405645,False,True
106926875,0.07560000,1447.40000000,191507129,191507129,1782868500635702,True,True
106926876,0.07560000,3968.20000000,191507130,191507131,1782868502548988,True,True
106926877,0.07570000,669.20000000,191507132,191507132,1782868502833911,False,True
106926878,0.07570000,286.10000000,191507133,191507133,1782868502834465,False,True
106926879,0.07570000,344.10000000,191507134,191507136,1782868502836048,False,True
106926880,0.07570000,641.50000000,191507137,191507138,1782868503532986,True,True
106926881,0.07570000,264.80000000,191507139,191507139,1782868503542370,True,True
106926882,0.07570000,11799.10000000,191507140,191507140,1782868503743210,True,True
106926883,0.07570000,1006.50000000,191507141,191507141,1782868505206755,False,True
106926884,0.07570000,5315.70000000,191507142,191507143,1782868505647425,False,True
106926885,0.07570000,242.30000000,191507144,191507144,1782868506264507,False,True
106926886,0.07570000,70.60000000,191507145,191507145,1782868506830236,False,True
106926887,0.07570000,32.60000000,191507146,191507146,1782868506833624,False,True
106926888,0.07580000,509.90000000,191507147,191507149,1782868509002236,False,True
106926889,0.07590000,151.20000000,191507150,191507151,1782868510682760,False,True
106926890,0.07590000,168.10000000,191507152,191507152,1782868511953934,True,True
106926891,0.07580000,431.20000000,191507153,191507155,1782868513912349,True,True
106926892,0.07580000,3283.90000000,191507156,191507157,1782868513970856,False,True
106926893,0.07580000,126.10000000,191507158,191507158,1782868514606504,True,True
106926894,0.07580000,1328.00000000,191507159,191507159,1782868514945175,True,True
106926895,0.07580000,100.60000000,191507160,191507160,1782868514949662,True,True
106926896,0.07590000,3939.30000000,191507161,191507161,1782868518223478,False,True
106926897,0.07590000,6899.70000000,191507162,191507164,1782868520579002,False,True
106926898,0.07590000,5000.00000000,191507165,191507165,1782868520581173,False,True
106926899,0.07590000,9895.80000000,191507166,191507166,1782868520581843,False,True
106926900,0.07590000,4951.70000000,191507167,191507168,1782868520582110,False,True
106926901,0.07590000,98.80000000,191507169,191507169,1782868521202163,False,True
106926902,0.07580000,392.50000000,191507170,191507171,1782868521655964,True,True
106926903,0.07590000,107.00000000,191507172,191507172,1782868521727348,False,True
106926904,0.07590000,1631.60000000,191507173,191507175,1782868522802113,False,True
106926905,0.07600000,10336.30000000,191507176,191507177,1782868525326248,False,True
106926906,0.07600000,3400.60000000,191507178,191507179,1782868525328252,False,True
106926907,0.07600000,427.60000000,191507180,191507180,1782868526066304,True,True
106926908,0.07600000,8499.20000000,191507181,191507183,1782868526229046,True,True
106926909,0.07600000,5383.40000000,191507184,191507184,1782868526591526,False,True
106926910,0.07600000,11452.50000000,191507185,191507186,1782868527086911,True,True
106926911,0.07590000,215.80000000,191507187,191507188,1782868534411908,True,True
106926912,0.07590000,93.80000000,191507189,191507189,1782868535252345,False,True
106926913,0.07590000,70.40000000,191507190,191507190,1782868536802409,False,True
106926914,0.07590000,167.20000000,191507191,191507191,1782868537576539,True,True
106926915,0.07590000,94.60000000,191507192,191507192,1782868538689052,False,True
106926916,0.07590000,70.90000000,191507193,191507193,1782868540129883,False,True
106926917,0.07600000,16445.10000000,191507194,191507197,1782868544951210,False,True
106926918,0.07600000,10429.10000000,191507198,191507200,1782868545418330,True,True
106926919,0.07600000,611.60000000,191507201,191507201,1782868545831885,False,True
106926920,0.07600000,18959.30000000,191507202,191507202,1782868545832122,False,True
106926921,0.07590000,240.30000000,191507203,191507204,1782868553767376,True,True
106926922,0.07580000,760.30000000,191507205,191507205,1782868553767376,True,True
106926923,0.07590000,125.10000000,191507206,191507206,1782868555516535,True,True
106926924,0.07580000,193.20000000,191507207,191507208,1782868561211422,True,True
106926925,0.07570000,973.10000000,191507209,191507212,1782868566052087,True,True
106926926,0.07570000,70.40000000,191507213,191507213,1782868568990656,True,True
106926927,0.07560000,2782.00000000,191507214,191507214,1782868570138902,True,True
106926928,0.07570000,121.40000000,191507215,191507215,1782868571152127,False,True
106926929,0.07570000,5383.40000000,191507216,191507216,1782868574810135,True,True
106926930,0.07560000,3272.90000000,191507217,191507218,1782868578573485,True,True
106926931,0.07560000,1000.00000000,191507219,191507219,1782868578576996,True,True
106926932,0.07560000,924.50000000,191507220,191507220,1782868578591755,True,True
106926933,0.07560000,854.70000000,191507221,191507221,1782868578601990,True,True
106926934,0.07550000,851.50000000,191507222,191507222,1782868585511138,True,True
106926935,0.07550000,1283.50000000,191507223,191507223,1782868587065716,True,True
106926936,0.07550000,219.10000000,191507224,191507224,1782868587217193,True,True
106926937,0.07550000,2221.70000000,191507225,191507228,1782868587839266,True,True
106926938,0.07550000,748.10000000,191507229,191507229,1782868593051259,True,True
106926939,0.07550000,142.60000000,191507230,191507230,1782868593053174,True,True
106926940,0.07550000,1988.00000000,191507231,191507231,1782868593059005,True,True
106926941,0.07540000,74.00000000,191507232,191507232,1782868603468466,True,True
106926942,0.07530000,17.50000000,191507233,191507233,1782868603468466,True,True
106926943,0.07540000,199.20000000,191507234,191507234,1782868604313756,False,True
106926944,0.07540000,783.80000000,191507235,191507235,1782868605148019,False,True
106926945,0.07540000,268.00000000,191507236,191507236,1782868605218592,False,True
106926946,0.07540000,147.50000000,191507237,191507237,1782868605218734,False,True
106926947,0.07540000,214.60000000,191507238,191507238,1782868605219861,False,True
106926948,0.07540000,268.20000000,191507239,191507239,1782868605220172,False,True
106926949,0.07530000,120.00000000,191507240,191507241,1782868608761130,True,True
106926950,0.07540000,24076.00000000,191507242,191507245,1782868629133994,False,True
106926951,0.07540000,109.20000000,191507246,191507246,1782868629264514,True,True
106926952,0.07550000,1156.60000000,191507247,191507252,1782868640328612,False,True
106926953,0.07550000,114.60000000,191507253,191507253,1782868646200196,False,True
106926954,0.07540000,180.50000000,191507254,191507255,1782868656408428,True,True
106926955,0.07540000,119.50000000,191507256,191507256,1782868659755974,False,True
106926956,0.07540000,224.00000000,191507257,191507257,1782868677342156,True,True
106926957,0.07540000,16588.60000000,191507258,191507260,1782868685673758,True,True
106926958,0.07550000,754.70000000,191507261,191507263,1782868695800164,False,True
106926959,0.07550000,257.90000000,191507264,191507264,1782868695802061,False,True
106926960,0.07550000,207.60000000,191507265,191507265,1782868695802065,False,True
106926961,0.07550000,2133.30000000,191507266,191507267,1782868695828436,False,True
106926962,0.07550000,108.40000000,191507268,191507268,1782868698410908,True,True
106926963,0.07550000,122.10000000,191507269,191507269,1782868703135837,False,True
106926964,0.07550000,110.00000000,191507270,191507270,1782868705107504,True,True
106926965,0.07540000,796.60000000,191507271,191507271,1782868710430979,True,True
106926966,0.07550000,119.00000000,191507272,191507272,1782868714377328,False,True
106926967,0.07560000,161.70000000,191507273,191507274,1782868719207806,False,True
106926968,0.07560000,362.30000000,191507275,191507276,1782868719805919,True,True
106926969,0.07570000,106.00000000,191507277,191507277,1782868719889405,False,True
106926970,0.07560000,552.60000000,191507278,191507278,1782868720454685,True,True
106926971,0.07550000,27129.50000000,191507279,191507282,1782868720984891,True,True
106926972,0.07560000,89.30000000,191507283,191507283,1782868722698917,False,True
106926973,0.07570000,214.20000000,191507284,191507284,1782868722701013,False,True
106926974,0.07560000,155.10000000,191507285,191507285,1782868723847244,True,True
106926975,0.07560000,89.00000000,191507286,191507286,1782868724552993,False,True
106926976,0.07560000,260.00000000,191507287,191507287,1782868725911720,True,True
106926977,0.07560000,83.40000000,191507288,191507288,1782868730977088,False,True
106926978,0.07560000,164.00000000,191507289,191507289,1782868731207179,True,True
106926979,0.07570000,119.00000000,191507290,191507290,1782868750882693,False,True
106926980,0.07570000,353.60000000,191507291,191507291,1782868751260919,False,True
106926981,0.07570000,1990.30000000,191507292,191507292,1782868758081170,False,True
106926982,0.07570000,13175.10000000,191507293,191507298,1782868760232202,False,True
106926983,0.07570000,26169.20000000,191507299,191507311,1782868761227054,False,True
106926984,0.07570000,22397.80000000,191507312,191507319,1782868761227060,False,True
106926985,0.07580000,6344.20000000,191507320,191507323,1782868774957986,False,True
106926986,0.07580000,118.60000000,191507324,191507324,1782868782779269,True,True
106926987,0.07590000,73.80000000,191507325,191507325,1782868792049280,False,True
106926988,0.07590000,1000.00000000,191507326,191507326,1782868792678449,True,True
106926989,0.07590000,924.20000000,191507327,191507327,1782868792689048,True,True
106926990,0.07590000,854.10000000,191507328,191507328,1782868792703274,True,True
106926991,0.07590000,789.40000000,191507329,191507329,1782868792731667,True,True
106926992,0.07590000,729.60000000,191507330,191507330,1782868792753800,True,True
106926993,0.07590000,2689.00000000,191507331,191507331,1782868792762045,True,True
106926994,0.07580000,131.80000000,191507332,191507332,1782868812870866,True,True
106926995,0.07580000,1000.00000000,191507333,191507333,1782868821346671,True,True
106926996,0.07580000,2439.00000000,191507334,191507339,1782868821349423,True,True
106926997,0.07580000,149.30000000,191507340,191507340,1782868822465665,True,True
106926998,0.07580000,98.90000000,191507341,191507341,1782868834427129,False,True
106926999,0.07580000,111.90000000,191507342,191507342,1782868851245291,True,True
106927000,0.07580000,830.60000000,191507343,191507344,1782868859200649,False,True
106927001,0.07580000,5007.80000000,191507345,191507345,1782868859200681,False,True
106927002,0.07580000,15214.80000000,191507346,191507347,1782868859202376,False,True
106927003,0.07580000,10129.30000000,191507348,191507349,1782868866511108,False,True
106927004,0.07580000,3965.30000000,191507350,191507350,1782868866518275,True,True
106927005,0.07580000,14773.50000000,191507351,191507355,1782868902830796,True,True
106927006,0.07570000,105.40000000,191507356,191507356,1782868904550844,True,True
106927007,0.07580000,132.50000000,191507357,191507357,1782868917476879,False,True
106927008,0.07570000,105.50000000,191507358,191507358,1782868934939199,True,True
106927009,0.07580000,1000.00000000,191507359,191507359,1782868935033550,False,True
106927010,0.07580000,924.30000000,191507360,191507361,1782868935045173,False,True
106927011,0.07580000,854.30000000,191507362,191507362,1782868935099751,False,True
106927012,0.07580000,789.70000000,191507363,191507365,1782868935116603,False,True
106927013,0.07580000,729.90000000,191507366,191507366,1782868935132663,False,True
106927014,0.07580000,674.60000000,191507367,191507367,1782868935150876,False,True
106927015,0.07580000,623.60000000,191507368,191507368,1782868935162138,False,True
106927016,0.07580000,258.90000000,191507369,191507369,1782868935187000,False,True
106927017,0.07580000,441.50000000,191507370,191507370,1782868935204975,False,True
106927018,0.07580000,155.70000000,191507371,191507371,1782868935216873,False,True
106927019,0.07580000,99.10000000,191507372,191507372,1782868936839846,False,True
106927020,0.07580000,4604.10000000,191507373,191507373,1782868936843351,False,True
106927021,0.07580000,7333.20000000,191507374,191507376,1782868939640167,True,True
106927022,0.07580000,712.30000000,191507377,191507377,1782868939769786,False,True
106927023,0.07580000,120.50000000,191507378,191507378,1782868941127169,False,True
106927024,0.07580000,90.40000000,191507379,191507379,1782868941751949,False,True
106927025,0.07580000,462.80000000,191507380,191507380,1782868941862470,True,True
106927026,0.07580000,98.00000000,191507381,191507381,1782868942027206,True,True
106927027,0.07580000,119.20000000,191507382,191507382,1782868943727240,True,True
106927028,0.07580000,1000.00000000,191507383,191507383,1782868948313827,False,True
106927029,0.07580000,924.30000000,191507384,191507384,1782868948327677,False,True
106927030,0.07580000,854.30000000,191507385,191507385,1782868948357265,False,True
106927031,0.07580000,385.70000000,191507386,191507386,1782868948368866,False,True
106927032,0.07580000,194.20000000,191507387,191507387,1782868948666440,True,True
106927033,0.07590000,1000.00000000,191507388,191507392,1782868962939595,False,True
106927034,0.07590000,924.20000000,191507393,191507393,1782868962949213,False,True
106927035,0.07590000,85.00000000,191507394,191507394,1782868962953141,False,True
106927036,0.07590000,2097.80000000,191507395,191507395,1782868962958889,False,True
106927037,0.07590000,854.10000000,191507396,191507396,1782868962959181,False,True
106927038,0.07590000,789.40000000,191507397,191507397,1782868962969066,False,True
106927039,0.07590000,729.60000000,191507398,191507398,1782868962979575,False,True
106927040,0.07590000,674.30000000,191507399,191507399,1782868962992066,False,True
106927041,0.07590000,1000.00000000,191507400,191507400,1782868963002463,False,True
106927042,0.07590000,2597.20000000,191507401,191507401,1782868963017370,False,True
106927043,0.07600000,105.50000000,191507402,191507402,1782868965936571,False,True
106927044,0.07590000,700.00000000,191507403,191507403,1782868966783423,True,True
106927045,0.07600000,73.70000000,191507404,191507404,1782868972102938,False,True
106927046,0.07600000,12954.10000000,191507405,191507405,1782868974311403,True,True
106927047,0.07600000,37844.70000000,191507406,191507409,1782868974313090,True,True
106927048,0.07600000,114.10000000,191507410,191507410,1782868975854554,True,True
106927049,0.07590000,3375.90000000,191507411,191507412,1782868980065927,True,True
106927050,0.07590000,2758.30000000,191507413,191507415,1782868981689266,True,True
106927051,0.07590000,218.90000000,191507416,191507417,1782868992001453,True,True
106927052,0.07580000,2137.90000000,191507418,191507418,1782868994499666,True,True
106927053,0.07590000,813.50000000,191507419,191507419,1782869006874920,False,True
106927054,0.07590000,236.50000000,191507420,191507420,1782869006875193,False,True
106927055,0.07590000,351.30000000,191507421,191507421,1782869006877169,False,True
106927056,0.07590000,92.70000000,191507422,191507422,1782869006877445,False,True
106927057,0.07590000,211.20000000,191507423,191507423,1782869006878891,False,True
106927058,0.07600000,21725.10000000,191507424,191507426,1782869006883318,False,True
106927059,0.07590000,1068.50000000,191507427,191507427,1782869014753596,False,True
106927060,0.07580000,1000.00000000,191507428,191507430,1782869025973508,True,True
106927061,0.07580000,523.80000000,191507431,191507431,1782869025976190,True,True
106927062,0.07580000,318.10000000,191507432,191507432,1782869026275188,True,True
106927063,0.07580000,1412.90000000,191507433,191507433,1782869026408844,False,True
106927064,0.07580000,1123.90000000,191507434,191507435,1782869031163684,False,True
106927065,0.07580000,1000.00000000,191507436,191507436,1782869033076457,False,True
106927066,0.07580000,924.30000000,191507437,191507437,1782869033094663,False,True
106927067,0.07580000,2391.60000000,191507438,191507439,1782869033159169,False,True
106927068,0.07580000,2371.90000000,191507440,191507441,1782869033466396,True,True
106927069,0.07580000,131.90000000,191507442,191507443,1782869042582376,True,True
106927070,0.07590000,616.50000000,191507444,191507444,1782869052061516,False,True
106927071,0.07590000,1844.50000000,191507445,191507445,1782869065877433,False,True
106927072,0.07590000,978.90000000,191507446,191507446,1782869066122351,False,True
106927073,0.07590000,1403.70000000,191507447,191507447,1782869070047267,False,True
106927074,0.07580000,1470.20000000,191507448,191507448,1782869078552732,True,True
106927075,0.07570000,235.00000000,191507449,191507450,1782869089153980,True,True
106927076,0.07570000,720.00000000,191507451,191507453,1782869089157801,True,True
106927077,0.07570000,18807.90000000,191507454,191507458,1782869095574099,False,True
106927078,0.07580000,799.60000000,191507459,191507461,1782869107358848,False,True
106927079,0.07580000,210.40000000,191507462,191507463,1782869107359438,False,True
106927080,0.07580000,257.50000000,191507464,191507465,1782869107361313,False,True
106927081,0.07580000,77.70000000,191507466,191507466,1782869107363964,False,True
106927082,0.07580000,8677.90000000,191507467,191507468,1782869107364782,False,True
106927083,0.07580000,222.70000000,191507469,191507470,1782869122986289,True,True
106927084,0.07580000,3317.30000000,191507471,191507472,1782869130772511,False,True
106927085,0.07580000,67.80000000,191507473,191507473,1782869132989729,True,True
106927086,0.07580000,128.90000000,191507474,191507474,1782869134053769,False,True
106927087,0.07580000,96.60000000,191507475,191507475,1782869134552331,False,True
106927088,0.07580000,2782.00000000,191507476,191507477,1782869146699798,True,True
106927089,0.07580000,116.20000000,191507478,191507478,1782869148533444,False,True
106927090,0.07580000,121.00000000,191507479,191507479,1782869154627431,True,True
106927091,0.07570000,1156.40000000,191507480,191507480,1782869162256105,True,True
106927092,0.07580000,110.40000000,191507481,191507481,1782869173819686,False,True
106927093,0.07590000,17244.00000000,191507482,191507488,1782869190030595,False,True
106927094,0.07580000,144.90000000,191507489,191507489,1782869205734524,True,True
106927095,0.07590000,6441.90000000,191507490,191507494,1782869210769460,False,True
106927096,0.07590000,145.00000000,191507495,191507495,1782869221177260,True,True
106927097,0.07590000,98.40000000,191507496,191507496,1782869223427706,False,True
106927098,0.07590000,388.20000000,191507497,191507498,1782869236227976,True,True
106927099,0.07590000,102.90000000,191507499,191507499,1782869242552384,False,True
106927100,0.07590000,100.80000000,191507500,191507500,1782869243737578,False,True
106927101,0.07590000,1000.00000000,191507501,191507501,1782869244804699,True,True
106927102,0.07590000,147.10000000,191507502,191507502,1782869246121119,True,True
106927103,0.07590000,31286.90000000,191507503,191507504,1782869262572583,False,True
106927104,0.07600000,747.10000000,191507505,191507508,1782869267927545,False,True
106927105,0.07600000,635.60000000,191507509,191507509,1782869268046115,True,True
106927106,0.07600000,241.80000000,191507510,191507510,1782869268643538,True,True
106927107,0.07600000,131.60000000,191507511,191507511,1782869268864813,True,True
106927108,0.07600000,93.40000000,191507512,191507512,1782869271735695,False,True
106927109,0.07610000,414.80000000,191507513,191507516,1782869310517629,False,True
106927110,0.07610000,1480.10000000,191507517,191507517,1782869311035725,True,True
106927111,0.07610000,2782.00000000,191507518,191507519,1782869311099915,True,True
106927112,0.07610000,125.00000000,191507520,191507520,1782869315041189,True,True
106927113,0.07600000,90.20000000,191507521,191507521,1782869317815408,True,True
106927114,0.07600000,30491.60000000,191507522,191507526,1782869317941306,True,True
106927115,0.07600000,9602.80000000,191507527,191507527,1782869317943576,True,True
106927116,0.07600000,5493.50000000,191507528,191507528,1782869339664898,False,True
106927117,0.07600000,5552.60000000,191507529,191507529,1782869339670826,False,True
106927118,0.07600000,6775.50000000,191507530,191507530,1782869339673685,False,True
106927119,0.07600000,5000.00000000,191507531,191507531,1782869339673883,False,True
106927120,0.07600000,6511.50000000,191507532,191507534,1782869339673892,False,True
106927121,0.07610000,4155.60000000,191507535,191507536,1782869339673892,False,True
106927122,0.07600000,1331.50000000,191507537,191507537,1782869340300658,True,True
106927123,0.07610000,372.40000000,191507538,191507539,1782869350927626,False,True
106927124,0.07610000,200.00000000,191507540,191507540,1782869353764708,True,True
106927125,0.07600000,105.10000000,191507541,191507541,1782869362931312,True,True
106927126,0.07610000,260.00000000,191507542,191507542,1782869377902466,False,True
106927127,0.07600000,131.10000000,191507543,191507543,1782869379770705,True,True
106927128,0.07600000,184.70000000,191507544,191507545,1782869387102218,True,True
106927129,0.07600000,224.10000000,191507546,191507546,1782869388573342,False,True
106927130,0.07600000,29989.70000000,191507547,191507553,1782869401732428,True,True
106927131,0.07600000,1000.00000000,191507554,191507554,1782869401737588,False,True
106927132,0.07600000,295.00000000,191507555,191507555,1782869402739380,False,True
106927133,0.07610000,157.40000000,191507556,191507557,1782869409718963,False,True
106927134,0.07620000,8741.70000000,191507558,191507558,1782869414471848,False,True
106927135,0.07620000,297.00000000,191507559,191507561,1782869414473515,False,True
106927136,0.07620000,1042.00000000,191507562,191507563,1782869414510600,True,True
106927137,0.07620000,1596.90000000,191507564,191507564,1782869414511502,True,True
106927138,0.07620000,15000.00000000,191507565,191507568,1782869414512163,True,True
106927139,0.07620000,514.60000000,191507569,191507569,1782869415414755,True,True
106927140,0.07620000,127.00000000,191507570,191507570,1782869415487956,True,True
106927141,0.07620000,1000.00000000,191507571,191507571,1782869415530112,True,True
106927142,0.07620000,923.90000000,191507572,191507573,1782869415550160,True,True
106927143,0.07620000,853.60000000,191507574,191507574,1782869415602697,True,True
106927144,0.07620000,788.60000000,191507575,191507575,1782869415630892,True,True
106927145,0.07620000,728.60000000,191507576,191507576,1782869415651121,True,True
106927146,0.07620000,673.20000000,191507577,191507577,1782869415671089,True,True
106927147,0.07620000,622.00000000,191507578,191507578,1782869415684896,True,True
106927148,0.07620000,574.60000000,191507579,191507579,1782869415727663,True,True
106927149,0.07620000,530.90000000,191507580,191507580,1782869415751904,True,True
106927150,0.07610000,260.00000000,191507581,191507581,1782869415906557,True,True
106927151,0.07630000,105.10000000,191507582,191507582,1782869423656808,False,True
106927152,0.07630000,3773.00000000,191507583,191507585,1782869433798217,False,True
106927153,0.07630000,133.10000000,191507586,191507586,1782869436005456,True,True
106927154,0.07630000,246.70000000,191507587,191507588,1782869442117860,False,True
106927155,0.07630000,84.80000000,191507589,191507589,1782869442148665,False,True
106927156,0.07630000,139.70000000,191507590,191507590,1782869443254821,True,True
106927157,0.07630000,98.60000000,191507591,191507591,1782869444515530,False,True
106927158,0.07630000,104.80000000,191507592,191507592,1782869446587374,True,True
106927159,0.07630000,1000.00000000,191507593,191507593,1782869446711941,True,True
106927160,0.07630000,12710.20000000,191507594,191507595,1782869446857873,True,True
106927161,0.07630000,100.90000000,191507596,191507596,1782869463558909,False,True
106927162,0.07630000,471.90000000,191507597,191507598,1782869480052623,True,True
106927163,0.07630000,1000.00000000,191507599,191507599,1782869490419433,True,True
106927164,0.07630000,411.40000000,191507600,191507600,1782869490431977,True,True
106927165,0.07620000,2782.00000000,191507601,191507601,1782869500438527,True,True
106927166,0.07620000,30268.90000000,191507602,191507606,1782869513146495,True,True
106927167,0.07610000,118.10000000,191507607,191507607,1782869517723947,True,True
106927168,0.07620000,1138.80000000,191507608,191507609,1782869520122450,False,True
106927169,0.07630000,5419.50000000,191507610,191507611,1782869544722996,False,True
106927170,0.07630000,6980.50000000,191507612,191507616,1782869544723101,False,True
106927171,0.07630000,16952.40000000,191507617,191507620,1782869547663825,True,True
106927172,0.07630000,101.00000000,191507621,191507621,1782869548452438,False,True
106927173,0.07630000,1038.30000000,191507622,191507622,1782869564531673,False,True
106927174,0.07630000,75.80000000,191507623,191507623,1782869567818338,False,True
106927175,0.07630000,155.80000000,191507624,191507624,1782869572975166,True,True
106927176,0.07620000,236.00000000,191507625,191507625,1782869572980402,True,True
106927177,0.07630000,95.80000000,191507626,191507626,1782869577522224,False,True
106927178,0.07630000,550.20000000,191507627,191507627,1782869578209527,True,True
106927179,0.07630000,118.00000000,191507628,191507628,1782869578749324,True,True
106927180,0.07630000,2533.50000000,191507629,191507629,1782869580534372,True,True
106927181,0.07630000,71.80000000,191507630,191507630,1782869588441673,False,True
106927182,0.07630000,158.80000000,191507631,191507631,1782869601094247,True,True
106927183,0.07620000,2782.00000000,191507632,191507632,1782869608538297,True,True
106927184,0.07620000,5911.30000000,191507633,191507633,1782869620465134,True,True
106927185,0.07620000,30768.70000000,191507634,191507637,1782869620472157,True,True
106927186,0.07620000,91.30000000,191507638,191507638,1782869620814827,False,True
106927187,0.07620000,104.80000000,191507639,191507639,1782869621755317,True,True
106927188,0.07620000,1000.00000000,191507640,191507640,1782869621849339,True,True
106927189,0.07620000,923.90000000,191507641,191507641,1782869621880981,True,True
106927190,0.07620000,853.60000000,191507642,191507642,1782869621903137,True,True
106927191,0.07620000,788.60000000,191507643,191507643,1782869621952009,True,True
106927192,0.07620000,728.60000000,191507644,191507644,1782869621963074,True,True
106927193,0.07620000,673.20000000,191507645,191507645,1782869621977462,True,True
106927194,0.07620000,1000.00000000,191507646,191507646,1782869622011144,True,True
106927195,0.07620000,680.60000000,191507647,191507648,1782869622027585,True,True
106927196,0.07620000,496.10000000,191507649,191507649,1782869622065081,True,True
106927197,0.07620000,500.10000000,191507650,191507650,1782869622079478,True,True
106927198,0.07620000,609.30000000,191507651,191507651,1782869622119519,True,True
106927199,0.07620000,1000.00000000,191507652,191507652,1782869640016748,True,True
106927200,0.07630000,100.50000000,191507653,191507653,1782869648722706,False,True
106927201,0.07620000,89.30000000,191507654,191507654,1782869653813623,True,True
106927202,0.07610000,1000.00000000,191507655,191507657,1782869663393321,True,True
106927203,0.07610000,88.00000000,191507658,191507658,1782869663402134,True,True
106927204,0.07620000,144.70000000,191507659,191507659,1782869665367624,False,True
106927205,0.07610000,2782.00000000,191507660,191507660,1782869672889620,True,True
106927206,0.07610000,43956.00000000,191507661,191507669,1782869675762129,True,True
106927207,0.07610000,144.70000000,191507670,191507670,1782869695763353,False,True
106927208,0.07610000,443.80000000,191507671,191507672,1782869697982233,False,True
106927209,0.07620000,1039.80000000,191507673,191507673,1782869718182794,False,True
106927210,0.07610000,286.20000000,191507674,191507675,1782869722830879,True,True
106927211,0.07600000,144.50000000,191507676,191507676,1782869726152364,True,True
106927212,0.07610000,152.80000000,191507677,191507677,1782869728092909,False,True
106927213,0.07620000,1395.70000000,191507678,191507681,1782869755302062,False,True
106927214,0.07620000,131.20000000,191507682,191507682,1782869756843574,True,True
106927215,0.07620000,8568.80000000,191507683,191507684,1782869771122830,True,True
106927216,0.07620000,114.60000000,191507685,191507685,1782869772176978,False,True
106927217,0.07620000,3116.30000000,191507686,191507686,1782869781073175,True,True
106927218,0.07620000,152.80000000,191507687,191507687,1782869781076341,True,True
106927219,0.07620000,144.20000000,191507688,191507688,1782869818169592,True,True
106927220,0.07620000,167.90000000,191507689,191507689,1782869837382648,True,True
106927221,0.07620000,1000.00000000,191507690,191507690,1782869838830963,True,True
106927222,0.07620000,923.90000000,191507691,191507692,1782869838842985,True,True
106927223,0.07620000,853.60000000,191507693,191507693,1782869838866121,True,True
106927224,0.07620000,391.30000000,191507694,191507694,1782869838879471,True,True
106927225,0.07620000,86.00000000,191507695,191507695,1782869839446832,False,True
106927226,0.07630000,105.10000000,191507696,191507696,1782869848560074,False,True
106927227,0.07620000,354.00000000,191507697,191507697,1782869877238464,True,True
106927228,0.07620000,131.10000000,191507698,191507698,1782869879553412,True,True
106927229,0.07630000,381.10000000,191507699,191507699,1782869880081909,False,True
106927230,0.07630000,5090.30000000,191507700,191507700,1782869880088739,False,True
106927231,0.07630000,1280.50000000,191507701,191507701,1782869880089470,False,True
106927232,0.07630000,73.40000000,191507702,191507702,1782869880090586,False,True
106927233,0.07630000,1000.00000000,191507703,191507703,1782869881889335,True,True
106927234,0.07630000,8039.20000000,191507704,191507705,1782869885286299,False,True
106927235,0.07630000,656.20000000,191507706,191507706,1782869885331963,False,True
106927236,0.07630000,827.10000000,191507707,191507707,1782869885332152,False,True
106927237,0.07630000,281.00000000,191507708,191507708,1782869885332281,False,True
106927238,0.07630000,507.30000000,191507709,191507709,1782869885332674,False,True
