92254505,2.53000000,3.83000000,126025946,126025946,1782864010384433,False,True
92254506,2.53000000,1.99000000,126025947,126025947,1782864057530177,False,True
92254507,2.53000000,136.49000000,126025948,126025951,1782864160789327,False,True
92254508,2.53000000,87.04000000,126025952,126025952,1782864171756846,True,True
92254509,2.53000000,11.43000000,126025953,126025953,1782864487926547,False,True
92254510,2.52000000,10.02000000,126025954,126025954,1782864599358045,True,True
92254511,2.52000000,658.74000000,126025955,126025959,1782865312622165,True,True
92254512,2.52000000,65.67000000,126025960,126025960,1782865312657449,False,True
92254513,2.52000000,65.67000000,126025961,126025962,1782865312669489,False,True
92254514,2.52000000,287.00000000,126025963,126025964,1782865314378038,False,True
92254515,2.52000000,90.80000000,126025965,126025965,1782865316583892,True,True
92254516,2.52000000,71.07000000,126025966,126025966,1782865316585218,True,True
92254517,2.52000000,3.97000000,126025967,126025967,1782865323962008,False,True
92254518,2.52000000,106.94000000,126025968,126025969,1782865329229463,True,True
92254519,2.52000000,71.07000000,126025970,126025970,1782865329231902,True,True
92254520,2.52000000,113.30000000,126025971,126025971,1782865331743131,False,True
92254521,2.52000000,9.99000000,126025972,126025972,1782865487354065,True,True
92254522,2.52000000,148.48000000,126025973,126025974,1782865539920283,True,True
92254523,2.52000000,680.31000000,126025975,126025979,1782865539925175,True,True
92254524,2.52000000,127.43000000,126025980,126025980,1782865666325422,False,True
92254525,2.52000000,10.00000000,126025981,126025981,1782865666327160,False,True
92254526,2.53000000,502.93000000,126025982,126025985,1782865786445375,False,True
92254527,2.53000000,10.00000000,126025986,126025986,1782865860929939,False,True
92254528,2.53000000,71.07000000,126025987,126025987,1782865877860315,True,True
92254529,2.52000000,115.68000000,126025988,126025989,1782865908354710,True,True
92254530,2.52000000,122.27000000,126025990,126025991,1782866271054242,True,True
92254531,2.53000000,5.50000000,126025992,126025992,1782866847942681,False,True
92254532,2.52000000,199.66000000,126025993,126025997,1782867524493313,True,True
92254533,2.52000000,122.68000000,126025998,126025999,1782867524595251,False,True
92254534,2.52000000,3.38000000,126026000,126026000,1782867650984076,True,True
92254535,2.52000000,168.15000000,126026001,126026002,1782867699111455,True,True
92254536,2.51000000,389.56000000,126026003,126026010,1782867857872990,True,True
92254537,2.51000000,122.37000000,126026011,126026012,1782867857876255,False,True
92254538,2.51000000,28.80000000,126026013,126026013,1782867857877538,False,True
92254539,2.51000000,28.80000000,126026014,126026014,1782867857877621,False,True
92254540,2.51000000,28.80000000,126026015,126026015,1782867857877692,False,True
92254541,2.51000000,86.49000000,126026016,126026016,1782867869883203,True,True
92254542,2.51000000,91.23000000,126026017,126026017,1782867877272533,True,True
92254543,2.50000000,7.24000000,126026018,126026018,1782868131407535,True,True
92254544,2.50000000,93.60000000,126026019,126026019,1782868131419183,False,True
92254545,2.50000000,90.30000000,126026020,126026021,1782868131419337,False,True
92254546,2.49000000,3.97000000,126026022,126026022,1782868260565834,True,True
92254547,2.49000000,3.27000000,126026023,126026023,1782868260565838,True,True
92254548,2.49000000,133.56000000,126026024,126026025,1782868260569129,False,True
92254549,2.50000000,8.82000000,126026026,126026026,1782868321591685,False,True
92254550,2.49000000,87.92000000,126026027,126026027,1782868364504626,True,True
92254551,2.48000000,643.32000000,126026028,126026037,1782868366599456,True,True
92254552,2.48000000,223.79000000,126026038,126026039,1782868366603265,False,True
92254553,2.48000000,139.57000000,126026040,126026041,1782868366603391,False,True
92254554,2.48000000,90.00000000,126026042,126026042,1782868366605033,False,True
92254555,2.48000000,8.39000000,126026043,126026043,1782868366609944,True,True
92254556,2.48000000,8.39000000,126026044,126026044,1782868366614333,True,True
92254557,2.48000000,10.00000000,126026045,126026045,1782868367172481,False,True
92254558,2.48000000,229.98000000,126026046,126026046,1782868367199153,False,True
92254559,2.48000000,7.89000000,126026047,126026047,1782868371873290,False,True
92254560,2.47000000,58.97000000,126026048,126026051,1782868393659710,True,True
92254561,2.47000000,106.15000000,126026052,126026052,1782868393664885,False,True
92254562,2.47000000,89.87000000,126026053,126026053,1782868393666469,False,True
92254563,2.47000000,0.13000000,126026054,126026054,1782868393765496,False,True
92254564,2.47000000,8.43000000,126026055,126026055,1782868393772391,True,True
92254565,2.47000000,161.94000000,126026056,126026056,1782868393778778,False,True
92254566,2.47000000,60.70000000,126026057,126026059,1782868393792918,False,True
92254567,2.47000000,8.02000000,126026060,126026060,1782868393799333,False,True
92254568,2.47000000,60.70000000,126026061,126026062,1782868393830691,False,True
92254569,2.47000000,175.10000000,126026063,126026066,1782868401336840,False,True
92254570,2.47000000,1128.41000000,126026067,126026070,1782868401341309,False,True
92254571,2.47000000,99.16000000,126026071,126026071,1782868401344055,True,True
92254572,2.47000000,3.37000000,126026072,126026072,1782868402562016,False,True
92254573,2.47000000,279.90000000,126026073,126026074,1782868402565098,False,True
92254574,2.47000000,90.00000000,126026075,126026075,1782868402569577,True,True
92254575,2.47000000,90.00000000,126026076,126026076,1782868402622952,True,True
92254576,2.46000000,249.99000000,126026077,126026081,1782868411953256,True,True
92254577,2.46000000,114.99000000,126026082,126026082,1782868415389031,False,True
92254578,2.46000000,57.49000000,126026083,126026083,1782868415390533,False,True
92254579,2.46000000,294.02000000,126026084,126026087,1782868415390664,False,True
92254580,2.46000000,27.80000000,126026088,126026088,1782868415391945,False,True
92254581,2.46000000,221.31000000,126026089,126026091,1782868422134628,True,True
92254582,2.46000000,327.79000000,126026092,126026094,1782868422135369,True,True
92254583,2.46000000,5.53000000,126026095,126026095,1782868422594659,False,True
92254584,2.47000000,160.46000000,126026096,126026100,1782868429531534,False,True
92254585,2.47000000,164.75000000,126026101,126026102,1782868429670510,True,True
92254586,2.48000000,75.00000000,126026103,126026104,1782868438011255,False,True
92254587,2.48000000,75.00000000,126026105,126026107,1782868438017813,False,True
92254588,2.48000000,95.00000000,126026108,126026110,1782868438024809,False,True
92254589,2.48000000,12.08000000,126026111,126026112,1782868440266982,False,True
92254590,2.48000000,72.21000000,126026113,126026113,1782868453871890,True,True
92254591,2.48000000,4.02000000,126026114,126026114,1782868472251371,True,True
92254592,2.48000000,88.65000000,126026115,126026115,1782868472256363,False,True
92254593,2.48000000,45.00000000,126026116,126026116,1782868472308458,True,True
92254594,2.48000000,45.00000000,126026117,126026117,1782868472309256,True,True
92254595,2.48000000,6.04000000,126026118,126026118,1782868493301060,False,True
92254596,2.48000000,2.87000000,126026119,126026119,1782868493302355,False,True
92254597,2.48000000,188.80000000,126026120,126026120,1782868500460310,False,True
92254598,2.48000000,171.45000000,126026121,126026121,1782868500462167,False,True
92254599,2.49000000,4.02000000,126026122,126026122,1782868510933956,False,True
92254600,2.49000000,74.54000000,126026123,126026126,1782868511165341,False,True
92254601,2.49000000,326.44000000,126026127,126026128,1782868511652667,True,True
92254602,2.49000000,88.57000000,126026129,126026129,1782868519156245,True,True
92254603,2.49000000,87.29000000,126026130,126026130,1782868524557824,True,True
92254604,2.49000000,353.85000000,126026131,126026131,1782868527684390,True,True
92254605,2.49000000,15.46000000,126026132,126026132,1782868542560511,False,True
92254606,2.48000000,49.97000000,126026133,126026134,1782868583614627,True,True
92254607,2.48000000,87.10000000,126026135,126026135,1782868588172785,False,True
92254608,2.48000000,477.29000000,126026136,126026138,1782868591030033,True,True
92254609,2.48000000,16.73000000,126026139,126026139,1782868640525487,False,True
92254610,2.48000000,86.97000000,126026140,126026140,1782868683982511,False,True
92254611,2.48000000,89.24000000,126026141,126026141,1782868709439817,True,True
92254612,2.49000000,205.85000000,126026142,126026143,1782868963362822,False,True
92254613,2.49000000,4.00000000,126026144,126026144,1782868977358308,True,True
92254614,2.49000000,88.51000000,126026145,126026145,1782868991213652,True,True
92254615,2.48000000,188.80000000,126026146,126026149,1782869162264637,True,True
92254616,2.48000000,87.63000000,126026150,126026150,1782869162273194,True,True
92254617,2.48000000,132.07000000,126026151,126026151,1782869162286758,False,True
92254618,2.48000000,30.00000000,126026152,126026152,1782869162291475,False,True
92254619,2.48000000,30.00000000,126026153,126026153,1782869162291646,False,True
92254620,2.48000000,30.00000000,126026154,126026154,1782869162291700,False,True
92254621,2.48000000,30.00000000,126026155,126026155,1782869162292001,False,True
92254622,2.48000000,30.00000000,126026156,126026156,1782869162292092,False,True
92254623,2.48000000,30.00000000,126026157,126026157,1782869162292670,False,True
92254624,2.48000000,269.72000000,126026158,126026158,1782869163126116,False,True
92254625,2.49000000,18.37000000,126026159,126026160,1782869433807302,False,True
92254626,2.49000000,24.51000000,126026161,126026162,1782869433814855,False,True
92254627,2.49000000,119.52000000,126026163,126026165,1782869433970726,True,True
92254628,2.49000000,101.43000000,126026166,126026167,1782869513496049,True,True
92254629,2.49000000,122.28000000,126026168,126026168,1782869520618271,False,True
92254630,2.49000000,90.19000000,126026169,126026169,1782869534318524,True,True
92254631,2.49000000,83.59000000,126026170,126026170,1782869542385689,False,True
92254632,2.49000000,9.93000000,126026171,126026171,1782869555644150,True,True
92254633,2.49000000,93.42000000,126026172,126026172,1782869555644165,True,True
92254634,2.49000000,71.38000000,126026173,126026173,1782869570340474,False,True
92254635,2.49000000,116.23000000,126026174,126026174,1782869571644063,True,True
92254636,2.49000000,92.07000000,126026175,126026175,1782869577729655,False,True
92254637,2.49000000,115.92000000,126026176,126026176,1782869580826629,True,True
92254638,2.49000000,127.08000000,126026177,126026177,1782869592680107,False,True
92254639,2.49000000,95.57000000,126026178,126026178,1782869823745059,False,True
92254640,2.49000000,3.01000000,126026179,126026179,1782869823775747,True,True
92254641,2.49000000,3.01000000,126026180,126026180,1782869823775749,True,True
92254642,2.49000000,3.01000000,126026181,126026181,1782869823775882,True,True
92254643,2.49000000,3.01000000,126026182,126026182,1782869823775944,True,True
92254644,2.49000000,3.01000000,126026183,126026183,1782869823775980,True,True
92254645,2.49000000,3.01000000,126026184,126026184,1782869823776392,True,True
92254646,2.50000000,400.00000000,126026185,126026192,1782869946264507,False,True
92254647,2.50000000,2.77000000,126026193,126026193,1782869946285499,False,True
92254648,2.50000000,98.63000000,126026194,126026198,1782869946290479,False,True
92254649,2.51000000,2.43000000,126026199,126026199,1782870018070692,False,True
92254650,2.50000000,3.52000000,126026200,126026200,1782870026184074,True,True
92254651,2.51000000,6.00000000,126026201,126026201,1782870060173562,False,True
92254652,2.51000000,107.50000000,126026202,126026202,1782870068286427,False,True
92254653,2.51000000,162.79000000,126026203,126026204,1782870080033810,True,True
92254654,2.50000000,5.94000000,126026205,126026205,1782870136463156,True,True
92254655,2.51000000,119.61000000,126026206,126026206,1782870240930554,False,True
92254656,2.51000000,85.42000000,126026207,126026207,1782870248567083,True,True
92254657,2.51000000,102.81000000,126026208,126026208,1782870271043002,False,True
92254658,2.51000000,27.28000000,126026209,126026209,1782870305804273,True,True
92254659,2.51000000,35.85000000,126026210,126026210,1782870312857785,False,True
92254660,2.51000000,91.47000000,126026211,126026211,1782870395160252,True,True
92254661,2.51000000,108.99000000,126026212,126026212,1782870413830972,True,True
92254662,2.51000000,30.00000000,126026213,126026213,1782870461549659,False,True
92254663,2.51000000,16.77000000,126026214,126026214,1782870463035959,False,True
92254664,2.51000000,5.59000000,126026215,126026215,1782870467545612,False,True
92254665,2.51000000,2.79000000,126026216,126026216,1782870475261821,False,True
92254666,2.51000000,1331.67000000,126026217,126026233,1782870487074317,False,True
92254667,2.52000000,2.58000000,126026234,126026234,1782870498417598,False,True
92254668,2.51000000,186.36000000,126026235,126026235,1782870513875769,True,True
92254669,2.51000000,126.25000000,126026236,126026236,1782870513876887,True,True
92254670,2.51000000,188.63000000,126026237,126026237,1782870513877051,True,True
92254671,2.51000000,1271.83000000,126026238,126026240,1782870513877574,True,True
92254672,2.51000000,59.67000000,126026241,126026241,1782870513881754,False,True
92254673,2.51000000,59.67000000,126026242,126026243,1782870513881916,False,True
92254674,2.51000000,121.44000000,126026244,126026245,1782870759894136,False,True
92254675,2.52000000,7.24000000,126026246,126026246,1782870903242080,False,True
92254676,2.52000000,111.75000000,126026247,126026248,1782870903320925,True,True
92254677,2.52000000,90.00000000,126026249,126026249,1782870904494589,False,True
92254678,2.52000000,66.25000000,126026250,126026250,1782870952864103,False,True
92254679,2.52000000,90.00000000,126026251,126026251,1782870955008866,True,True
92254680,2.52000000,90.00000000,126026252,126026252,1782871062637651,True,True
92254681,2.52000000,2.42000000,126026253,126026253,1782871062637716,True,True
92254682,2.52000000,822.89000000,126026254,126026260,1782871147475352,False,True
92254683,2.52000000,2.00000000,126026261,126026261,1782871147476402,False,True
92254684,2.52000000,59.67000000,126026262,126026262,1782871147479495,True,True
92254685,2.52000000,59.67000000,126026263,126026263,1782871147479955,True,True
92254686,2.52000000,150.87000000,126026264,126026266,1782871147554894,True,True
92254687,2.52000000,393.62000000,126026267,126026269,1782871165645310,True,True
92254688,2.50000000,5.37000000,126026270,126026270,1782871572772435,True,True
92254689,2.51000000,93.77000000,126026271,126026271,1782871583636145,False,True
92254690,2.51000000,5.96000000,126026272,126026272,1782871587772648,True,True
92254691,2.50000000,10.75000000,126026273,126026273,1782871602772444,True,True
92254692,2.51000000,94.61000000,126026274,126026274,1782871613131096,False,True
92254693,2.50000000,5.47000000,126026275,126026275,1782871632772424,True,True
92254694,2.50000000,10.39000000,126026276,126026276,1782871652785496,True,True
92254695,2.51000000,3.96000000,126026277,126026277,1782871673715391,False,True
92254696,2.51000000,3.97000000,126026278,126026278,1782871673715544,False,True
92254697,2.51000000,22.05000000,126026279,126026279,1782871673760543,False,True
92254698,2.51000000,6.60000000,126026280,126026280,1782871677772757,True,True
92254699,2.51000000,9.66000000,126026281,126026281,1782871697772552,True,True
92254700,2.51000000,82.32000000,126026282,126026282,1782871709329677,True,True
92254701,2.51000000,100.17000000,126026283,126026283,1782871713326162,True,True
92254702,2.50000000,6.57000000,126026284,126026284,1782871727773316,True,True
92254703,2.50000000,6.90000000,126026285,126026285,1782871747772935,True,True
92254704,2.50000000,14.39000000,126026286,126026286,1782871767773153,True,True
92254705,2.51000000,134.40000000,126026287,126026287,1782871803997917,False,True
92254706,2.52000000,9.83000000,126026288,126026288,1782871804194519,False,True
92254707,2.51000000,11.66000000,126026289,126026289,1782871807772887,True,True
92254708,2.51000000,10.15000000,126026290,126026290,1782871842773168,True,True
92254709,2.51000000,12.67000000,126026291,126026291,1782871872772424,True,True
92254710,2.51000000,9.97000000,126026292,126026292,1782871907772521,True,True
92254711,2.51000000,14.26000000,126026293,126026293,1782871937772415,True,True
92254712,2.51000000,7.78000000,126026294,126026294,1782871977773120,True,True
92254713,2.51000000,8.18000000,126026295,126026295,1782872002772539,True,True
92254714,2.51000000,9.44000000,126026296,126026296,1782872022773238,True,True
92254715,2.51000000,14.47000000,126026297,126026297,1782872052772448,True,True
92254716,2.51000000,13.39000000,126026298,126026298,1782872092772681,True,True
92254717,2.51000000,12.47000000,126026299,126026299,1782872132784522,True,True
92254718,2.51000000,8.45000000,126026300,126026301,1782872167772911,True,True
92254719,2.51000000,8.45000000,126026302,126026302,1782872197772923,True,True
92254720,2.51000000,10.54000000,126026303,126026303,1782872217772713,True,True
92254721,2.51000000,11.56000000,126026304,126026304,1782872252785910,True,True
92254722,2.51000000,12.01000000,126026305,126026305,1782872282778148,True,True
92254723,2.51000000,6.67000000,126026306,126026306,1782872317772758,True,True
92254724,2.51000000,8.19000000,126026307,126026307,1782872337772776,True,True
92254725,2.51000000,6.36000000,126026308,126026308,1782872357773225,True,True
92254726,2.51000000,15.12000000,126026309,126026309,1782872382772681,True,True
92254727,2.51000000,8.81000000,126026310,126026311,1782872422772690,True,True
92254728,2.51000000,8.07000000,126026312,126026312,1782872447772719,True,True
92254729,2.51000000,12.91000000,126026313,126026313,1782872472772223,True,True
92254730,2.52000000,93.32000000,126026314,126026315,1782872499458837,False,True
92254731,2.52000000,135.81000000,126026316,126026317,1782872501627813,True,True
92254732,2.51000000,11.08000000,126026318,126026318,1782872507772945,True,True
92254733,2.51000000,13.59000000,126026319,126026319,1782872542772320,True,True
92254734,2.52000000,13.51000000,126026320,126026320,1782872577772437,True,True
92254735,2.52000000,40.00000000,126026321,126026321,1782872580719828,True,True
92254736,2.52000000,106.43000000,126026322,126026322,1782872601717772,False,True
92254737,2.52000000,13.71000000,126026323,126026323,1782872622772394,True,True
92254738,2.52000000,8.24000000,126026324,126026324,1782872657772350,True,True
92254739,2.53000000,10.00000000,126026325,126026325,1782872673865454,False,True
92254740,2.52000000,10.95000000,126026326,126026326,1782872682772453,True,True
92254741,2.52000000,43.26000000,126026327,126026327,1782872697796024,True,True
92254742,2.51000000,14.19000000,126026328,126026328,1782872717772411,True,True
92254743,2.51000000,13.77000000,126026329,126026329,1782872752772086,True,True
92254744,2.51000000,14.11000000,126026330,126026330,1782872797773575,True,True
92254745,2.51000000,13.23000000,126026331,126026331,1782872842772151,True,True
92254746,2.51000000,11.42000000,126026332,126026332,1782872872772026,True,True
92254747,2.51000000,11.14000000,126026333,126026333,1782872912785535,True,True
92254748,2.51000000,6.97000000,126026334,126026334,1782872942778215,True,True
92254749,2.51000000,6.63000000,126026335,126026335,1782872957772451,True,True
92254750,2.51000000,14.68000000,126026336,126026336,1782872982773129,True,True
92254751,2.51000000,8.94000000,126026337,126026337,1782873022772327,True,True
92254752,2.51000000,13.16000000,126026338,126026338,1782873047772270,True,True
92254753,2.52000000,62.45000000,126026339,126026339,1782873080385758,False,True
92254754,2.52000000,7.92000000,126026340,126026340,1782873087772517,True,True
92254755,2.52000000,32.40000000,126026341,126026342,1782873109663857,True,True
92254756,2.51000000,6.52000000,126026343,126026343,1782873112772601,True,True
92254757,2.51000000,12.90000000,126026344,126026344,1782873132772197,True,True
92254758,2.51000000,13.34000000,126026345,126026345,1782873162772129,True,True
92254759,2.51000000,9.48000000,126026346,126026346,1782873207772612,True,True
92254760,2.51000000,10.74000000,126026347,126026347,1782873232773015,True,True
92254761,2.51000000,11.22000000,126026348,126026348,1782873262772519,True,True
92254762,2.51000000,12.55000000,126026349,126026350,1782873292773225,True,True
92254763,2.51000000,11.88000000,126026351,126026351,1782873332785072,True,True
92254764,2.51000000,10.86000000,126026352,126026352,1782873367784395,True,True
92254765,2.51000000,13.18000000,126026353,126026353,1782873397772900,True,True
92254766,2.51000000,15.53000000,126026354,126026354,1782873437772605,True,True
92254767,2.51000000,6.44000000,126026355,126026356,1782873482778664,True,True
92254768,2.51000000,8.02000000,126026357,126026358,1782873507772621,True,True
92254769,2.51000000,8.74000000,126026359,126026359,1782873522772742,True,True
92254770,2.51000000,7.69000000,126026360,126026360,1782873547772883,True,True
92254771,2.51000000,11.38000000,126026361,126026361,1782873577772867,True,True
92254772,2.51000000,12.99000000,126026362,126026362,1782873607772821,True,True
92254773,2.51000000,5.68000000,126026363,126026363,1782873637773067,True,True
92254774,2.51000000,8.51000000,126026364,126026364,1782873662794314,True,True
92254775,2.51000000,8.64000000,126026365,126026365,1782873682772507,True,True
92254776,2.51000000,7.71000000,126026366,126026366,1782873712780916,True,True
92254777,2.51000000,15.37000000,126026367,126026367,1782873737772900,True,True
92254778,2.51000000,9.18000000,126026368,126026368,1782873772772975,True,True
92254779,2.51000000,12.32000000,126026369,126026369,1782873802773200,True,True
92254780,2.52000000,9.03000000,126026370,126026370,1782873837779436,True,True
92254781,2.52000000,7.21000000,126026371,126026371,1782873867772788,True,True
92254782,2.52000000,8.62000000,126026372,126026372,1782873887772674,True,True
92254783,2.52000000,6.17000000,126026373,126026373,1782873912772370,True,True
92254784,2.52000000,8.92000000,126026374,126026374,1782873932786635,True,True
92254785,2.52000000,9.56000000,126026375,126026375,1782873957772716,True,True
92254786,2.52000000,30.05000000,126026376,126026376,1782873970650310,True,True
92254787,2.51000000,6.40000000,126026377,126026377,1782873987772501,True,True
92254788,2.51000000,5.43000000,126026378,126026378,1782874002772443,True,True
92254789,2.51000000,8.40000000,126026379,126026379,1782874022778334,True,True
92254790,2.51000000,10.57000000,126026380,126026380,1782874042772398,True,True
92254791,2.51000000,11.09000000,126026381,126026381,1782874072772709,True,True
92254792,2.51000000,9.76000000,126026382,126026382,1782874107773046,True,True
92254793,2.51000000,10.07000000,126026383,126026383,1782874132772535,True,True
92254794,2.51000000,7.69000000,126026384,126026384,1782874157773025,True,True
92254795,2.51000000,6.20000000,126026385,126026385,1782874187772585,True,True
92254796,2.51000000,10.36000000,126026386,126026386,1782874207772536,True,True
92254797,2.51000000,12.08000000,126026387,126026387,1782874237772772,True,True
92254798,2.51000000,13.87000000,126026388,126026388,1782874262778217,True,True
92254799,2.51000000,5.94000000,126026389,126026389,1782874307772505,True,True
92254800,2.51000000,15.44000000,126026390,126026390,1782874327779507,True,True
92254801,2.51000000,12.56000000,126026391,126026391,1782874367772533,True,True
92254802,2.51000000,13.26000000,126026392,126026392,1782874402772548,True,True
92254803,2.51000000,11.39000000,126026393,126026393,1782874437772514,True,True
92254804,2.51000000,9.89000000,126026394,126026394,1782874472785330,True,True
92254805,2.51000000,11.86000000,126026395,126026395,1782874507779978,True,True
92254806,2.51000000,10.24000000,126026396,126026397,1782874542772378,True,True
92254807,2.51000000,5.57000000,126026398,126026398,1782874550949639,True,True
92254808,2.51000000,9.61000000,126026399,126026399,1782874567780195,True,True
92254809,2.51000000,8.84000000,126026400,126026400,1782874597773675,True,True
92254810,2.51000000,6.17000000,126026401,126026401,1782874627779768,True,True
92254811,2.51000000,5.61000000,126026402,126026402,1782874637772851,True,True
92254812,2.51000000,11.80000000,126026403,126026403,1782874662772707,True,True
92254813,2.51000000,8.52000000,126026404,126026404,1782874692772585,True,True
92254814,2.51000000,14.73000000,126026405,126026405,1782874712785006,True,True
92254815,2.51000000,7.68000000,126026406,126026406,1782874752773166,True,True
92254816,2.51000000,7.74000000,126026407,126026407,1782874782772919,True,True
92254817,2.51000000,15.05000000,126026408,126026409,1782874807780050,True,True
92254818,2.51000000,13.07000000,126026410,126026410,1782874842773752,True,True
92254819,2.51000000,13.80000000,126026411,126026411,1782874882774353,True,True
92254820,2.51000000,13.16000000,126026412,126026412,1782874922780049,True,True
92254821,2.52000000,11.01000000,126026413,126026413,1782874931269912,False,True
92254822,2.52000000,194.19000000,126026414,126026416,1782874946859880,False,True
92254823,2.51000000,12.19000000,126026417,126026417,1782874967773746,True,True
92254824,2.51000000,15.43000000,126026418,126026418,1782874992773641,True,True
92254825,2.51000000,14.60000000,126026419,126026419,1782875042781167,True,True
92254826,2.51000000,8.66000000,126026420,126026421,1782875082774110,True,True
92254827,2.51000000,13.31000000,126026422,126026422,1782875107774045,True,True
92254828,2.51000000,15.08000000,126026423,126026423,1782875147779424,True,True
92254829,2.52000000,90.00000000,126026424,126026424,1782875169120963,False,True
92254830,2.51000000,12.59000000,126026425,126026425,1782875187772913,True,True
92254831,2.52000000,92.96000000,126026426,126026426,1782875206378823,False,True
92254832,2.52000000,14.17000000,126026427,126026427,1782875232773269,True,True
92254833,2.52000000,13.84000000,126026428,126026428,1782875272773681,True,True
92254834,2.52000000,2.58000000,126026429,126026429,1782875299417380,True,True
92254835,2.52000000,10.81000000,126026430,126026430,1782875312779042,True,True
92254836,2.52000000,254.18000000,126026431,126026433,1782875317978610,True,True
92254837,2.52000000,276.96000000,126026434,126026437,1782875317978740,True,True
92254838,2.51000000,10.30000000,126026438,126026438,1782875337783553,True,True
92254839,2.51000000,4.00000000,126026439,126026439,1782875362481365,True,True
92254840,2.51000000,14.48000000,126026440,126026440,1782875367773323,True,True
92254841,2.51000000,13.87000000,126026441,126026441,1782875407773018,True,True
92254842,2.51000000,8.57000000,126026442,126026442,1782875452772925,True,True
92254843,2.51000000,10.76000000,126026443,126026443,1782875472772655,True,True
92254844,2.51000000,8.37000000,126026444,126026444,1782875507779409,True,True
92254845,2.51000000,5.37000000,126026445,126026445,1782875527773031,True,True
92254846,2.51000000,7.39000000,126026446,126026446,1782875547773028,True,True
92254847,2.51000000,6.75000000,126026447,126026447,1782875572772581,True,True
92254848,2.51000000,6.47000000,126026448,126026448,1782875587772950,True,True
92254849,2.51000000,13.48000000,126026449,126026449,1782875612779004,True,True
92254850,2.51000000,14.77000000,126026450,126026450,1782875647772756,True,True
92254851,2.51000000,6.24000000,126026451,126026451,1782875687772772,True,True
92254852,2.51000000,15.43000000,126026452,126026452,1782875712772798,True,True
92254853,2.51000000,14.31000000,126026453,126026453,1782875747772537,True,True
92254854,2.51000000,104.39000000,126026454,126026454,1782875788197443,True,True
92254855,2.50000000,13.07000000,126026455,126026455,1782875792779768,True,True
92254856,2.50000000,7.57000000,126026456,126026456,1782875827773210,True,True
92254857,2.50000000,12.07000000,126026457,126026459,1782875857773027,True,True
92254858,2.50000000,10.30000000,126026460,126026460,1782875892772931,True,True
92254859,2.50000000,6.82000000,126026461,126026461,1782875922773267,True,True
92254860,2.50000000,7.38000000,126026462,126026462,1782875942779695,True,True
92254861,2.50000000,7.37000000,126026463,126026463,1782875962772760,True,True
92254862,2.50000000,6.30000000,126026464,126026464,1782875982772890,True,True
92254863,2.50000000,13.43000000,126026465,126026465,1782875997780537,True,True
92254864,2.50000000,5.55000000,126026466,126026466,1782876037772880,True,True
92254865,2.50000000,6.96000000,126026467,126026467,1782876057780362,True,True
92254866,2.50000000,7.83000000,126026468,126026468,1782876077772752,True,True
92254867,2.50000000,15.58000000,126026469,126026469,1782876092787036,True,True
92254868,2.50000000,13.05000000,126026470,126026470,1782876137772888,True,True
92254869,2.50000000,14.29000000,126026471,126026471,1782876177780464,True,True
92254870,2.51000000,4.00000000,126026472,126026472,1782876203078823,False,True
92254871,2.50000000,8.70000000,126026473,126026473,1782876217773638,True,True
92254872,2.50000000,6.28000000,126026474,126026474,1782876247772860,True,True
92254873,2.50000000,6.50000000,126026475,126026475,1782876267781345,True,True
92254874,2.50000000,5.41000000,126026476,126026476,1782876287773231,True,True
92254875,2.50000000,9.62000000,126026477,126026477,1782876297781060,True,True
92254876,2.50000000,14.31000000,126026478,126026478,1782876322772807,True,True
92254877,2.50000000,6.59000000,126026479,126026479,1782876372772714,True,True
92254878,2.50000000,10.00000000,126026480,126026480,1782876392788024,True,True
92254879,2.50000000,9.49000000,126026481,126026481,1782876417781005,True,True
92254880,2.50000000,7.87000000,126026482,126026482,1782876447772990,True,True
92254881,2.50000000,12.25000000,126026483,126026483,1782876467772771,True,True
92254882,2.50000000,9.34000000,126026484,126026484,1782876502779584,True,True
92254883,2.50000000,11.59000000,126026485,126026485,1782876527774095,True,True
92254884,2.50000000,5.37000000,126026486,126026486,1782876562779669,True,True
92254885,2.50000000,7.18000000,126026487,126026487,1782876582772999,True,True
92254886,2.51000000,117.34000000,126026488,126026489,1782876600680091,False,True
92254887,2.51000000,6.46000000,126026490,126026490,1782876602932287,True,True
92254888,2.50000000,11.48000000,126026491,126026492,1782876617773217,True,True
92254889,2.50000000,10.89000000,126026493,126026493,1782876647773110,True,True
92254890,2.50000000,9.14000000,126026494,126026494,1782876682781535,True,True
92254891,2.50000000,14.59000000,126026495,126026495,1782876712772323,True,True
92254892,2.50000000,15.23000000,126026496,126026496,1782876747772601,True,True
92254893,2.50000000,7.13000000,126026497,126026497,1782876792773501,True,True
92254894,2.50000000,9.21000000,126026498,126026498,1782876812779329,True,True
92254895,2.50000000,11.15000000,126026499,126026499,1782876842778878,True,True
92254896,2.50000000,6.85000000,126026500,126026500,1782876872779055,True,True
92254897,2.50000000,9.92000000,126026501,126026501,1782876897779931,True,True
92254898,2.50000000,8.56000000,126026502,126026502,1782876922772345,True,True
92254899,2.50000000,8.55000000,126026503,126026503,1782876947772260,True,True
92254900,2.50000000,8.38000000,126026504,126026504,1782876972772890,True,True
92254901,2.51000000,10.17000000,126026505,126026505,1782876997772249,True,True
92254902,2.51000000,40.00000000,126026506,126026506,1782876998862284,True,True
92254903,2.51000000,3.00000000,126026507,126026507,1782877000467493,False,True
92254904,2.51000000,27.01000000,126026508,126026508,1782877002002859,False,True
92254905,2.51000000,12.75000000,126026509,126026509,1782877027772422,True,True
92254906,2.52000000,90.00000000,126026510,126026510,1782877028512792,False,True
92254907,2.52000000,13.30000000,126026511,126026512,1782877062772303,True,True
92254908,2.52000000,72.80000000,126026513,126026515,1782877071951401,True,True
92254909,2.51000000,13.70000000,126026516,126026516,1782877102772660,True,True
92254910,2.51000000,5.79000000,126026517,126026517,1782877142778603,True,True
92254911,2.51000000,14.17000000,126026518,126026518,1782877157773134,True,True
92254912,2.51000000,10.64000000,126026519,126026519,1782877197772241,True,True
92254913,2.51000000,6.11000000,126026520,126026520,1782877232779264,True,True
92254914,2.51000000,7.43000000,126026521,126026521,1782877247772559,True,True
92254915,2.52000000,2.07000000,126026522,126026522,1782877256460773,False,True
92254916,2.51000000,6.86000000,126026523,126026523,1782877267773393,True,True
92254917,2.51000000,12.82000000,126026524,126026524,1782877287772510,True,True
92254918,2.51000000,9.97000000,126026525,126026525,1782877327779924,True,True
92254919,2.51000000,11.87000000,126026526,126026526,1782877352785767,True,True
92254920,2.51000000,9.13000000,126026527,126026527,1782877387789000,True,True
92254921,2.51000000,12.10000000,126026528,126026528,1782877412793481,True,True
92254922,2.51000000,8.17000000,126026529,126026529,1782877452774023,True,True
92254923,2.51000000,6.59000000,126026530,126026530,1782877472786088,True,True
92254924,2.51000000,9.27000000,126026531,126026531,1782877492772595,True,True
92254925,2.51000000,12.57000000,126026532,126026532,1782877517773735,True,True
92254926,2.51000000,4.80000000,126026533,126026533,1782877557772556,True,True
92254927,2.52000000,486.52000000,126026534,126026537,1782877581002625,False,True
92254928,2.53000000,921.31000000,126026538,126026547,1782877833147439,False,True
92254929,2.53000000,23.80000000,126026548,126026548,1782877833149597,False,True
92254930,2.53000000,4.65000000,126026549,126026549,1782877844330115,True,True
92254931,2.53000000,103.58000000,126026550,126026552,1782877849196939,True,True
92254932,2.54000000,23.48000000,126026553,126026554,1782878077164457,False,True
92254933,2.54000000,92.45000000,126026555,126026555,1782878080117703,True,True
92254934,2.53000000,6.00000000,126026556,126026556,1782878080264046,True,True
92254935,2.53000000,3.51000000,126026557,126026557,1782878100888323,True,True
92254936,2.54000000,9.27000000,126026558,126026558,1782878119236788,False,True
92254937,2.54000000,5.78000000,126026559,126026559,1782878398852195,False,True
92254938,2.53000000,6.00000000,126026560,126026560,1782878770672312,True,True
92254939,2.54000000,21.16000000,126026561,126026561,1782878933632372,False,True
92254940,2.54000000,169.09000000,126026562,126026563,1782879012088385,False,True
92254941,2.54000000,164.62000000,126026564,126026565,1782879027759740,True,True
92254942,2.54000000,9.84000000,126026566,126026566,1782879237817375,False,True
92254943,2.54000000,15.74000000,126026567,126026567,1782879406251051,False,True
92254944,2.54000000,25.33000000,126026568,126026568,1782879493034921,False,True
92254945,2.54000000,42.64000000,126026569,126026569,1782879714059535,False,True
92254946,2.54000000,180.74000000,126026570,126026571,1782880506279762,True,True
92254947,2.54000000,78.74000000,126026572,126026572,1782880548501928,False,True
92254948,2.54000000,33.97000000,126026573,126026574,1782880697344050,False,True
92254949,2.54000000,36.96000000,126026575,126026575,1782880697345361,False,True
92254950,2.54000000,137.20000000,126026576,126026576,1782880740048459,True,True
92254951,2.54000000,172.51000000,126026577,126026578,1782880765387143,True,True
92254952,2.55000000,2.62000000,126026579,126026579,1782881181017434,False,True
92254953,2.54000000,8.82000000,126026580,126026580,1782881182676580,True,True
92254954,2.55000000,1.96000000,126026581,126026581,1782881411059357,False,True
92254955,2.54000000,37.00000000,126026582,126026582,1782882403217905,True,True
92254956,2.54000000,683.19000000,126026583,126026592,1782882403219668,True,True
92254957,2.53000000,1893.25000000,126026593,126026609,1782882503975128,True,True
92254958,2.53000000,1090.84000000,126026610,126026610,1782882503976615,False,True
92254959,2.53000000,99.60000000,126026611,126026611,1782882503976632,False,True
92254960,2.53000000,81.72000000,126026612,126026612,1782882503977190,False,True
92254961,2.54000000,84.20000000,126026613,126026613,1782882503978915,False,True
92254962,2.54000000,59.50000000,126026614,126026615,1782882503979047,False,True
92254963,2.54000000,49.30000000,126026616,126026616,1782882503979333,False,True
92254964,2.54000000,201.30000000,126026617,126026619,1782882503979459,False,True
92254965,2.54000000,32.93000000,126026620,126026620,1782882504056049,False,True
92254966,2.54000000,32.93000000,126026621,126026621,1782882504058742,False,True
92254967,2.53000000,9.47000000,126026622,126026622,1782882576731125,True,True
92254968,2.54000000,21.02000000,126026623,126026623,1782882616670227,False,True
92254969,2.53000000,2.76000000,126026624,126026624,1782882826363161,True,True
92254970,2.53000000,16.75000000,126026625,126026625,1782883165303570,True,True
92254971,2.53000000,21.81000000,126026626,126026626,1782883251351983,True,True
92254972,2.53000000,181.86000000,126026627,126026630,1782883251353462,True,True
92254973,2.53000000,40.37000000,126026631,126026631,1782883626267212,False,True
92254974,2.53000000,24.22000000,126026632,126026632,1782884397681151,False,True
92254975,2.53000000,10.00000000,126026633,126026633,1782884531081453,False,True
92254976,2.53000000,46.98000000,126026634,126026635,1782884806104832,False,True
92254977,2.53000000,2.64000000,126026636,126026636,1782884899118276,False,True
92254978,2.52000000,9.67000000,126026637,126026637,1782885731584011,True,True
92254979,2.52000000,19.53000000,126026638,126026638,1782885750165164,True,True
92254980,2.52000000,625.79000000,126026639,126026644,1782885802448212,True,True
92254981,2.52000000,78.88000000,126026645,126026645,1782885802449538,True,True
92254982,2.52000000,564.99000000,126026646,126026654,1782885802449571,True,True
92254983,2.52000000,100.69000000,126026655,126026656,1782886540561649,False,True
92254984,2.52000000,31.82000000,126026657,126026659,1782886540563262,False,True
92254985,2.52000000,44.74000000,126026660,126026660,1782886540563532,False,True
92254986,2.52000000,365.86000000,126026661,126026664,1782886550686935,True,True
92254987,2.52000000,58.84000000,126026665,126026665,1782886585598734,False,True
92254988,2.52000000,10.50000000,126026666,126026666,1782886585671319,True,True
92254989,2.52000000,93.36000000,126026667,126026667,1782886622369358,True,True
92254990,2.51000000,82.70000000,126026668,126026668,1782886823348052,True,True
92254991,2.51000000,67.54000000,126026669,126026670,1782886823349549,True,True
92254992,2.51000000,94.67000000,126026671,126026674,1782886823350887,True,True
92254993,2.51000000,7.29000000,126026675,126026675,1782886823352895,False,True
92254994,2.51000000,7.28000000,126026676,126026676,1782886823355313,False,True
92254995,2.51000000,30.73000000,126026677,126026679,1782886823972076,False,True
92254996,2.51000000,16.89000000,126026680,126026680,1782886827943733,True,True
92254997,2.51000000,12.90000000,126026681,126026681,1782886902054522,True,True
92254998,2.51000000,12.90000000,126026682,126026682,1782886902054663,True,True
92254999,2.51000000,6.30000000,126026683,126026683,1782886902055985,True,True
92255000,2.51000000,95.24000000,126026684,126026684,1782886909077407,True,True
92255001,2.51000000,67.15000000,126026685,126026686,1782887084462166,False,True
92255002,2.51000000,40.00000000,126026687,126026687,1782887084604165,True,True
92255003,2.51000000,151.57000000,126026688,126026690,1782887102470810,True,True
92255004,2.51000000,3.97000000,126026691,126026691,1782887102472487,True,True
92255005,2.51000000,3.97000000,126026692,126026693,1782887102472720,True,True
92255006,2.51000000,399.53000000,126026694,126026696,1782887194284103,False,True
92255007,2.51000000,73.05000000,126026697,126026697,1782887194287189,False,True
92255008,2.51000000,305.30000000,126026698,126026701,1782887625092776,True,True
92255009,2.50000000,95.01000000,126026702,126026706,1782887738359137,True,True
92255010,2.50000000,48.40000000,126026707,126026707,1782887738362515,False,True
92255011,2.50000000,26.41000000,126026708,126026708,1782887743567103,False,True
92255012,2.50000000,25.66000000,126026709,126026710,1782887743570046,False,True
92255013,2.50000000,90.00000000,126026711,126026711,1782887769607224,False,True
92255014,2.50000000,175.63000000,126026712,126026713,1782887809490335,False,True
92255015,2.49000000,41.11000000,126026714,126026714,1782887866756046,True,True
92255016,2.49000000,54.98000000,126026715,126026716,1782888325392214,True,True
92255017,2.49000000,94.22000000,126026717,126026719,1782888341752090,True,True
92255018,2.49000000,4.00000000,126026720,126026720,1782888351287924,False,True
92255019,2.49000000,4.00000000,126026721,126026721,1782888351287995,False,True
92255020,2.49000000,77.31000000,126026722,126026722,1782888622966992,False,True
92255021,2.49000000,235.29000000,126026723,126026725,1782888622967047,False,True
92255022,2.49000000,2.10000000,126026726,126026726,1782888648998059,True,True
92255023,2.50000000,4.23000000,126026727,126026727,1782888743588160,False,True
92255024,2.50000000,474.73000000,126026728,126026731,1782888839311341,False,True
92255025,2.50000000,3.48000000,126026732,126026732,1782888997494383,False,True
92255026,2.50000000,3.55000000,126026733,126026734,1782889458918279,False,True
92255027,2.49000000,2.20000000,126026735,126026735,1782889476897332,True,True
92255028,2.49000000,19.77000000,126026736,126026736,1782889518859123,True,True
92255029,2.49000000,75.50000000,126026737,126026737,1782889524943459,True,True
92255030,2.49000000,104.44000000,126026738,126026739,1782889524947210,False,True
92255031,2.49000000,2.10000000,126026740,126026740,1782889528026054,True,True
92255032,2.49000000,2.20000000,126026741,126026741,1782889542059246,True,True
92255033,2.49000000,40.00000000,126026742,126026742,1782889613310748,False,True
92255034,2.49000000,156.17000000,126026743,126026743,1782889681467374,True,True
92255035,2.49000000,50.00000000,126026744,126026745,1782889690760822,False,True
92255036,2.50000000,14.50000000,126026746,126026746,1782890531484428,False,True
92255037,2.50000000,215.70000000,126026747,126026750,1782890600576027,False,True
92255038,2.50000000,125.70000000,126026751,126026754,1782890636909396,False,True
92255039,2.50000000,18.60000000,126026755,126026755,1782890638558704,True,True
92255040,2.49000000,36.64000000,126026756,126026756,1782890932170540,True,True
92255041,2.49000000,5.82000000,126026757,126026757,1782891152800170,True,True
92255042,2.50000000,35.20000000,126026758,126026758,1782891458184651,False,True
92255043,2.50000000,35.20000000,126026759,126026759,1782891458184730,False,True
92255044,2.50000000,35.17000000,126026760,126026760,1782891761088037,True,True
92255045,2.50000000,35.17000000,126026761,126026761,1782891761088183,True,True
92255046,2.50000000,19.98000000,126026762,126026762,1782891761088297,True,True
92255047,2.50000000,35.17000000,126026763,126026764,1782891761088907,True,True
92255048,2.50000000,232.08000000,126026765,126026772,1782891811613029,True,True
92255049,2.49000000,649.71000000,126026773,126026778,1782892133109780,True,True
92255050,2.49000000,91.60000000,126026779,126026781,1782892918227903,True,True
92255051,2.49000000,541.00000000,126026782,126026790,1782892918230022,True,True
92255052,2.49000000,1.60000000,126026791,126026791,1782892918231538,True,True
92255053,2.49000000,105.03000000,126026792,126026792,1782892973294146,False,True
92255054,2.49000000,66.79000000,126026793,126026793,1782892973295405,False,True
92255055,2.49000000,66.79000000,126026794,126026795,1782892973295489,False,True
92255056,2.49000000,13.48000000,126026796,126026796,1782892973295584,False,True
92255057,2.49000000,10.85000000,126026797,126026797,1782893282882855,True,True
92255058,2.50000000,7.96000000,126026798,126026798,1782894040897361,False,True
92255059,2.50000000,2.73000000,126026799,126026799,1782894378717297,False,True
92255060,2.50000000,26.66000000,126026800,126026801,1782894426167374,False,True
92255061,2.50000000,20.25000000,126026802,126026803,1782894426171094,False,True
92255062,2.50000000,35.19000000,126026804,126026804,1782894458787785,True,True
92255063,2.50000000,29.00000000,126026805,126026805,1782894458787875,True,True
92255064,2.50000000,6.20000000,126026806,126026806,1782894458791980,True,True
92255065,2.50000000,145.03000000,126026807,126026810,1782894750258924,True,True
92255066,2.50000000,94.43000000,126026811,126026813,1782894750260403,True,True
92255067,2.50000000,254.90000000,126026814,126026815,1782894791561554,False,True
92255068,2.50000000,71.07000000,126026816,126026816,1782894811757225,True,True
92255069,2.50000000,71.07000000,126026817,126026817,1782894820967914,True,True
92255070,2.50000000,85.22000000,126026818,126026818,1782894853636379,False,True
92255071,2.50000000,53.54000000,126026819,126026819,1782894853636477,False,True
92255072,2.50000000,26.21000000,126026820,126026820,1782894853637856,False,True
92255073,2.50000000,35.20000000,126026821,126026821,1782894869479584,True,True
92255074,2.50000000,35.19000000,126026822,126026822,1782894869479801,True,True
92255075,2.51000000,270.18000000,126026823,126026825,1782895475919131,False,True
92255076,2.51000000,35.11000000,126026826,126026826,1782895475936924,True,True
92255077,2.52000000,42.80000000,126026827,126026827,1782895490178599,False,True
92255078,2.51000000,70.39000000,126026828,126026828,1782895501639097,True,True
92255079,2.51000000,102.33000000,126026829,126026830,1782895501639135,True,True
92255080,2.51000000,86.85000000,126026831,126026831,1782895927387548,False,True
92255081,2.51000000,10.56000000,126026832,126026833,1782895927387689,False,True
92255082,2.52000000,15.27000000,126026834,126026834,1782895943542930,False,True
92255083,2.51000000,53.54000000,126026835,126026835,1782895944325101,True,True
92255084,2.51000000,17.53000000,126026836,126026836,1782895944326393,True,True
92255085,2.51000000,2.44000000,126026837,126026837,1782895960326587,False,True
92255086,2.51000000,102.72000000,126026838,126026838,1782896224054657,False,True
92255087,2.51000000,398.40000000,126026839,126026843,1782896483771765,True,True
92255088,2.51000000,398.40000000,126026844,126026848,1782896489376037,True,True
92255089,2.51000000,150.85000000,126026849,126026859,1782896494272448,True,True
92255090,2.52000000,34.90000000,126026860,126026860,1782896801355488,False,True
92255091,2.52000000,336.77000000,126026861,126026863,1782896801357538,False,True
92255092,2.53000000,34.90000000,126026864,126026864,1782896801363890,False,True
92255093,2.53000000,34.90000000,126026865,126026865,1782896801364202,False,True
92255094,2.52000000,123.81000000,126026866,126026867,1782896957650081,True,True
92255095,2.52000000,59.82000000,126026868,126026869,1782896957650167,True,True
92255096,2.52000000,182.20000000,126026870,126026872,1782897423280376,False,True
92255097,2.52000000,136.87000000,126026873,126026877,1782897603966310,True,True
92255098,2.52000000,35.14000000,126026878,126026878,1782897766675030,False,True
92255099,2.51000000,158.84000000,126026879,126026879,1782898863887274,True,True
92255100,2.51000000,1404.54000000,126026880,126026884,1782898863909347,True,True
92255101,2.51000000,209.00000000,126026885,126026888,1782898863910642,True,True
92255102,2.51000000,94.96000000,126026889,126026889,1782898863958640,False,True
92255103,2.51000000,90.00000000,126026890,126026890,1782898863958976,False,True
92255104,2.51000000,14.48000000,126026891,126026891,1782898868494852,False,True
92255105,2.51000000,25.52000000,126026892,126026892,1782898868496697,False,True
92255106,2.51000000,8.75000000,126026893,126026893,1782899021434373,True,True
92255107,2.51000000,3.57000000,126026894,126026894,1782899059683765,True,True
92255108,2.51000000,4.34000000,126026895,126026895,1782899110972592,True,True
92255109,2.51000000,62.51000000,126026896,126026896,1782899202451654,True,True
92255110,2.51000000,79.48000000,126026897,126026898,1782899202451903,True,True
92255111,2.51000000,39.85000000,126026899,126026899,1782899202452995,True,True
92255112,2.51000000,45.81000000,126026900,126026900,1782899242252947,True,True
92255113,2.51000000,25.26000000,126026901,126026901,1782899242254453,True,True
92255114,2.51000000,50.73000000,126026902,126026902,1782899365066641,False,True
92255115,2.51000000,107.88000000,126026903,126026903,1782899396911452,False,True
92255116,2.51000000,11.15000000,126026904,126026904,1782900569130075,True,True
92255117,2.51000000,3.67000000,126026905,126026905,1782901080374815,True,True
92255118,2.51000000,94.78000000,126026906,126026907,1782901482667995,True,True
92255119,2.51000000,1226.62000000,126026908,126026925,1782901670139142,False,True
92255120,2.51000000,40.86000000,126026926,126026926,1782901670140603,True,True
92255121,2.51000000,323.38000000,126026927,126026928,1782901670141001,True,True
92255122,2.51000000,323.38000000,126026929,126026931,1782901670141193,True,True
92255123,2.51000000,15.97000000,126026932,126026932,1782901670141549,True,True
92255124,2.50000000,28.94000000,126026933,126026933,1782901670141549,True,True
92255125,2.50000000,40.86000000,126026934,126026934,1782901670141659,True,True
92255126,2.51000000,653.95000000,126026935,126026938,1782901956584378,False,True
92255127,2.51000000,5.00000000,126026939,126026939,1782902082606431,False,True
92255128,2.51000000,9.09000000,126026940,126026940,1782902083833683,False,True
92255129,2.51000000,4.40000000,126026941,126026941,1782902083833903,False,True
92255130,2.51000000,109.43000000,126026942,126026942,1782902273468624,False,True
92255131,2.51000000,3.99000000,126026943,126026943,1782902290518953,True,True
92255132,2.51000000,68.02000000,126026944,126026944,1782902296976344,True,True
92255133,2.51000000,4.08000000,126026945,126026945,1782902360772794,True,True
92255134,2.51000000,95.63000000,126026946,126026946,1782902512994882,True,True
92255135,2.51000000,9.90000000,126026947,126026947,1782902518639107,True,True
92255136,2.51000000,65.11000000,126026948,126026948,1782902760049545,False,True
92255137,2.51000000,13.93000000,126026949,126026949,1782902760050761,False,True
92255138,2.51000000,3.09000000,126026950,126026950,1782902809376032,True,True
92255139,2.51000000,13.92000000,126026951,126026951,1782903320184020,True,True
92255140,2.51000000,105.01000000,126026952,126026952,1782903320184051,True,True
92255141,2.52000000,3.10000000,126026953,126026953,1782903378416559,False,True
92255142,2.51000000,16.00000000,126026954,126026957,1782903541474510,True,True
92255143,2.51000000,96.91000000,126026958,126026958,1782903651689917,True,True
92255144,2.52000000,27.52000000,126026959,126026959,1782903718172269,False,True
92255145,2.51000000,5.60000000,126026960,126026960,1782903735195109,True,True
92255146,2.51000000,2.00000000,126026961,126026961,1782903740846940,True,True
92255147,2.52000000,96.77000000,126026962,126026962,1782904040242861,False,True
92255148,2.52000000,6.36000000,126026963,126026963,1782904043019135,True,True
92255149,2.52000000,71.07000000,126026964,126026964,1782904141303221,True,True
92255150,2.52000000,140.05000000,126026965,126026965,1782904256213730,False,True
92255151,2.52000000,2.80000000,126026966,126026966,1782904335986190,True,True
92255152,2.52000000,5.02000000,126026967,126026967,1782904633964703,True,True
92255153,2.52000000,239.77000000,126026968,126026970,1782904873062561,True,True
92255154,2.52000000,39.83000000,126026971,126026971,1782904873068049,True,True
92255155,2.52000000,118.50000000,126026972,126026972,1782904879658179,True,True
92255156,2.52000000,106.45000000,126026973,126026973,1782904880063018,True,True
92255157,2.52000000,123.47000000,126026974,126026975,1782905026598974,True,True
92255158,2.52000000,20.00000000,126026976,126026976,1782905153073591,False,True
92255159,2.52000000,126.58000000,126026977,126026977,1782905405752698,False,True
92255160,2.52000000,71.07000000,126026978,126026978,1782905487498347,True,True
92255161,2.52000000,108.22000000,126026979,126026979,1782905509046220,True,True
92255162,2.52000000,147.57000000,126026980,126026981,1782905858054090,False,True
92255163,2.52000000,122.68000000,126026982,126026982,1782905963364983,True,True
92255164,2.52000000,102.36000000,126026983,126026983,1782906003932657,True,True
92255165,2.52000000,5.95000000,126026984,126026984,1782906297739005,False,True
92255166,2.52000000,2.32000000,126026985,126026985,1782906475055455,False,True
92255167,2.52000000,2.02000000,126026986,126026986,1782906586937095,False,True
92255168,2.51000000,42.60000000,126026987,126026987,1782906945828018,True,True
92255169,2.51000000,38.71000000,126026988,126026988,1782906957759551,True,True
92255170,2.51000000,39.10000000,126026989,126026990,1782906990834109,True,True
92255171,2.51000000,41.40000000,126026991,126026991,1782907005058472,True,True
92255172,2.51000000,44.17000000,126026992,126026992,1782907033879903,True,True
92255173,2.51000000,5.83000000,126026993,126026993,1782907044929891,True,True
92255174,2.52000000,44.18000000,126026994,126026994,1782907108015595,False,True
92255175,2.52000000,125.18000000,126026995,126026995,1782907226820249,False,True
92255176,2.52000000,7.90000000,126026996,126026996,1782907287788992,False,True
92255177,2.51000000,353.58000000,126026997,126027002,1782907463456503,True,True
92255178,2.51000000,96.34000000,126027003,126027003,1782907524218296,False,True
92255179,2.51000000,17.19000000,126027004,126027004,1782907534284022,True,True
92255180,2.51000000,3.77000000,126027005,126027005,1782907643883966,True,True
92255181,2.51000000,55.03000000,126027006,126027007,1782907653181324,True,True
92255182,2.51000000,4.88000000,126027008,126027008,1782907653182589,True,True
92255183,2.51000000,55.03000000,126027009,126027009,1782907653191947,True,True
92255184,2.51000000,4.97000000,126027010,126027010,1782907699917584,True,True
92255185,2.51000000,48.69000000,126027011,126027011,1782907706257073,False,True
92255186,2.52000000,1069.92000000,126027012,126027024,1782907766174717,False,True
92255187,2.51000000,9.00000000,126027025,126027025,1782907903821505,True,True
92255188,2.52000000,3.70000000,126027026,126027026,1782907939917367,False,True
92255189,2.52000000,8.96000000,126027027,126027027,1782907962656815,False,True
92255190,2.51000000,10.07000000,126027028,126027028,1782907969419341,True,True
92255191,2.51000000,11.04000000,126027029,126027029,1782908052780435,True,True
92255192,2.51000000,9.23000000,126027030,126027030,1782908087792404,True,True
92255193,2.51000000,8.86000000,126027031,126027031,1782908117775198,True,True
92255194,2.51000000,9.09000000,126027032,126027032,1782908152774732,True,True
92255195,2.51000000,9.14000000,126027033,126027033,1782908182775282,True,True
92255196,2.51000000,8.97000000,126027034,126027034,1782908212775657,True,True
92255197,2.51000000,12.40000000,126027035,126027035,1782908242783805,True,True
92255198,2.51000000,8.58000000,126027036,126027036,1782908287775947,True,True
92255199,2.51000000,10.67000000,126027037,126027038,1782908317775209,True,True
92255200,2.51000000,10.54000000,126027039,126027039,1782908352787917,True,True
92255201,2.51000000,298.50000000,126027040,126027041,1782908383235375,True,True
92255202,2.51000000,11.16000000,126027042,126027042,1782908387789314,True,True
92255203,2.51000000,13.04000000,126027043,126027043,1782908427775046,True,True
92255204,2.51000000,6.85000000,126027044,126027044,1782908472780061,True,True
92255205,2.51000000,10.37000000,126027045,126027045,1782908497775208,True,True
92255206,2.51000000,5.31000000,126027046,126027046,1782908532774438,True,True
92255207,2.51000000,12.71000000,126027047,126027047,1782908547775404,True,True
92255208,2.51000000,288.13000000,126027048,126027052,1782908550915112,True,True
92255209,2.51000000,10.17000000,126027053,126027053,1782908597789696,True,True
92255210,2.51000000,7.84000000,126027054,126027054,1782908632774424,True,True
92255211,2.52000000,8.00000000,126027055,126027055,1782908646102467,False,True
92255212,2.51000000,4.60000000,126027056,126027056,1782908652774224,True,True
92255213,2.51000000,11.65000000,126027057,126027057,1782908672775570,True,True
92255214,2.51000000,6.39000000,126027058,126027058,1782908712775180,True,True
92255215,2.51000000,11.12000000,126027059,126027059,1782908737775463,True,True
92255216,2.51000000,12.39000000,126027060,126027060,1782908772774654,True,True
92255217,2.51000000,107.23000000,126027061,126027064,1782908780333384,True,True
92255218,2.51000000,340.09000000,126027065,126027068,1782908780334084,True,True
92255219,2.50000000,11.20000000,126027069,126027069,1782908812774663,True,True
92255220,2.51000000,187.20000000,126027070,126027071,1782908824259996,False,True
92255221,2.51000000,8.97000000,126027072,126027072,1782908852774192,True,True
92255222,2.51000000,8.15000000,126027073,126027073,1782908882774602,True,True
92255223,2.51000000,11.81000000,126027074,126027074,1782908912774583,True,True
92255224,2.51000000,10.71000000,126027075,126027075,1782908957781106,True,True
92255225,2.51000000,10.20000000,126027076,126027076,1782908987788314,True,True
92255226,2.50000000,7.55000000,126027077,126027077,1782909022776184,True,True
92255227,2.50000000,3.11000000,126027078,126027078,1782909023517215,True,True
92255228,2.50000000,5.48000000,126027079,126027079,1782909052776105,True,True
92255229,2.50000000,8.08000000,126027080,126027080,1782909072776034,True,True
92255230,2.51000000,62.96000000,126027081,126027081,1782909075239731,False,True
92255231,2.51000000,35.93000000,126027082,126027082,1782909075240039,False,True
92255232,2.51000000,9.56000000,126027083,126027083,1782909097777075,True,True
92255233,2.52000000,2.78000000,126027084,126027084,1782909123014538,False,True
92255234,2.51000000,11.47000000,126027085,126027085,1782909127798873,True,True
92255235,2.52000000,2.78000000,126027086,126027086,1782909127931416,False,True
92255236,2.51000000,11.67000000,126027087,126027087,1782909172775807,True,True
92255237,2.52000000,41.07000000,126027088,126027088,1782909202592284,False,True
92255238,2.51000000,5.10000000,126027089,126027089,1782909207776738,True,True
92255239,2.51000000,6.08000000,126027090,126027090,1782909227781010,True,True
92255240,2.51000000,4.83000000,126027091,126027091,1782909252775895,True,True
92255241,2.51000000,56.19000000,126027092,126027092,1782909260106267,True,True
92255242,2.50000000,4.72000000,126027093,126027093,1782909267774405,True,True
92255243,2.50000000,7.83000000,126027094,126027094,1782909282775075,True,True
92255244,2.50000000,8.37000000,126027095,126027095,1782909312775945,True,True
92255245,2.50000000,11.41000000,126027096,126027096,1782909332775549,True,True
92255246,2.51000000,11.14000000,126027097,126027097,1782909372775718,True,True
92255247,2.51000000,13.13000000,126027098,126027098,1782909417774891,True,True
92255248,2.51000000,9.16000000,126027099,126027099,1782909457781999,True,True
92255249,2.51000000,8.09000000,126027100,126027100,1782909487782903,True,True
92255250,2.51000000,7.33000000,126027101,126027101,1782909522775911,True,True
92255251,2.51000000,12.50000000,126027102,126027102,1782909547791398,True,True
92255252,2.51000000,145.43000000,126027103,126027107,1782909552501040,True,True
92255253,2.50000000,5.56000000,126027108,126027108,1782909592775168,True,True
92255254,2.50000000,7.92000000,126027109,126027109,1782909612775924,True,True
92255255,2.50000000,5.07000000,126027110,126027110,1782909637782543,True,True
92255256,2.50000000,6.22000000,126027111,126027111,1782909647780666,True,True
92255257,2.50000000,5.12000000,126027112,126027112,1782909672775597,True,True
92255258,2.51000000,103.18000000,126027113,126027114,1782909676385042,False,True
92255259,2.51000000,9.25000000,126027115,126027115,1782909692776266,True,True
92255260,2.51000000,6.40000000,126027116,126027116,1782909727784251,True,True
92255261,2.51000000,10.40000000,126027117,126027117,1782909747778517,True,True
92255262,2.50000000,12.55000000,126027118,126027118,1782909782783951,True,True
92255263,2.51000000,104.89000000,126027119,126027119,1782909822314770,False,True
92255264,2.51000000,12.10000000,126027120,126027120,1782909827787298,True,True
92255265,2.51000000,10.46000000,126027121,126027121,1782909862775300,True,True
92255266,2.51000000,60.17000000,126027122,126027122,1782909897556584,True,True
92255267,2.51000000,7.42000000,126027123,126027124,1782909903083339,True,True
92255268,2.51000000,4.65000000,126027125,126027125,1782909927775144,True,True
92255269,2.51000000,12.73000000,126027126,126027126,1782909947780340,True,True
92255270,2.51000000,6.51000000,126027127,126027127,1782909982774314,True,True
92255271,2.51000000,12.16000000,126027128,126027128,1782910012774713,True,True
92255272,2.51000000,11.84000000,126027129,126027129,1782910052774519,True,True
92255273,2.51000000,93.43000000,126027130,126027130,1782910084921728,True,True
92255274,2.50000000,12.91000000,126027131,126027131,1782910087790025,True,True
92255275,2.51000000,100.30000000,126027132,126027132,1782910101137785,False,True
92255276,2.51000000,7.25000000,126027133,126027133,1782910132775206,True,True
92255277,2.51000000,50.10000000,126027134,126027134,1782910137921253,False,True
92255278,2.51000000,39.90000000,126027135,126027135,1782910137921330,False,True
92255279,2.51000000,8.55000000,126027136,126027136,1782910167781044,True,True
92255280,2.51000000,8.34000000,126027137,126027137,1782910192775637,True,True
92255281,2.51000000,9.59000000,126027138,126027138,1782910222783209,True,True
92255282,2.51000000,11.77000000,126027139,126027139,1782910247775026,True,True
92255283,2.51000000,11.22000000,126027140,126027140,1782910292775657,True,True
92255284,2.51000000,43.20000000,126027141,126027144,1782910299697709,True,True
92255285,2.50000000,9.49000000,126027145,126027145,1782910327782876,True,True
92255286,2.50000000,5.75000000,126027146,126027146,1782910357781365,True,True
92255287,2.50000000,11.03000000,126027147,126027147,1782910382782143,True,True
92255288,2.50000000,9.75000000,126027148,126027148,1782910422774486,True,True
92255289,2.50000000,5.17000000,126027149,126027149,1782910462775188,True,True
92255290,2.50000000,9.58000000,126027150,126027150,1782910477782433,True,True
92255291,2.50000000,11.50000000,126027151,126027151,1782910502870170,True,True
92255292,2.50000000,5.18000000,126027152,126027152,1782910542777453,True,True
92255293,2.51000000,69.43000000,126027153,126027153,1782910544503047,False,True
92255294,2.51000000,11.73000000,126027154,126027154,1782910567781852,True,True
92255295,2.51000000,12.21000000,126027155,126027155,1782910602777286,True,True
92255296,2.51000000,7.91000000,126027156,126027156,1782910647780849,True,True
92255297,2.51000000,10.50000000,126027157,126027157,1782910677782618,True,True
92255298,2.51000000,6.62000000,126027158,126027158,1782910702775369,True,True
92255299,2.51000000,9.88000000,126027159,126027159,1782910727775923,True,True
92255300,2.51000000,6.63000000,126027160,126027160,1782910762775855,True,True
92255301,2.51000000,7.42000000,126027161,126027161,1782910782782474,True,True
92255302,2.51000000,5.94000000,126027162,126027162,1782910807776447,True,True
92255303,2.51000000,9.14000000,126027163,126027163,1782910832776973,True,True
92255304,2.51000000,7.77000000,126027164,126027164,1782910862774996,True,True
92255305,2.51000000,6.60000000,126027165,126027166,1782910892776268,True,True
92255306,2.51000000,8.90000000,126027167,126027167,1782910922775755,True,True
92255307,2.51000000,12.81000000,126027168,126027168,1782910952777698,True,True
92255308,2.51000000,11.96000000,126027169,126027169,1782910987781765,True,True
92255309,2.51000000,7.98000000,126027170,126027170,1782911032775187,True,True
92255310,2.51000000,5.38000000,126027171,126027171,1782911057789426,True,True
92255311,2.51000000,11.00000000,126027172,126027172,1782911072775539,True,True
92255312,2.51000000,7.10000000,126027173,126027173,1782911107775902,True,True
92255313,2.51000000,6.51000000,126027174,126027174,1782911147778660,True,True
92255314,2.51000000,9.85000000,126027175,126027175,1782911167775949,True,True
92255315,2.52000000,15.83000000,126027176,126027176,1782911183605482,False,True
92255316,2.51000000,11.57000000,126027177,126027177,1782911197785095,True,True
92255317,2.51000000,19.90000000,126027178,126027179,1782911222284219,True,True
92255318,2.51000000,7.61000000,126027180,126027180,1782911242775203,True,True
92255319,2.51000000,7.38000000,126027181,126027181,1782911257784102,True,True
92255320,2.51000000,6.28000000,126027182,126027182,1782911287775449,True,True
92255321,2.51000000,12.92000000,126027183,126027183,1782911317776882,True,True
92255322,2.51000000,11.72000000,126027184,126027184,1782911347775716,True,True
92255323,2.52000000,11.80000000,126027185,126027186,1782911357487109,False,True
92255324,2.51000000,7.97000000,126027187,126027187,1782911380679960,True,True
92255325,2.51000000,6.29000000,126027188,126027188,1782911387783033,True,True
92255326,2.51000000,5.57000000,126027189,126027189,1782911422775701,True,True
92255327,2.51000000,5.57000000,126027190,126027190,1782911442777695,True,True
92255328,2.51000000,9.06000000,126027191,126027191,1782911462775990,True,True
92255329,2.51000000,5.72000000,126027192,126027192,1782911482775161,True,True
92255330,2.51000000,7.27000000,126027193,126027193,1782911497783123,True,True
92255331,2.51000000,13.11000000,126027194,126027194,1782911527775573,True,True
92255332,2.51000000,12.78000000,126027195,126027195,1782911567789559,True,True
92255333,2.51000000,5.54000000,126027196,126027196,1782911612775590,True,True
92255334,2.51000000,12.63000000,126027197,126027197,1782911637782421,True,True
92255335,2.51000000,11.35000000,126027198,126027198,1782911677778004,True,True
92255336,2.51000000,7.22000000,126027199,126027199,1782911717775891,True,True
92255337,2.51000000,5.01000000,126027200,126027200,1782911737784276,True,True
92255338,2.51000000,12.56000000,126027201,126027201,1782911757781799,True,True
92255339,2.52000000,5.40000000,126027202,126027202,1782911764997436,False,True
92255340,2.51000000,8.05000000,126027203,126027203,1782911797779024,True,True
92255341,2.51000000,11.23000000,126027204,126027204,1782911832792261,True,True
92255342,2.52000000,2.24000000,126027205,126027205,1782911855645229,False,True
92255343,2.51000000,8.71000000,126027206,126027206,1782911867782778,True,True
92255344,2.51000000,10.11000000,126027207,126027207,1782911902781631,True,True
92255345,2.51000000,5.90000000,126027208,126027208,1782911942776579,True,True
92255346,2.51000000,8.72000000,126027209,126027209,1782911962776135,True,True
92255347,2.51000000,10.15000000,126027210,126027210,1782911992776052,True,True
92255348,2.51000000,6.47000000,126027211,126027211,1782912017775945,True,True
92255349,2.51000000,12.51000000,126027212,126027212,1782912042775370,True,True
92255350,2.51000000,10.95000000,126027213,126027213,1782912082775789,True,True
92255351,2.52000000,40.00000000,126027214,126027214,1782912111532733,True,True
92255352,2.51000000,8.45000000,126027215,126027215,1782912117775534,True,True
92255353,2.52000000,90.03000000,126027216,126027216,1782912137399991,False,True
92255354,2.52000000,11.68000000,126027217,126027217,1782912147781553,True,True
92255355,2.53000000,509.37000000,126027218,126027221,1782912166675263,False,True
92255356,2.52000000,8.57000000,126027222,126027222,1782912192789600,True,True
92255357,2.52000000,14.25000000,126027223,126027223,1782912194233929,True,True
92255358,2.52000000,10.03000000,126027224,126027224,1782912222777043,True,True
92255359,2.52000000,4.66000000,126027225,126027225,1782912257775741,True,True
92255360,2.52000000,9.19000000,126027226,126027226,1782912282775346,True,True
92255361,2.52000000,9.54000000,126027227,126027227,1782912302775596,True,True
92255362,2.52000000,199.00000000,126027228,126027233,1782912332244381,True,True
92255363,2.51000000,11.37000000,126027234,126027234,1782912337784192,True,True
92255364,2.52000000,8.87000000,126027235,126027235,1782912372789004,True,True
92255365,2.52000000,189.23000000,126027236,126027237,1782912377373815,False,True
92255366,2.52000000,12.60000000,126027238,126027238,1782912407789593,True,True
92255367,2.52000000,7.75000000,126027239,126027239,1782912442777050,True,True
92255368,2.52000000,10.90000000,126027240,126027240,1782912472782830,True,True
92255369,2.52000000,8.55000000,126027241,126027241,1782912512775575,True,True
92255370,2.52000000,7.85000000,126027242,126027242,1782912542790072,True,True
92255371,2.52000000,7.77000000,126027243,126027243,1782912577781672,True,True
92255372,2.52000000,400.00000000,126027244,126027247,1782912600772566,True,True
92255373,2.52000000,160.99000000,126027248,126027250,1782912600772789,True,True
92255374,2.52000000,209.72000000,126027251,126027252,1782912600773032,True,True
92255375,2.52000000,107.40000000,126027253,126027253,1782912600806408,False,True
92255376,2.52000000,66.71000000,126027254,126027254,1782912600862064,False,True
92255377,2.51000000,9.43000000,126027255,126027255,1782912607775272,True,True
92255378,2.51000000,173.87000000,126027256,126027256,1782912608377642,True,True
92255379,2.51000000,186.53000000,126027257,126027258,1782912608379013,True,True
92255380,2.51000000,106.81000000,126027259,126027259,1782912608382990,False,True
92255381,2.51000000,421.34000000,126027260,126027261,1782912608385492,False,True
92255382,2.51000000,53.68000000,126027262,126027262,1782912608386948,False,True
92255383,2.51000000,53.68000000,126027263,126027263,1782912608387027,False,True
92255384,2.51000000,53.68000000,126027264,126027264,1782912608387100,False,True
92255385,2.51000000,10.00000000,126027265,126027265,1782912608387394,False,True
92255386,2.52000000,79.43000000,126027266,126027267,1782912608425058,False,True
92255387,2.51000000,98.29000000,126027268,126027269,1782912608425344,True,True
92255388,2.51000000,210.36000000,126027270,126027271,1782912608548911,True,True
92255389,2.50000000,97.18000000,126027272,126027278,1782912613210381,True,True
92255390,2.50000000,127.32000000,126027279,126027279,1782912613223336,False,True
92255391,2.50000000,10.00000000,126027280,126027280,1782912613229451,False,True
92255392,2.50000000,10.00000000,126027281,126027281,1782912613229776,False,True
92255393,2.50000000,6.55000000,126027282,126027282,1782912613230073,False,True
92255394,2.50000000,8.33000000,126027283,126027283,1782912613234108,True,True
92255395,2.50000000,8.33000000,126027284,126027284,1782912613240005,True,True
92255396,2.50000000,147.03000000,126027285,126027285,1782912613261170,False,True
92255397,2.50000000,185.63000000,126027286,126027286,1782912613261432,False,True
92255398,2.50000000,10.00000000,126027287,126027287,1782912613278083,False,True
92255399,2.50000000,16.66000000,126027288,126027288,1782912613278445,False,True
92255400,2.50000000,8.33000000,126027289,126027289,1782912613283672,True,True
92255401,2.50000000,8.33000000,126027290,126027290,1782912613288136,True,True
92255402,2.50000000,96.80000000,126027291,126027291,1782912613795182,False,True
92255403,2.50000000,0.38000000,126027292,126027292,1782912613795216,False,True
92255404,2.50000000,16.66000000,126027293,126027293,1782912613797265,False,True
92255405,2.50000000,10.00000000,126027294,126027294,1782912613802912,False,True
92255406,2.50000000,40.00000000,126027295,126027295,1782912613804215,False,True
92255407,2.50000000,8.33000000,126027296,126027296,1782912619080291,True,True
92255408,2.50000000,8.33000000,126027297,126027297,1782912619121476,True,True
92255409,2.50000000,97.67000000,126027298,126027298,1782912619126798,False,True
92255410,2.50000000,33.31000000,126027299,126027300,1782912620377325,True,True
92255411,2.50000000,9.81000000,126027301,126027301,1782912622407545,True,True
92255412,2.50000000,190.19000000,126027302,126027302,1782912622408551,True,True
92255413,2.50000000,27.87000000,126027303,126027303,1782912622837274,True,True
92255414,2.50000000,181.94000000,126027304,126027305,1782912623813646,True,True
92255415,2.50000000,155.62000000,126027306,126027306,1782912623815600,True,True
92255416,2.50000000,109.16000000,126027307,126027307,1782912623830160,False,True
92255417,2.50000000,16.66000000,126027308,126027308,1782912623830479,False,True
92255418,2.50000000,8.33000000,126027309,126027309,1782912623836266,True,True
92255419,2.50000000,8.33000000,126027310,126027310,1782912623843451,True,True
92255420,2.50000000,16.66000000,126027311,126027311,1782912623871471,False,True
92255421,2.50000000,86.40000000,126027312,126027312,1782912623881812,False,True
92255422,2.50000000,3.60000000,126027313,126027313,1782912623882056,False,True
92255423,2.50000000,16.05000000,126027314,126027314,1782912624043282,False,True
92255424,2.50000000,90.00000000,126027315,126027315,1782912624046228,False,True
92255425,2.50000000,60.00000000,126027316,126027316,1782912624063838,False,True
92255426,2.50000000,30.00000000,126027317,126027317,1782912624065079,False,True
92255427,2.50000000,60.40000000,126027318,126027319,1782912624067312,False,True
92255428,2.50000000,44.20000000,126027320,126027320,1782912624067439,False,True
92255429,2.50000000,60.00000000,126027321,126027321,1782912624085354,False,True
92255430,2.50000000,3.50000000,126027322,126027322,1782912624111515,False,True
92255431,2.49000000,227.72000000,126027323,126027327,1782912626137747,True,True
92255432,2.49000000,312.45000000,126027328,126027330,1782912626139208,True,True
92255433,2.49000000,44.57000000,126027331,126027331,1782912626142189,False,True
92255434,2.49000000,49.79000000,126027332,126027332,1782912626142191,False,True
92255435,2.49000000,22.55000000,126027333,126027333,1782912626142399,False,True
92255436,2.49000000,8.36000000,126027334,126027334,1782912626142655,False,True
92255437,2.49000000,87.55000000,126027335,126027335,1782912626144595,True,True
92255438,2.49000000,90.00000000,126027336,126027336,1782912626149130,True,True
92255439,2.49000000,278.11000000,126027337,126027338,1782912626149173,True,True
92255440,2.49000000,34.05000000,126027339,126027339,1782912626173639,True,True
92255441,2.49000000,17.03000000,126027340,126027340,1782912626178705,True,True
92255442,2.49000000,16.96000000,126027341,126027341,1782912626184106,True,True
92255443,2.49000000,89.95000000,126027342,126027342,1782912626188203,False,True
92255444,2.49000000,0.05000000,126027343,126027343,1782912626188469,False,True
92255445,2.49000000,89.95000000,126027344,126027344,1782912626191085,False,True
92255446,2.49000000,0.05000000,126027345,126027345,1782912626191251,False,True
92255447,2.49000000,89.95000000,126027346,126027346,1782912626194237,False,True
92255448,2.49000000,10.05000000,126027347,126027348,1782912626194353,False,True
92255449,2.48000000,250.01000000,126027349,126027349,1782912626196955,True,True
92255450,2.49000000,89.95000000,126027350,126027350,1782912626197210,False,True
92255451,2.49000000,0.05000000,126027351,126027351,1782912626197467,False,True
92255452,2.49000000,60.23000000,126027352,126027352,1782912626214145,False,True
92255453,2.49000000,34.13000000,126027353,126027354,1782912626216102,False,True
92255454,2.49000000,5.62000000,126027355,126027355,1782912626218806,False,True
92255455,2.49000000,5.62000000,126027356,126027357,1782912626218928,False,True
92255456,2.49000000,5.62000000,126027358,126027358,1782912626219232,False,True
92255457,2.49000000,60.23000000,126027359,126027359,1782912626234476,False,True
92255458,2.49000000,27.90000000,126027360,126027361,1782912626262509,False,True
92255459,2.49000000,0.65000000,126027362,126027362,1782912626263790,False,True
92255460,2.49000000,45.04000000,126027363,126027363,1782912626265930,True,True
92255461,2.49000000,45.04000000,126027364,126027365,1782912626265959,True,True
92255462,2.49000000,12.44000000,126027366,126027366,1782912626266925,True,True
92255463,2.49000000,12.44000000,126027367,126027367,1782912626266973,True,True
92255464,2.49000000,5.95000000,126027368,126027368,1782912626267698,True,True
92255465,2.49000000,18.39000000,126027369,126027370,1782912626271484,True,True
92255466,2.49000000,9.41000000,126027371,126027371,1782912626558480,False,True
92255467,2.49000000,439.44000000,126027372,126027375,1782912627333557,False,True
92255468,2.49000000,136.05000000,126027376,126027376,1782912627336796,True,True
92255469,2.49000000,8.36000000,126027377,126027377,1782912628845391,True,True
92255470,2.49000000,224.30000000,126027378,126027381,1782912628972243,False,True
92255471,2.49000000,151.70000000,126027382,126027384,1782912633593843,True,True
92255472,2.49000000,8.36000000,126027385,126027385,1782912635017001,False,True
92255473,2.49000000,7.16000000,126027386,126027386,1782912637782559,True,True
92255474,2.50000000,507.38000000,126027387,126027393,1782912643815224,False,True
92255475,2.50000000,50.04000000,126027394,126027394,1782912643858353,True,True
92255476,2.50000000,4.31000000,126027395,126027395,1782912644859522,True,True
92255477,2.50000000,22.11000000,126027396,126027399,1782912644860914,True,True
92255478,2.50000000,73.40000000,126027400,126027402,1782912646211627,False,True
92255479,2.50000000,3.99000000,126027403,126027403,1782912652014178,True,True
92255480,2.50000000,9.47000000,126027404,126027404,1782912662791422,True,True
92255481,2.50000000,7.40000000,126027405,126027405,1782912682775832,True,True
92255482,2.50000000,12.39000000,126027406,126027406,1782912707775373,True,True
92255483,2.51000000,22.10000000,126027407,126027407,1782912727150661,False,True
92255484,2.51000000,70.48000000,126027408,126027413,1782912727151371,False,True
92255485,2.51000000,34.65000000,126027414,126027414,1782912727156919,True,True
92255486,2.51000000,95.02000000,126027415,126027415,1782912740162011,True,True
92255487,2.51000000,120.84000000,126027416,126027416,1782912741253963,False,True
92255488,2.51000000,12.04000000,126027417,126027417,1782912747777182,True,True
92255489,2.51000000,100.22000000,126027418,126027418,1782912760340115,True,True
92255490,2.51000000,27.76000000,126027419,126027419,1782912781571829,True,True
92255491,2.50000000,4.39000000,126027420,126027420,1782912792789030,True,True
92255492,2.51000000,105.09000000,126027421,126027421,1782912805226866,True,True
92255493,2.50000000,12.18000000,126027422,126027422,1782912807783409,True,True
92255494,2.51000000,94.57000000,126027423,126027423,1782912809475988,False,True
92255495,2.51000000,29.27000000,126027424,126027424,1782912813606071,False,True
92255496,2.51000000,95.64000000,126027425,126027425,1782912831553818,True,True
92255497,2.51000000,11.37000000,126027426,126027426,1782912852785945,True,True
92255498,2.51000000,8.31000000,126027427,126027427,1782912887774864,True,True
92255499,2.51000000,11.64000000,126027428,126027428,1782912917776345,True,True
92255500,2.51000000,8.78000000,126027429,126027429,1782912957774943,True,True
92255501,2.51000000,5.45000000,126027430,126027430,1782912992774603,True,True
92255502,2.51000000,4.65000000,126027431,126027431,1782913012774552,True,True
92255503,2.52000000,7.24000000,126027432,126027432,1782913023776686,False,True
92255504,2.52000000,44.84000000,126027433,126027433,1782913023779489,True,True
92255505,2.52000000,44.84000000,126027434,126027434,1782913023780044,True,True
92255506,2.52000000,44.84000000,126027435,126027436,1782913023780178,True,True
92255507,2.52000000,90.00000000,126027437,126027437,1782913023780869,True,True
92255508,2.52000000,16.61000000,126027438,126027438,1782913023781012,True,True
92255509,2.52000000,73.39000000,126027439,126027440,1782913023784250,False,True
92255510,2.52000000,3.80000000,126027441,126027441,1782913030726380,True,True
92255511,2.52000000,4.68000000,126027442,126027442,1782913032778144,True,True
92255512,2.52000000,3.72000000,126027443,126027443,1782913041172709,True,True
92255513,2.52000000,7.77000000,126027444,126027444,1782913047774309,True,True
92255514,2.52000000,12.63000000,126027445,126027445,1782913067776165,True,True
92255515,2.52000000,340.03000000,126027446,126027447,1782913084447493,True,True
92255516,2.52000000,9.50000000,126027448,126027448,1782913122774579,True,True
92255517,2.52000000,9.52000000,126027449,126027449,1782913152779056,True,True
92255518,2.52000000,7.69000000,126027450,126027450,1782913172774449,True,True
92255519,2.53000000,1.97000000,126027451,126027451,1782913176869987,False,True
92255520,2.52000000,9.74000000,126027452,126027452,1782913197777727,True,True
92255521,2.52000000,55.74000000,126027453,126027453,1782913201916926,True,True
92255522,2.52000000,9.16000000,126027454,126027454,1782913232775663,True,True
92255523,2.52000000,6.81000000,126027455,126027455,1782913267776350,True,True
92255524,2.53000000,210.00000000,126027456,126027458,1782913294040315,False,True
92255525,2.52000000,6.63000000,126027459,126027459,1782913302774505,True,True
92255526,2.52000000,5.99000000,126027460,126027460,1782913322776371,True,True
92255527,2.52000000,6.76000000,126027461,126027461,1782913347774890,True,True
92255528,2.52000000,5.47000000,126027462,126027462,1782913367774871,True,True
92255529,2.52000000,9.99000000,126027463,126027463,1782913387775307,True,True
92255530,2.52000000,7.99000000,126027464,126027464,1782913412784713,True,True
92255531,2.52000000,5.23000000,126027465,126027465,1782913437783772,True,True
92255532,2.52000000,7.67000000,126027466,126027466,1782913452780719,True,True
92255533,2.52000000,6.17000000,126027467,126027467,1782913477783479,True,True
92255534,2.52000000,12.69000000,126027468,126027469,1782913502777412,True,True
92255535,2.53000000,3.80000000,126027470,126027470,1782913525002275,False,True
92255536,2.53000000,26.01000000,126027471,126027471,1782913527291468,True,True
92255537,2.53000000,12.07000000,126027472,126027472,1782913542774423,True,True
92255538,2.53000000,4.58000000,126027473,126027473,1782913582787806,True,True
92255539,2.53000000,11.63000000,126027474,126027474,1782913617774703,True,True
92255540,2.53000000,7.00000000,126027475,126027475,1782913652776787,True,True
92255541,2.53000000,10.22000000,126027476,126027476,1782913677777022,True,True
92255542,2.54000000,2.53000000,126027477,126027477,1782913699017231,False,True
92255543,2.53000000,4.33000000,126027478,126027478,1782913699117219,True,True
92255544,2.53000000,9.44000000,126027479,126027479,1782913702791950,True,True
92255545,2.54000000,534.11000000,126027480,126027482,1782913708258078,False,True
92255546,2.54000000,123.25000000,126027483,126027485,1782913708258315,False,True
92255547,2.54000000,3.92000000,126027486,126027486,1782913722254881,True,True
92255548,2.54000000,110.25000000,126027487,126027487,1782913730995764,False,True
92255549,2.53000000,4.46000000,126027488,126027488,1782913742783797,True,True
92255550,2.54000000,11.92000000,126027489,126027489,1782913762797395,True,True
92255551,2.54000000,8.48000000,126027490,126027490,1782913779965604,True,True
92255552,2.54000000,7.47000000,126027491,126027491,1782913787776244,True,True
92255553,2.53000000,10.92000000,126027492,126027492,1782913817774858,True,True
92255554,2.54000000,5.50000000,126027493,126027493,1782913852774479,True,True
92255555,2.54000000,9.60000000,126027494,126027494,1782913877776794,True,True
92255556,2.54000000,11.32000000,126027495,126027495,1782913907775059,True,True
92255557,2.54000000,12.38000000,126027496,126027496,1782913942780737,True,True
92255558,2.54000000,10.80000000,126027497,126027497,1782913987782747,True,True
92255559,2.54000000,9.47000000,126027498,126027498,1782914022775193,True,True
92255560,2.54000000,8.92000000,126027499,126027499,1782914057775108,True,True
92255561,2.54000000,4.66000000,126027500,126027500,1782914082778439,True,True
92255562,2.54000000,9.25000000,126027501,126027501,1782914117775153,True,True
92255563,2.54000000,11.49000000,126027502,126027503,1782914147774705,True,True
92255564,2.54000000,13.02000000,126027504,126027504,1782914172779545,True,True
92255565,2.54000000,12.22000000,126027505,126027505,1782914217775179,True,True
92255566,2.54000000,9.12000000,126027506,126027506,1782914262778939,True,True
92255567,2.54000000,7.93000000,126027507,126027507,1782914297775346,True,True
92255568,2.55000000,151.66000000,126027508,126027510,1782914317087725,False,True
92255569,2.55000000,81.09000000,126027511,126027511,1782914317211282,False,True
92255570,2.55000000,279.91000000,126027512,126027513,1782914317297684,False,True
92255571,2.55000000,4.74000000,126027514,126027514,1782914317783448,True,True
92255572,2.55000000,52.87000000,126027515,126027516,1782914341782243,True,True
92255573,2.55000000,47.75000000,126027517,126027517,1782914341782605,True,True
92255574,2.54000000,11.40000000,126027518,126027518,1782914342775592,True,True
92255575,2.55000000,92.08000000,126027519,126027519,1782914371657656,False,True
92255576,2.55000000,4.43000000,126027520,126027520,1782914377782194,True,True
92255577,2.55000000,10.33000000,126027521,126027521,1782914402943228,True,True
92255578,2.55000000,5.73000000,126027522,126027522,1782914427779208,True,True
92255579,2.55000000,9.07000000,126027523,126027524,1782914457778260,True,True
92255580,2.55000000,10.00000000,126027525,126027525,1782914487784893,True,True
92255581,2.55000000,85.60000000,126027526,126027526,1782914506049004,True,True
92255582,2.54000000,8.49000000,126027527,126027527,1782914512775448,True,True
92255583,2.55000000,92.35000000,126027528,126027528,1782914515738254,False,True
92255584,2.55000000,11.66000000,126027529,126027529,1782914542781936,True,True
92255585,2.55000000,32.56000000,126027530,126027530,1782914545055071,True,True
92255586,2.55000000,95.57000000,126027531,126027531,1782914556122012,False,True
92255587,2.55000000,13.08000000,126027532,126027532,1782914587784098,True,True
92255588,2.55000000,6.70000000,126027533,126027533,1782914622776823,True,True
92255589,2.55000000,12.74000000,126027534,126027534,1782914647784530,True,True
92255590,2.55000000,12.11000000,126027535,126027535,1782914697778316,True,True
92255591,2.55000000,124.80000000,126027536,126027539,1782914732004847,True,True
92255592,2.54000000,8.59000000,126027540,126027540,1782914732784837,True,True
92255593,2.55000000,117.62000000,126027541,126027541,1782914733089792,False,True
92255594,2.55000000,5.68000000,126027542,126027542,1782914767776218,True,True
92255595,2.55000000,8.30000000,126027543,126027543,1782914797774960,True,True
92255596,2.55000000,11.09000000,126027544,126027544,1782914822776478,True,True
92255597,2.55000000,3.39000000,126027545,126027545,1782914842995043,True,True
92255598,2.55000000,11.29000000,126027546,126027546,1782914852775516,True,True
92255599,2.55000000,10.79000000,126027547,126027547,1782914902791344,True,True
92255600,2.55000000,5.83000000,126027548,126027548,1782914927775446,True,True
92255601,2.56000000,254.30000000,126027549,126027554,1782914940484014,False,True
92255602,2.56000000,10.46000000,126027555,126027555,1782914957785274,True,True
92255603,2.56000000,3.82000000,126027556,126027556,1782914959276309,False,True
92255604,2.56000000,44.60000000,126027557,126027557,1782914961875712,True,True
92255605,2.56000000,62.10000000,126027558,126027558,1782914961876452,True,True
92255606,2.55000000,7.05000000,126027559,126027559,1782914964256203,True,True
92255607,2.55000000,12.34000000,126027560,126027560,1782914977776172,True,True
92255608,2.55000000,9.44000000,126027561,126027561,1782915022784088,True,True
92255609,2.56000000,122.56000000,126027562,126027562,1782915033031600,False,True
92255610,2.56000000,13.01000000,126027563,126027563,1782915057775853,True,True
92255611,2.56000000,11.62000000,126027564,126027564,1782915107774634,True,True
92255612,2.56000000,10.02000000,126027565,126027565,1782915127428226,True,True
92255613,2.57000000,3.86000000,126027566,126027566,1782915128055566,False,True
92255614,2.57000000,3.38000000,126027567,126027567,1782915128252243,False,True
92255615,2.57000000,15.89000000,126027568,126027568,1782915128254791,True,True
92255616,2.57000000,15.89000000,126027569,126027569,1782915128255027,True,True
92255617,2.57000000,15.89000000,126027570,126027570,1782915128255642,True,True
92255618,2.57000000,21.74000000,126027571,126027571,1782915128256965,True,True
92255619,2.57000000,3.11000000,126027572,126027572,1782915130422430,True,True
92255620,2.57000000,4.43000000,126027573,126027573,1782915137776148,True,True
92255621,2.57000000,5.54000000,126027574,126027574,1782915152774424,True,True
92255622,2.57000000,8.89000000,126027575,126027575,1782915187774739,True,True
92255623,2.57000000,29.05000000,126027576,126027576,1782915201870723,True,True
92255624,2.57000000,12.12000000,126027577,126027577,1782915217774538,True,True
92255625,2.58000000,235.09000000,126027578,126027583,1782915249590505,False,True
92255626,2.58000000,11.58000000,126027584,126027584,1782915252781007,True,True
92255627,2.58000000,10.09000000,126027585,126027585,1782915282775171,True,True
92255628,2.58000000,5.28000000,126027586,126027586,1782915317775003,True,True
92255629,2.58000000,13.14000000,126027587,126027587,1782915347782998,True,True
92255630,2.58000000,12.84000000,126027588,126027588,1782915382783407,True,True
92255631,2.58000000,10.98000000,126027589,126027589,1782915427781672,True,True
92255632,2.58000000,6.72000000,126027590,126027590,1782915467783814,True,True
92255633,2.58000000,5.74000000,126027591,126027591,1782915492787312,True,True
92255634,2.59000000,3.86000000,126027592,126027592,1782915514259646,False,True
92255635,2.59000000,99.02000000,126027593,126027594,1782915518446544,False,True
92255636,2.59000000,9.27000000,126027595,126027595,1782915522775486,True,True
92255637,2.59000000,99.81000000,126027596,126027596,1782915525230956,True,True
92255638,2.58000000,2.33000000,126027597,126027597,1782915541564873,True,True
92255639,2.58000000,6.97000000,126027598,126027598,1782915551647812,True,True
92255640,2.58000000,11.71000000,126027599,126027599,1782915552782057,True,True
92255641,2.59000000,34.88000000,126027600,126027600,1782915576957885,False,True
92255642,2.58000000,5.70000000,126027601,126027601,1782915582775232,True,True
92255643,2.58000000,6.24000000,126027602,126027602,1782915597775393,True,True
92255644,2.59000000,85.36000000,126027603,126027603,1782915605553884,False,True
92255645,2.59000000,8.90000000,126027604,126027604,1782915614459553,True,True
92255646,2.59000000,5.21000000,126027605,126027605,1782915617789444,True,True
92255647,2.59000000,5.48000000,126027606,126027606,1782915642777194,True,True
92255648,2.59000000,34.00000000,126027607,126027607,1782915654879128,True,True
92255649,2.59000000,34.00000000,126027608,126027608,1782915654879246,True,True
92255650,2.59000000,19.29000000,126027609,126027609,1782915654880207,True,True
92255651,2.58000000,8.04000000,126027610,126027610,1782915672779604,True,True
92255652,2.58000000,9.30000000,126027611,126027611,1782915692774901,True,True
92255653,2.59000000,94.96000000,126027612,126027612,1782915712414015,False,True
92255654,2.58000000,9.30000000,126027613,126027613,1782915727775718,True,True
92255655,2.58000000,19.74000000,126027614,126027614,1782915742824195,True,True
92255656,2.58000000,13.14000000,126027615,126027617,1782915752775157,True,True
92255657,2.58000000,8.12000000,126027618,126027618,1782915792780918,True,True
92255658,2.58000000,6.74000000,126027619,126027619,1782915822775153,True,True
92255659,2.58000000,8.01000000,126027620,126027620,1782915842783040,True,True
92255660,2.58000000,6.43000000,126027621,126027621,1782915872777382,True,True
92255661,2.58000000,8.19000000,126027622,126027622,1782915903017884,True,True
92255662,2.58000000,12.31000000,126027623,126027623,1782915922783161,True,True
92255663,2.58000000,5.92000000,126027624,126027624,1782915962791556,True,True
92255664,2.58000000,7.55000000,126027625,126027625,1782915987783849,True,True
92255665,2.58000000,8.68000000,126027626,126027626,1782916017784405,True,True
92255666,2.58000000,6.11000000,126027627,126027627,1782916057790319,True,True
92255667,2.58000000,8.54000000,126027628,126027629,1782916072775752,True,True
92255668,2.58000000,7.44000000,126027630,126027630,1782916097784026,True,True
92255669,2.58000000,22.53000000,126027631,126027631,1782916115201003,True,True
92255670,2.58000000,9.55000000,126027632,126027632,1782916117782211,True,True
92255671,2.58000000,11.20000000,126027633,126027633,1782916147774964,True,True
92255672,2.58000000,8.72000000,126027634,126027634,1782916197784230,True,True
92255673,2.58000000,6.69000000,126027635,126027635,1782916232781546,True,True
92255674,2.58000000,9.21000000,126027636,126027636,1782916257789492,True,True
92255675,2.58000000,10.58000000,126027637,126027637,1782916282780508,True,True
92255676,2.58000000,5.82000000,126027638,126027638,1782916307791471,True,True
92255677,2.58000000,7.99000000,126027639,126027639,1782916342776402,True,True
92255678,2.58000000,684.20000000,126027640,126027646,1782916342780175,True,True
92255679,2.58000000,11.27000000,126027647,126027647,1782916372782500,True,True
92255680,2.58000000,7.81000000,126027648,126027648,1782916384504049,True,True
92255681,2.57000000,5.59000000,126027649,126027649,1782916397775607,True,True
92255682,2.57000000,11.89000000,126027650,126027650,1782916427776416,True,True
92255683,2.57000000,5.44000000,126027651,126027651,1782916462777071,True,True
92255684,2.57000000,11.48000000,126027652,126027653,1782916472777573,True,True
92255685,2.58000000,80.17000000,126027654,126027655,1782916502774349,False,True
92255686,2.58000000,34.56000000,126027656,126027656,1782916502775542,False,True
92255687,2.58000000,9.67000000,126027657,126027657,1782916502779540,True,True
92255688,2.58000000,9.67000000,126027658,126027658,1782916502779543,True,True
92255689,2.58000000,4.53000000,126027659,126027659,1782916517775909,True,True
92255690,2.57000000,11.31000000,126027660,126027661,1782916537775592,True,True
92255691,2.58000000,34.10000000,126027662,126027662,1782916551472016,True,True
92255692,2.58000000,34.09000000,126027663,126027663,1782916551472264,True,True
92255693,2.58000000,19.40000000,126027664,126027664,1782916551472324,True,True
92255694,2.57000000,10.94000000,126027665,126027665,1782916572775280,True,True
92255695,2.58000000,34.89000000,126027666,126027666,1782916594572953,False,True
92255696,2.57000000,10.30000000,126027667,126027667,1782916612776593,True,True
92255697,2.58000000,86.33000000,126027668,126027668,1782916622455885,False,True
92255698,2.58000000,9.29000000,126027669,126027669,1782916642774963,True,True
92255699,2.57000000,11.20000000,126027670,126027670,1782916652461585,True,True
92255700,2.58000000,5.27000000,126027671,126027671,1782916687797719,True,True
92255701,2.58000000,6.69000000,126027672,126027672,1782916702775803,True,True
92255702,2.58000000,9.37000000,126027673,126027673,1782916722775666,True,True
92255703,2.58000000,9.96000000,126027674,126027674,1782916747781321,True,True
92255704,2.58000000,12.54000000,126027675,126027675,1782916782775008,True,True
92255705,2.58000000,6.66000000,126027676,126027676,1782916822784812,True,True
92255706,2.58000000,4.59000000,126027677,126027677,1782916823816863,True,True
92255707,2.58000000,6.60000000,126027678,126027678,1782916852776149,True,True
92255708,2.58000000,7.77000000,126027679,126027679,1782916877777349,True,True
92255709,2.58000000,8.89000000,126027680,126027680,1782916907782475,True,True
92255710,2.58000000,6.95000000,126027681,126027681,1782916937775251,True,True
92255711,2.58000000,11.39000000,126027682,126027682,1782916962775481,True,True
92255712,2.58000000,11.97000000,126027683,126027684,1782916997792089,True,True
92255713,2.58000000,11.87000000,126027685,126027685,1782917032783980,True,True
92255714,2.58000000,244.79000000,126027686,126027688,1782917072168849,True,True
92255715,2.57000000,6.93000000,126027689,126027689,1782917072776446,True,True
92255716,2.57000000,6.47000000,126027690,126027690,1782917097783740,True,True
92255717,2.57000000,11.22000000,126027691,126027691,1782917117779399,True,True
92255718,2.58000000,269.75000000,126027692,126027694,1782917122308048,False,True
92255719,2.57000000,7.37000000,126027695,126027695,1782917167784743,True,True
92255720,2.57000000,4.94000000,126027696,126027696,1782917182779042,True,True
92255721,2.57000000,12.80000000,126027697,126027697,1782917212786481,True,True
92255722,2.57000000,6.63000000,126027698,126027698,1782917247788698,True,True
92255723,2.57000000,11.16000000,126027699,126027701,1782917262784884,True,True
92255724,2.58000000,383.38000000,126027702,126027704,1782917266038275,False,True
92255725,2.58000000,6.44000000,126027705,126027705,1782917267257073,True,True
92255726,2.58000000,16.68000000,126027706,126027706,1782917267267037,True,True
92255727,2.58000000,2.35000000,126027707,126027707,1782917267268053,True,True
92255728,2.58000000,6.16000000,126027708,126027708,1782917267268086,True,True
92255729,2.58000000,2.30000000,126027709,126027709,1782917267268179,True,True
92255730,2.58000000,14.36000000,126027710,126027710,1782917267271353,True,True
92255731,2.59000000,1.93000000,126027711,126027711,1782917308333245,False,True
92255732,2.58000000,10.65000000,126027712,126027712,1782917312785178,True,True
92255733,2.58000000,11.46000000,126027713,126027713,1782917337779331,True,True
92255734,2.58000000,10.04000000,126027714,126027714,1782917377777685,True,True
92255735,2.58000000,5.92000000,126027715,126027715,1782917417778269,True,True
92255736,2.58000000,9.25000000,126027716,126027716,1782917437775855,True,True
92255737,2.58000000,12.11000000,126027717,126027717,1782917477784657,True,True
92255738,2.58000000,4.52000000,126027718,126027718,1782917507782185,True,True
92255739,2.58000000,6.15000000,126027719,126027719,1782917527784482,True,True
92255740,2.59000000,3.23000000,126027720,126027720,1782917534277669,False,True
92255741,2.58000000,12.59000000,126027721,126027721,1782917542776061,True,True
92255742,2.58000000,8.37000000,126027722,126027722,1782917587776358,True,True
92255743,2.58000000,10.12000000,126027723,126027724,1782917603969851,True,True
92255744,2.58000000,11.10000000,126027725,126027725,1782917617776858,True,True
92255745,2.59000000,9.96000000,126027726,126027726,1782917625283741,False,True
92255746,2.58000000,10.54000000,126027727,126027727,1782917657777718,True,True
92255747,2.58000000,7.46000000,126027728,126027728,1782917697777714,True,True
92255748,2.58000000,11.81000000,126027729,126027729,1782917717776935,True,True
92255749,2.58000000,10.34000000,126027730,126027730,1782917757783750,True,True
92255750,2.58000000,10.12000000,126027731,126027731,1782917792778332,True,True
92255751,2.59000000,3.46000000,126027732,126027732,1782917800420402,False,True
92255752,2.58000000,8.17000000,126027733,126027733,1782917827783319,True,True
92255753,2.58000000,10.99000000,126027734,126027734,1782917857776383,True,True
92255754,2.58000000,10.12000000,126027735,126027736,1782917892794483,True,True
92255755,2.58000000,9.45000000,126027737,126027737,1782917937785847,True,True
92255756,2.58000000,8.03000000,126027738,126027738,1782917957776590,True,True
92255757,2.58000000,12.30000000,126027739,126027739,1782917987783355,True,True
92255758,2.58000000,9.20000000,126027740,126027740,1782918032777278,True,True
92255759,2.58000000,4.49000000,126027741,126027741,1782918062778577,True,True
92255760,2.58000000,12.17000000,126027742,126027742,1782918087777851,True,True
92255761,2.59000000,3.86000000,126027743,126027743,1782918113394804,False,True
92255762,2.58000000,10.88000000,126027744,126027744,1782918122785874,True,True
92255763,2.58000000,9.46000000,126027745,126027745,1782918157777059,True,True
92255764,2.59000000,34.88000000,126027746,126027746,1782918162402110,False,True
92255765,2.59000000,63.53000000,126027747,126027748,1782918167777737,False,True
92255766,2.59000000,52.43000000,126027749,126027749,1782918167778567,False,True
92255767,2.59000000,7.24000000,126027750,126027750,1782918167779001,False,True
92255768,2.59000000,7.70000000,126027751,126027751,1782918192778211,True,True
