13446132,0.04060000,26401.40000000,21779865,21779875,1782864023401650,False,True
13446133,0.04060000,25253.80000000,21779876,21779882,1782864030431040,True,True
13446134,0.04060000,4925.40000000,21779883,21779883,1782864035424884,False,True
13446135,0.04060000,38668.60000000,21779884,21779888,1782864035426532,False,True
13446136,0.04070000,998.70000000,21779889,21779889,1782864035503347,False,True
13446137,0.04070000,2516.40000000,21779890,21779890,1782864035503651,False,True
13446138,0.04070000,14000.00000000,21779891,21779894,1782864035587657,False,True
13446139,0.04070000,5400.70000000,21779895,21779895,1782864035589843,False,True
13446140,0.04080000,36219.30000000,21779896,21779899,1782864037795442,False,True
13446141,0.04090000,625.00000000,21779900,21779900,1782864037872752,False,True
13446142,0.04090000,21102.70000000,21779901,21779902,1782864037882875,False,True
13446143,0.04090000,2762.20000000,21779903,21779903,1782864037886436,True,True
13446144,0.04090000,451.20000000,21779904,21779905,1782864037942608,False,True
13446145,0.04100000,1212.20000000,21779906,21779906,1782864037945033,False,True
13446146,0.04090000,243.00000000,21779907,21779907,1782864037951315,True,True
13446147,0.04090000,758.80000000,21779908,21779910,1782864038956245,True,True
13446148,0.04090000,293.30000000,21779911,21779911,1782864039026615,True,True
13446149,0.04090000,1235.00000000,21779912,21779914,1782864040599452,True,True
13446150,0.04090000,1513.90000000,21779915,21779916,1782864055499211,False,True
13446151,0.04090000,7471.20000000,21779917,21779918,1782864055500165,False,True
13446152,0.04100000,8526.00000000,21779919,21779920,1782864055542740,False,True
13446153,0.04110000,3825.00000000,21779921,21779921,1782864055551153,False,True
13446154,0.04120000,2459.50000000,21779922,21779923,1782864055551153,False,True
13446155,0.04110000,800.80000000,21779924,21779924,1782864055552651,True,True
13446156,0.04110000,800.90000000,21779925,21779925,1782864055553453,True,True
13446157,0.04120000,5859.70000000,21779926,21779928,1782864055559521,False,True
13446158,0.04130000,3157.60000000,21779929,21779931,1782864055559521,False,True
13446159,0.04120000,3510.80000000,21779932,21779932,1782864055560699,True,True
13446160,0.04110000,3510.80000000,21779933,21779933,1782864055560794,True,True
13446161,0.04110000,799.00000000,21779934,21779934,1782864055560914,True,True
13446162,0.04110000,799.00000000,21779935,21779936,1782864055561640,True,True
13446163,0.04110000,366.10000000,21779937,21779937,1782864055562072,True,True
13446164,0.04110000,799.00000000,21779938,21779938,1782864055562124,True,True
13446165,0.04120000,3825.00000000,21779939,21779939,1782864055564038,False,True
13446166,0.04120000,10.00000000,21779940,21779940,1782864055564942,False,True
13446167,0.04120000,8104.30000000,21779941,21779942,1782864055580016,True,True
13446168,0.04110000,10832.70000000,21779943,21779947,1782864055580016,True,True
13446169,0.04100000,12063.00000000,21779948,21779951,1782864055580016,True,True
13446170,0.04120000,243.00000000,21779952,21779952,1782864055585176,False,True
13446171,0.04120000,243.00000000,21779953,21779953,1782864055585370,False,True
13446172,0.04120000,3825.00000000,21779954,21779955,1782864055585578,False,True
13446173,0.04120000,179.30000000,21779956,21779956,1782864055585695,False,True
13446174,0.04130000,7826.30000000,21779957,21779959,1782864055585695,False,True
13446175,0.04120000,3742.50000000,21779960,21779960,1782864055586655,False,True
13446176,0.04120000,3825.00000000,21779961,21779962,1782864055587733,False,True
13446177,0.04120000,874.90000000,21779963,21779963,1782864055588033,False,True
13446178,0.04130000,6004.20000000,21779964,21779965,1782864055627485,False,True
13446179,0.04130000,2439.30000000,21779966,21779966,1782864055628831,False,True
13446180,0.04120000,394.30000000,21779967,21779967,1782864055666643,True,True
13446181,0.04130000,1043.20000000,21779968,21779968,1782864055678333,False,True
13446182,0.04130000,126.90000000,21779969,21779969,1782864055717327,False,True
13446183,0.04130000,5800.00000000,21779970,21779971,1782864055720477,False,True
13446184,0.04130000,7800.00000000,21779972,21779974,1782864055882477,False,True
13446185,0.04130000,724.60000000,21779975,21779975,1782864057208272,True,True
13446186,0.04130000,724.60000000,21779976,21779976,1782864057208397,True,True
13446187,0.04130000,233.70000000,21779977,21779977,1782864057209546,True,True
13446188,0.04130000,748.70000000,21779978,21779979,1782864057211123,True,True
13446189,0.04130000,748.70000000,21779980,21779980,1782864057211246,True,True
13446190,0.04130000,1038.50000000,21779981,21779981,1782864057212808,True,True
13446191,0.04130000,1038.50000000,21779982,21779982,1782864057214335,True,True
13446192,0.04130000,1038.50000000,21779983,21779983,1782864057215444,True,True
13446193,0.04130000,1038.50000000,21779984,21779984,1782864057216813,True,True
13446194,0.04130000,644.30000000,21779985,21779985,1782864057219334,True,True
13446195,0.04130000,1682.90000000,21779986,21779988,1782864057221497,True,True
13446196,0.04130000,1038.50000000,21779989,21779989,1782864057222046,True,True
13446197,0.04130000,644.20000000,21779990,21779990,1782864057223396,True,True
13446198,0.04130000,1038.50000000,21779991,21779991,1782864057223496,True,True
13446199,0.04130000,644.20000000,21779992,21779992,1782864057225662,True,True
13446200,0.04130000,1682.90000000,21779993,21779994,1782864057227297,True,True
13446201,0.04130000,1682.90000000,21779995,21779995,1782864057228339,True,True
13446202,0.04130000,6149.50000000,21779996,21779999,1782864058568230,True,True
13446203,0.04130000,241.80000000,21780000,21780000,1782864058638129,True,True
13446204,0.04130000,1682.90000000,21780001,21780003,1782864060001518,True,True
13446205,0.04130000,16.80000000,21780004,21780004,1782864060001657,True,True
13446206,0.04120000,707.80000000,21780005,21780005,1782864060001657,True,True
13446207,0.04120000,799.00000000,21780006,21780006,1782864060001763,True,True
13446208,0.04130000,290.50000000,21780007,21780007,1782864065988194,True,True
13446209,0.04130000,0.30000000,21780008,21780008,1782864066060409,False,True
13446210,0.04130000,724.60000000,21780009,21780009,1782864066063570,True,True
13446211,0.04130000,358.60000000,21780010,21780010,1782864066064118,True,True
13446212,0.04130000,724.60000000,21780011,21780011,1782864066064567,True,True
13446213,0.04130000,532.50000000,21780012,21780012,1782864066064952,True,True
13446214,0.04130000,425.60000000,21780013,21780013,1782864066066571,True,True
13446215,0.04130000,1059.10000000,21780014,21780014,1782864066093807,True,True
13446216,0.04130000,290.50000000,21780015,21780015,1782864066096219,True,True
13446217,0.04120000,434.10000000,21780016,21780016,1782864066096219,True,True
13446218,0.04130000,724.60000000,21780017,21780017,1782864066096998,True,True
13446219,0.04130000,233.60000000,21780018,21780018,1782864066097741,True,True
13446220,0.04130000,724.60000000,21780019,21780019,1782864066098334,True,True
13446221,0.04130000,724.60000000,21780020,21780020,1782864066134210,True,True
13446222,0.04130000,724.60000000,21780021,21780021,1782864066135194,True,True
13446223,0.04130000,772.80000000,21780022,21780023,1782864066135409,True,True
13446224,0.04130000,233.70000000,21780024,21780025,1782864066135620,True,True
13446225,0.04130000,724.60000000,21780026,21780026,1782864066137535,True,True
13446226,0.04130000,990.20000000,21780027,21780029,1782864066137799,True,True
13446227,0.04130000,185.40000000,21780030,21780030,1782864066138018,True,True
13446228,0.04130000,692.60000000,21780031,21780032,1782864066139155,True,True
13446229,0.04130000,990.30000000,21780033,21780033,1782864066140539,True,True
13446230,0.04130000,692.60000000,21780034,21780034,1782864066140796,True,True
13446231,0.04130000,724.60000000,21780035,21780035,1782864066141047,True,True
13446232,0.04130000,8175.90000000,21780036,21780038,1782864072278392,True,True
13446233,0.04130000,8882.80000000,21780039,21780042,1782864073571807,False,True
13446234,0.04120000,956.10000000,21780043,21780044,1782864076532359,True,True
13446235,0.04120000,4904.40000000,21780045,21780046,1782864076532489,True,True
13446236,0.04110000,10744.30000000,21780047,21780050,1782864078942927,True,True
13446237,0.04110000,291.90000000,21780051,21780051,1782864079011616,True,True
13446238,0.04110000,8496.40000000,21780052,21780054,1782864079835687,False,True
13446239,0.04110000,1763.20000000,21780055,21780056,1782864082923674,False,True
13446240,0.04110000,529.60000000,21780057,21780057,1782864082931288,False,True
13446241,0.04110000,12888.00000000,21780058,21780061,1782864089951735,False,True
13446242,0.04110000,1499.00000000,21780062,21780063,1782864089953586,False,True
13446243,0.04110000,4116.90000000,21780064,21780065,1782864091313381,False,True
13446244,0.04110000,182.80000000,21780066,21780066,1782864092248003,False,True
13446245,0.04110000,109.10000000,21780067,21780067,1782864092248060,False,True
13446246,0.04110000,5357.60000000,21780068,21780069,1782864093536228,True,True
13446247,0.04110000,291.90000000,21780070,21780070,1782864095388470,False,True
13446248,0.04120000,754.20000000,21780071,21780071,1782864095444390,False,True
13446249,0.04130000,5007.00000000,21780072,21780073,1782864095460328,False,True
13446250,0.04130000,129.10000000,21780074,21780074,1782864095460962,False,True
13446251,0.04140000,6009.00000000,21780075,21780076,1782864095498386,False,True
13446252,0.04130000,5365.50000000,21780077,21780079,1782864095930793,True,True
13446253,0.04130000,503.60000000,21780080,21780080,1782864095933858,True,True
13446254,0.04130000,7500.00000000,21780081,21780081,1782864095935433,True,True
13446255,0.04130000,503.60000000,21780082,21780082,1782864095937474,True,True
13446256,0.04120000,1682.90000000,21780083,21780083,1782864095940105,True,True
13446257,0.04120000,28554.10000000,21780084,21780091,1782864095962228,True,True
13446258,0.04130000,170.30000000,21780092,21780092,1782864096716609,False,True
13446259,0.04130000,290.50000000,21780093,21780093,1782864098350985,True,True
13446260,0.04130000,1381.40000000,21780094,21780095,1782864098978522,False,True
13446261,0.04130000,749.50000000,21780096,21780096,1782864098979913,False,True
13446262,0.04130000,4503.60000000,21780097,21780097,1782864099041321,True,True
13446263,0.04140000,16163.50000000,21780098,21780102,1782864099042962,False,True
13446264,0.04140000,6015.90000000,21780103,21780104,1782864099044215,False,True
13446265,0.04140000,12398.50000000,21780105,21780109,1782864100422301,False,True
13446266,0.04130000,6057.30000000,21780110,21780112,1782864101711766,True,True
13446267,0.04130000,290.50000000,21780113,21780113,1782864101938107,True,True
13446268,0.04130000,4115.50000000,21780114,21780115,1782864105087483,False,True
13446269,0.04130000,9280.50000000,21780116,21780119,1782864106720946,True,True
13446270,0.04130000,169.00000000,21780120,21780120,1782864109065417,False,True
13446271,0.04120000,5356.90000000,21780121,21780122,1782864111327833,True,True
13446272,0.04120000,4825.00000000,21780123,21780124,1782864119249852,False,True
13446273,0.04120000,291.20000000,21780125,21780125,1782864120289850,False,True
13446274,0.04120000,1000.00000000,21780126,21780126,1782864120294131,False,True
13446275,0.04130000,3222.00000000,21780127,21780127,1782864131203000,False,True
13446276,0.04130000,490.50000000,21780128,21780129,1782864135078238,True,True
13446277,0.04130000,290.50000000,21780130,21780130,1782864135146605,True,True
13446278,0.04130000,290.50000000,21780131,21780131,1782864135172040,True,True
13446279,0.04130000,290.50000000,21780132,21780132,1782864138663428,True,True
13446280,0.04130000,290.50000000,21780133,21780133,1782864138733281,True,True
13446281,0.04130000,1581.30000000,21780134,21780136,1782864143646411,False,True
13446282,0.04140000,5999.10000000,21780137,21780138,1782864143780235,False,True
13446283,0.04150000,11894.70000000,21780139,21780141,1782864145296857,False,True
13446284,0.04160000,4103.80000000,21780142,21780142,1782864145348951,False,True
13446285,0.04160000,4263.30000000,21780143,21780143,1782864145992136,False,True
13446286,0.04160000,757.00000000,21780144,21780144,1782864145993467,False,True
13446287,0.04160000,378.50000000,21780145,21780145,1782864146021250,False,True
13446288,0.04160000,189.20000000,21780146,21780146,1782864146022439,False,True
13446289,0.04160000,5406.20000000,21780147,21780147,1782864146035930,False,True
13446290,0.04160000,29301.90000000,21780148,21780148,1782864146035948,False,True
13446291,0.04170000,4263.30000000,21780149,21780149,1782864146221648,False,True
13446292,0.04170000,19147.20000000,21780150,21780154,1782864146223539,False,True
13446293,0.04170000,498.80000000,21780155,21780155,1782864146254463,True,True
13446294,0.04170000,287.70000000,21780156,21780156,1782864146344076,True,True
13446295,0.04180000,14927.30000000,21780157,21780159,1782864146591750,False,True
13446296,0.04180000,368.60000000,21780160,21780160,1782864146800129,False,True
13446297,0.04180000,3858.90000000,21780161,21780162,1782864147050328,False,True
13446298,0.04180000,6243.40000000,21780163,21780164,1782864147071441,False,True
13446299,0.04190000,55111.60000000,21780165,21780176,1782864147071441,False,True
13446300,0.04200000,33657.00000000,21780177,21780180,1782864147071441,False,True
13446301,0.04180000,4104.20000000,21780181,21780182,1782864147073649,True,True
13446302,0.04180000,1142.50000000,21780183,21780183,1782864147074192,True,True
13446303,0.04200000,3018.50000000,21780184,21780184,1782864147223189,False,True
13446304,0.04200000,33724.20000000,21780185,21780190,1782864147373007,False,True
13446305,0.04210000,55673.80000000,21780191,21780206,1782864147373007,False,True
13446306,0.04210000,5614.00000000,21780207,21780207,1782864147374580,True,True
13446307,0.04200000,7109.00000000,21780208,21780209,1782864147376957,False,True
13446308,0.04190000,5614.00000000,21780210,21780211,1782864147377277,True,True
13446309,0.04200000,3250.20000000,21780212,21780212,1782864147473937,False,True
13446310,0.04200000,11922.20000000,21780213,21780216,1782864147667579,False,True
13446311,0.04210000,24837.30000000,21780217,21780222,1782864147667579,False,True
13446312,0.04210000,10746.50000000,21780223,21780223,1782864147669088,True,True
13446313,0.04200000,2132.70000000,21780224,21780224,1782864147669971,True,True
13446314,0.04200000,213.60000000,21780225,21780225,1782864147670581,True,True
13446315,0.04200000,1478.70000000,21780226,21780226,1782864147670982,True,True
13446316,0.04190000,183.90000000,21780227,21780227,1782864147670982,True,True
13446317,0.04200000,237.80000000,21780228,21780228,1782864147674179,True,True
13446318,0.04200000,7408.10000000,21780229,21780230,1782864148736712,True,True
13446319,0.04200000,285.70000000,21780231,21780231,1782864148785491,True,True
13446320,0.04200000,285.70000000,21780232,21780232,1782864148856127,True,True
13446321,0.04200000,285.70000000,21780233,21780233,1782864149110788,False,True
13446322,0.04210000,3612.60000000,21780234,21780234,1782864149110788,False,True
13446323,0.04210000,3898.30000000,21780235,21780237,1782864149291966,False,True
13446324,0.04200000,4110.70000000,21780238,21780239,1782864149320904,True,True
13446325,0.04190000,40092.60000000,21780240,21780246,1782864149320904,True,True
13446326,0.04210000,3268.50000000,21780247,21780249,1782864149450019,False,True
13446327,0.04210000,12575.40000000,21780250,21780254,1782864149522320,False,True
13446328,0.04220000,8084.50000000,21780255,21780256,1782864149522320,False,True
13446329,0.04200000,831.20000000,21780257,21780257,1782864149524568,True,True
13446330,0.04200000,805.60000000,21780258,21780258,1782864149524790,True,True
13446331,0.04200000,805.60000000,21780259,21780259,1782864149526552,True,True
13446332,0.04200000,831.20000000,21780260,21780260,1782864149532687,True,True
13446333,0.04220000,3573.60000000,21780261,21780262,1782864149730719,False,True
13446334,0.04220000,4000.00000000,21780263,21780264,1782864149745429,False,True
13446335,0.04220000,3863.30000000,21780265,21780266,1782864149962101,False,True
13446336,0.04220000,3863.20000000,21780267,21780272,1782864150521668,False,True
13446337,0.04210000,132.70000000,21780273,21780273,1782864151384218,True,True
13446338,0.04220000,284.30000000,21780274,21780274,1782864151414835,False,True
13446339,0.04230000,5686.60000000,21780275,21780275,1782864151414835,False,True
13446340,0.04220000,3825.00000000,21780276,21780276,1782864151610778,False,True
13446341,0.04230000,363.10000000,21780277,21780277,1782864151610778,False,True
13446342,0.04220000,236.00000000,21780278,21780278,1782864151681010,False,True
13446343,0.04230000,3365.70000000,21780279,21780279,1782864151821485,False,True
13446344,0.04230000,822.40000000,21780280,21780280,1782864151821953,False,True
13446345,0.04210000,11762.40000000,21780281,21780284,1782864151883689,True,True
13446346,0.04220000,3865.00000000,21780285,21780286,1782864152052204,False,True
13446347,0.04220000,1898.30000000,21780287,21780287,1782864152120870,False,True
13446348,0.04210000,1497.00000000,21780288,21780288,1782864152486061,True,True
13446349,0.04210000,1420.00000000,21780289,21780290,1782864153409261,True,True
13446350,0.04210000,4025.00000000,21780291,21780291,1782864153409555,True,True
13446351,0.04210000,165.80000000,21780292,21780292,1782864154914779,False,True
13446352,0.04200000,285.70000000,21780293,21780293,1782864156180939,True,True
13446353,0.04190000,7196.30000000,21780294,21780299,1782864156488687,True,True
13446354,0.04180000,535.50000000,21780300,21780300,1782864157818734,True,True
13446355,0.04190000,3093.20000000,21780301,21780306,1782864158306689,False,True
13446356,0.04180000,2862.00000000,21780307,21780307,1782864158987201,True,True
13446357,0.04180000,784.60000000,21780308,21780309,1782864158987436,True,True
13446358,0.04170000,1985.40000000,21780310,21780310,1782864158987436,True,True
13446359,0.04180000,7530.30000000,21780311,21780318,1782864162449934,False,True
13446360,0.04180000,159.00000000,21780319,21780319,1782864162889679,True,True
13446361,0.04180000,139.00000000,21780320,21780320,1782864162938445,True,True
13446362,0.04180000,2610.00000000,21780321,21780322,1782864165549785,True,True
13446363,0.04170000,663.40000000,21780323,21780324,1782864165642445,True,True
13446364,0.04160000,1048.00000000,21780325,21780325,1782864165645144,True,True
13446365,0.04160000,3077.00000000,21780326,21780328,1782864165645408,True,True
13446366,0.04160000,4140.90000000,21780329,21780330,1782864166112887,True,True
13446367,0.04150000,1800.00000000,21780331,21780331,1782864166213474,True,True
13446368,0.04150000,6400.00000000,21780332,21780334,1782864166283328,True,True
13446369,0.04150000,7400.00000000,21780335,21780338,1782864166353734,True,True
13446370,0.04150000,5065.70000000,21780339,21780339,1782864166397984,False,True
13446371,0.04160000,388.80000000,21780340,21780340,1782864166421499,False,True
13446372,0.04150000,180.60000000,21780341,21780341,1782864166491742,True,True
13446373,0.04150000,1249.30000000,21780342,21780342,1782864166571902,True,True
13446374,0.04150000,7865.50000000,21780343,21780345,1782864169428935,True,True
13446375,0.04140000,161.40000000,21780346,21780346,1782864169428935,True,True
13446376,0.04150000,4779.00000000,21780347,21780347,1782864169430436,False,True
13446377,0.04150000,4000.00000000,21780348,21780348,1782864169431221,True,True
13446378,0.04160000,873.20000000,21780349,21780349,1782864171345264,False,True
13446379,0.04160000,2073.80000000,21780350,21780350,1782864171351001,False,True
13446380,0.04160000,9649.10000000,21780351,21780355,1782864171352302,False,True
13446381,0.04160000,237.10000000,21780356,21780356,1782864171722724,True,True
13446382,0.04150000,4035.30000000,21780357,21780358,1782864174971949,True,True
13446383,0.04150000,21264.10000000,21780359,21780364,1782864178376567,False,True
13446384,0.04150000,6444.00000000,21780365,21780366,1782864179555034,True,True
13446385,0.04150000,15324.40000000,21780367,21780369,1782864182137391,True,True
13446386,0.04150000,5065.70000000,21780370,21780370,1782864182688345,False,True
13446387,0.04160000,27883.70000000,21780371,21780375,1782864185081394,False,True
13446388,0.04160000,4342.50000000,21780376,21780376,1782864185086195,True,True
13446389,0.04160000,10000.00000000,21780377,21780377,1782864185087591,True,True
13446390,0.04160000,288.40000000,21780378,21780378,1782864186156815,False,True
13446391,0.04170000,16085.30000000,21780379,21780387,1782864186156952,False,True
13446392,0.04170000,4724.40000000,21780388,21780388,1782864186162827,True,True
13446393,0.04170000,5275.60000000,21780389,21780389,1782864186163311,True,True
13446394,0.04170000,4332.10000000,21780390,21780390,1782864186163584,True,True
13446395,0.04160000,5035.20000000,21780391,21780392,1782864187508670,True,True
13446396,0.04160000,235.40000000,21780393,21780393,1782864188123870,False,True
13446397,0.04160000,20000.00000000,21780394,21780394,1782864194077172,True,True
13446398,0.04160000,4731.10000000,21780395,21780396,1782864194078275,True,True
13446399,0.04170000,1787.70000000,21780397,21780398,1782864197690409,False,True
13446400,0.04170000,864.10000000,21780399,21780401,1782864198207104,True,True
13446401,0.04170000,6369.20000000,21780402,21780406,1782864199550784,False,True
13446402,0.04170000,24950.50000000,21780407,21780407,1782864199552799,True,True
13446403,0.04170000,287.70000000,21780408,21780408,1782864199622061,True,True
13446404,0.04160000,3222.00000000,21780409,21780409,1782864210836754,True,True
13446405,0.04170000,2542.80000000,21780410,21780413,1782864215528407,False,True
13446406,0.04180000,776.40000000,21780414,21780414,1782864216296776,False,True
13446407,0.04180000,287.00000000,21780415,21780415,1782864216298119,True,True
13446408,0.04180000,287.00000000,21780416,21780416,1782864216370265,True,True
13446409,0.04180000,287.00000000,21780417,21780417,1782864216426816,True,True
13446410,0.04180000,287.00000000,21780418,21780418,1782864216451552,True,True
13446411,0.04180000,287.00000000,21780419,21780419,1782864216487448,True,True
13446412,0.04180000,4394.10000000,21780420,21780422,1782864217958163,False,True
13446413,0.04180000,3537.30000000,21780423,21780423,1782864218751518,True,True
13446414,0.04180000,6749.70000000,21780424,21780425,1782864218751567,True,True
13446415,0.04170000,27413.70000000,21780426,21780429,1782864224090868,True,True
13446416,0.04150000,5065.70000000,21780430,21780430,1782864243029018,False,True
13446417,0.04150000,289.10000000,21780431,21780431,1782864247438732,True,True
13446418,0.04140000,331.60000000,21780432,21780433,1782864247819414,True,True
13446419,0.04140000,289.80000000,21780434,21780434,1782864252014096,True,True
13446420,0.04130000,24427.10000000,21780435,21780439,1782864252014096,True,True
13446421,0.04140000,950.20000000,21780440,21780440,1782864253386702,False,True
13446422,0.04150000,1445.80000000,21780441,21780441,1782864253386702,False,True
13446423,0.04140000,289.80000000,21780442,21780442,1782864253729169,True,True
13446424,0.04140000,12111.60000000,21780443,21780446,1782864260212670,False,True
13446425,0.04140000,1500.00000000,21780447,21780447,1782864260217202,False,True
13446426,0.04140000,289.80000000,21780448,21780448,1782864260295466,False,True
13446427,0.04140000,289.80000000,21780449,21780449,1782864260320535,False,True
13446428,0.04140000,289.80000000,21780450,21780450,1782864260349079,False,True
13446429,0.04140000,289.80000000,21780451,21780451,1782864260371473,False,True
13446430,0.04140000,289.80000000,21780452,21780452,1782864260402004,False,True
13446431,0.04140000,289.80000000,21780453,21780453,1782864260428731,False,True
13446432,0.04150000,4600.40000000,21780454,21780454,1782864262970126,False,True
13446433,0.04150000,2376.10000000,21780455,21780460,1782864267547951,True,True
13446434,0.04140000,5167.20000000,21780461,21780468,1782864304308595,True,True
13446435,0.04130000,3825.00000000,21780469,21780471,1782864304310102,True,True
13446436,0.04130000,10330.60000000,21780472,21780474,1782864304313052,True,True
13446437,0.04130000,1069.00000000,21780475,21780476,1782864304313476,True,True
13446438,0.04120000,24181.80000000,21780477,21780482,1782864304321972,True,True
13446439,0.04120000,5283.40000000,21780483,21780483,1782864304333037,True,True
13446440,0.04120000,5283.40000000,21780484,21780484,1782864304358299,True,True
13446441,0.04120000,5283.40000000,21780485,21780485,1782864304384016,True,True
13446442,0.04120000,9349.90000000,21780486,21780489,1782864306091063,False,True
13446443,0.04120000,355.00000000,21780490,21780490,1782864306122028,False,True
13446444,0.04120000,291.20000000,21780491,21780491,1782864306123522,False,True
13446445,0.04120000,291.20000000,21780492,21780492,1782864306172654,False,True
13446446,0.04120000,291.20000000,21780493,21780493,1782864306218662,False,True
13446447,0.04120000,291.20000000,21780494,21780494,1782864306274768,False,True
13446448,0.04120000,291.20000000,21780495,21780495,1782864306304636,False,True
13446449,0.04120000,291.20000000,21780496,21780496,1782864306327545,False,True
13446450,0.04120000,291.20000000,21780497,21780497,1782864306352204,False,True
13446451,0.04120000,291.20000000,21780498,21780498,1782864306379479,False,True
13446452,0.04120000,291.20000000,21780499,21780499,1782864306402651,False,True
13446453,0.04120000,291.20000000,21780500,21780500,1782864306432883,False,True
13446454,0.04120000,291.20000000,21780501,21780501,1782864306456605,False,True
13446455,0.04120000,291.20000000,21780502,21780502,1782864306487900,False,True
13446456,0.04120000,291.20000000,21780503,21780503,1782864306510613,False,True
13446457,0.04130000,9531.50000000,21780504,21780506,1782864311161203,False,True
13446458,0.04130000,800.00000000,21780507,21780509,1782864311396591,True,True
13446459,0.04140000,11141.30000000,21780510,21780513,1782864317445999,False,True
13446460,0.04140000,3222.00000000,21780514,21780515,1782864325743380,True,True
13446461,0.04140000,10638.90000000,21780516,21780518,1782864330160254,False,True
13446462,0.04150000,10000.00000000,21780519,21780521,1782864332837443,False,True
13446463,0.04150000,5832.30000000,21780522,21780525,1782864332839743,False,True
13446464,0.04150000,289.10000000,21780526,21780526,1782864333089421,True,True
13446465,0.04140000,6289.80000000,21780527,21780530,1782864341819296,True,True
13446466,0.04140000,10638.90000000,21780531,21780533,1782864348607051,False,True
13446467,0.04140000,289.80000000,21780534,21780534,1782864352654426,False,True
13446468,0.04150000,1565.20000000,21780535,21780535,1782864352654426,False,True
13446469,0.04150000,2051.00000000,21780536,21780536,1782864352654499,False,True
13446470,0.04150000,1852.00000000,21780537,21780538,1782864352654613,False,True
13446471,0.04140000,1207.00000000,21780539,21780539,1782864362446188,False,True
13446472,0.04140000,289.80000000,21780540,21780540,1782864362571063,False,True
13446473,0.04150000,2160.20000000,21780541,21780541,1782864362571063,False,True
13446474,0.04140000,289.80000000,21780542,21780542,1782864363036045,False,True
13446475,0.04150000,3208.20000000,21780543,21780544,1782864363036045,False,True
13446476,0.04150000,3550.00000000,21780545,21780546,1782864363036187,False,True
13446477,0.04150000,3657.00000000,21780547,21780549,1782864363036208,False,True
13446478,0.04150000,25133.90000000,21780550,21780556,1782864363038119,False,True
13446479,0.04140000,9435.30000000,21780557,21780559,1782864371078229,True,True
13446480,0.04140000,289.80000000,21780560,21780560,1782864371147382,True,True
13446481,0.04140000,289.80000000,21780561,21780561,1782864371171247,True,True
13446482,0.04140000,289.80000000,21780562,21780562,1782864372899359,False,True
13446483,0.04140000,289.80000000,21780563,21780563,1782864396001643,False,True
13446484,0.04140000,289.80000000,21780564,21780564,1782864398251956,False,True
13446485,0.04140000,289.80000000,21780565,21780565,1782864398327104,False,True
13446486,0.04140000,289.80000000,21780566,21780566,1782864398376466,False,True
13446487,0.04140000,289.80000000,21780567,21780567,1782864398413079,False,True
13446488,0.04140000,289.80000000,21780568,21780568,1782864398436150,False,True
13446489,0.04140000,289.80000000,21780569,21780569,1782864398484268,False,True
13446490,0.04140000,289.80000000,21780570,21780570,1782864398513583,False,True
13446491,0.04140000,289.80000000,21780571,21780571,1782864398536763,False,True
13446492,0.04150000,2113.50000000,21780572,21780576,1782864401067917,False,True
13446493,0.04150000,289.10000000,21780577,21780577,1782864426887161,True,True
13446494,0.04150000,289.10000000,21780578,21780578,1782864426957901,False,True
13446495,0.04160000,29710.90000000,21780579,21780583,1782864426957901,False,True
13446496,0.04150000,289.10000000,21780584,21780584,1782864427546586,False,True
13446497,0.04160000,9363.30000000,21780585,21780588,1782864427546586,False,True
13446498,0.04160000,5237.30000000,21780589,21780590,1782864427553313,False,True
13446499,0.04170000,10614.30000000,21780591,21780596,1782864427605672,False,True
13446500,0.04170000,3897.90000000,21780597,21780597,1782864427607326,False,True
13446501,0.04160000,4542.30000000,21780598,21780598,1782864427653101,True,True
13446502,0.04160000,5407.00000000,21780599,21780599,1782864427655210,False,True
13446503,0.04160000,288.40000000,21780600,21780600,1782864427738370,False,True
13446504,0.04170000,4600.00000000,21780601,21780602,1782864428528045,False,True
13446505,0.04170000,287.70000000,21780603,21780603,1782864428774255,False,True
13446506,0.04180000,29712.30000000,21780604,21780608,1782864428774255,False,True
13446507,0.04180000,5361.10000000,21780609,21780612,1782864428776341,False,True
13446508,0.04180000,497.60000000,21780613,21780613,1782864428829668,True,True
13446509,0.04180000,497.60000000,21780614,21780614,1782864428832691,True,True
13446510,0.04170000,126.00000000,21780615,21780615,1782864428835329,True,True
13446511,0.04190000,22804.90000000,21780616,21780628,1782864428838064,False,True
13446512,0.04200000,15836.50000000,21780629,21780634,1782864428838064,False,True
13446513,0.04180000,785.70000000,21780635,21780635,1782864428839668,True,True
13446514,0.04180000,785.70000000,21780636,21780636,1782864428839712,True,True
13446515,0.04180000,601.40000000,21780637,21780637,1782864428840718,True,True
13446516,0.04180000,785.70000000,21780638,21780638,1782864428840871,True,True
13446517,0.04190000,5800.00000000,21780639,21780642,1782864429205289,False,True
13446518,0.04210000,7600.00000000,21780643,21780644,1782864429774553,False,True
13446519,0.04200000,5018.00000000,21780645,21780645,1782864429830854,True,True
13446520,0.04190000,17181.70000000,21780646,21780650,1782864429908707,True,True
13446521,0.04200000,3000.00000000,21780651,21780652,1782864429914932,False,True
13446522,0.04190000,286.30000000,21780653,21780653,1782864430087494,False,True
13446523,0.04180000,10000.00000000,21780654,21780656,1782864430288349,True,True
13446524,0.04190000,17073.10000000,21780657,21780660,1782864430293035,False,True
13446525,0.04200000,9126.90000000,21780661,21780663,1782864430293035,False,True
13446526,0.04200000,23709.30000000,21780664,21780674,1782864430297600,False,True
13446527,0.04210000,6290.70000000,21780675,21780677,1782864430297600,False,True
13446528,0.04190000,783.70000000,21780678,21780678,1782864430298915,True,True
13446529,0.04190000,783.80000000,21780679,21780679,1782864430299678,True,True
13446530,0.04200000,14591.20000000,21780680,21780689,1782864431942333,False,True
13446531,0.04210000,16741.80000000,21780690,21780695,1782864431942333,False,True
13446532,0.04220000,6932.20000000,21780696,21780699,1782864431942333,False,True
13446533,0.04190000,2558.50000000,21780700,21780700,1782864431944902,True,True
13446534,0.04190000,6398.10000000,21780701,21780702,1782864431944938,True,True
13446535,0.04190000,543.30000000,21780703,21780703,1782864431945387,True,True
13446536,0.04190000,597.00000000,21780704,21780705,1782864432064414,True,True
13446537,0.04190000,2119.00000000,21780706,21780706,1782864432095957,True,True
13446538,0.04190000,672.00000000,21780707,21780707,1782864432096073,True,True
13446539,0.04190000,1740.00000000,21780708,21780708,1782864432098522,True,True
13446540,0.04190000,2412.00000000,21780709,21780711,1782864432121324,True,True
13446541,0.04200000,19983.00000000,21780712,21780724,1782864432268231,False,True
13446542,0.04210000,10017.00000000,21780725,21780727,1782864432268231,False,True
13446543,0.04190000,5983.90000000,21780728,21780729,1782864432270613,True,True
13446544,0.04190000,2613.70000000,21780730,21780731,1782864432272337,True,True
13446545,0.04190000,2909.40000000,21780732,21780732,1782864432272653,True,True
13446546,0.04180000,4298.20000000,21780733,21780734,1782864432274766,True,True
13446547,0.04180000,480.80000000,21780735,21780735,1782864432275197,True,True
13446548,0.04190000,200.00000000,21780736,21780736,1782864433115539,True,True
13446549,0.04190000,397.00000000,21780737,21780737,1782864433192476,True,True
13446550,0.04190000,496.40000000,21780738,21780738,1782864433302867,True,True
13446551,0.04180000,652.00000000,21780739,21780739,1782864433304461,True,True
13446552,0.04180000,2115.00000000,21780740,21780740,1782864433304500,True,True
13446553,0.04180000,2151.00000000,21780741,21780742,1782864433304619,True,True
13446554,0.04180000,18988.00000000,21780743,21780744,1782864433310131,True,True
13446555,0.04190000,18092.70000000,21780745,21780753,1782864433670148,False,True
13446556,0.04200000,11907.30000000,21780754,21780759,1782864433670148,False,True
13446557,0.04180000,3365.80000000,21780760,21780760,1782864433672434,True,True
13446558,0.04180000,817.00000000,21780761,21780761,1782864433714962,True,True
13446559,0.04180000,1105.00000000,21780762,21780762,1782864433715248,True,True
13446560,0.04180000,11111.00000000,21780763,21780766,1782864433716576,True,True
13446561,0.04180000,1609.00000000,21780767,21780767,1782864433718183,True,True
13446562,0.04180000,288.00000000,21780768,21780768,1782864433719072,True,True
13446563,0.04180000,819.00000000,21780769,21780769,1782864433719206,True,True
13446564,0.04180000,1743.40000000,21780770,21780770,1782864433719417,True,True
13446565,0.04180000,5250.60000000,21780771,21780771,1782864433744592,True,True
13446566,0.04190000,2600.00000000,21780772,21780773,1782864433928606,False,True
13446567,0.04170000,200.00000000,21780774,21780774,1782864434059490,True,True
13446568,0.04170000,399.30000000,21780775,21780775,1782864434072827,True,True
13446569,0.04170000,556.90000000,21780776,21780776,1782864435110913,True,True
13446570,0.04180000,10113.90000000,21780777,21780783,1782864435332324,False,True
13446571,0.04190000,17080.10000000,21780784,21780790,1782864435332324,False,True
13446572,0.04200000,2806.00000000,21780791,21780791,1782864435332324,False,True
13446573,0.04190000,785.70000000,21780792,21780792,1782864435333839,True,True
13446574,0.04190000,3993.30000000,21780793,21780793,1782864435333899,True,True
13446575,0.04180000,785.70000000,21780794,21780794,1782864435333927,True,True
13446576,0.04180000,1012.40000000,21780795,21780795,1782864435334569,True,True
13446577,0.04180000,785.70000000,21780796,21780796,1782864435334946,True,True
13446578,0.04180000,3574.70000000,21780797,21780797,1782864435336355,True,True
13446579,0.04170000,2250.00000000,21780798,21780798,1782864435350427,True,True
13446580,0.04170000,2194.00000000,21780799,21780800,1782864435352442,True,True
13446581,0.04170000,1280.00000000,21780801,21780801,1782864435383634,True,True
13446582,0.04170000,2194.00000000,21780802,21780803,1782864435396427,True,True
13446583,0.04170000,2250.00000000,21780804,21780804,1782864435396516,True,True
13446584,0.04170000,2056.00000000,21780805,21780807,1782864435472274,True,True
13446585,0.04170000,2056.00000000,21780808,21780808,1782864435472490,True,True
13446586,0.04170000,2151.00000000,21780809,21780810,1782864435916544,True,True
13446587,0.04170000,874.00000000,21780811,21780811,1782864435918795,True,True
13446588,0.04170000,874.00000000,21780812,21780812,1782864435919087,True,True
13446589,0.04170000,200.00000000,21780813,21780813,1782864435960395,True,True
13446590,0.04170000,200.00000000,21780814,21780814,1782864435987565,True,True
13446591,0.04170000,1083.00000000,21780815,21780815,1782864436041294,True,True
13446592,0.04170000,2311.00000000,21780816,21780817,1782864436041618,True,True
13446593,0.04170000,864.00000000,21780818,21780818,1782864436048522,True,True
13446594,0.04170000,864.00000000,21780819,21780819,1782864436048593,True,True
13446595,0.04170000,200.00000000,21780820,21780820,1782864436084286,True,True
13446596,0.04170000,200.00000000,21780821,21780821,1782864436245935,True,True
13446597,0.04180000,14986.20000000,21780822,21780832,1782864436741161,False,True
13446598,0.04190000,15013.80000000,21780833,21780836,1782864436741161,False,True
13446599,0.04180000,4184.10000000,21780837,21780837,1782864436742700,True,True
13446600,0.04180000,4402.00000000,21780838,21780841,1782864436754621,False,True
13446601,0.04190000,16051.30000000,21780842,21780846,1782864436754621,False,True
13446602,0.04200000,18034.20000000,21780847,21780852,1782864436754621,False,True
13446603,0.04180000,785.70000000,21780853,21780854,1782864436756200,True,True
13446604,0.04180000,785.70000000,21780855,21780855,1782864436756246,True,True
13446605,0.04180000,785.70000000,21780856,21780856,1782864436756249,True,True
13446606,0.04180000,785.70000000,21780857,21780857,1782864436756969,True,True
13446607,0.04180000,354.00000000,21780858,21780858,1782864436757182,True,True
13446608,0.04180000,3871.90000000,21780859,21780860,1782864436757500,True,True
13446609,0.04180000,3825.00000000,21780861,21780862,1782864436758508,True,True
13446610,0.04180000,4747.40000000,21780863,21780863,1782864436758886,True,True
13446611,0.04180000,6102.60000000,21780864,21780865,1782864436761387,True,True
13446612,0.04180000,5930.40000000,21780866,21780866,1782864436762235,True,True
13446613,0.04170000,1413.00000000,21780867,21780868,1782864436763210,True,True
13446614,0.04170000,1504.00000000,21780869,21780869,1782864436763801,True,True
13446615,0.04180000,8635.80000000,21780870,21780875,1782864438716195,False,True
13446616,0.04190000,29908.60000000,21780876,21780884,1782864438716195,False,True
13446617,0.04180000,1201.30000000,21780885,21780885,1782864438719200,True,True
13446618,0.04180000,2823.10000000,21780886,21780886,1782864438719703,True,True
13446619,0.04190000,26893.60000000,21780887,21780895,1782864438733946,False,True
13446620,0.04200000,3106.40000000,21780896,21780896,1782864438733946,False,True
13446621,0.04180000,1001.90000000,21780897,21780897,1782864438750501,True,True
13446622,0.04180000,1615.00000000,21780898,21780898,1782864438938345,True,True
13446623,0.04180000,1615.00000000,21780899,21780900,1782864438947267,True,True
13446624,0.04180000,478.50000000,21780901,21780902,1782864438947314,True,True
13446625,0.04170000,1113.50000000,21780903,21780903,1782864438947314,True,True
13446626,0.04170000,1575.00000000,21780904,21780904,1782864438947519,True,True
13446627,0.04180000,896.80000000,21780905,21780907,1782864439634161,False,True
13446628,0.04170000,1837.00000000,21780908,21780909,1782864441043609,True,True
13446629,0.04170000,1837.00000000,21780910,21780911,1782864441046106,True,True
13446630,0.04180000,8014.10000000,21780912,21780922,1782864441303851,False,True
13446631,0.04180000,481.10000000,21780923,21780923,1782864441305229,False,True
13446632,0.04180000,3825.00000000,21780924,21780924,1782864441311628,True,True
13446633,0.04170000,913.00000000,21780925,21780925,1782864441312526,True,True
13446634,0.04170000,617.00000000,21780926,21780926,1782864441312871,True,True
13446635,0.04170000,539.00000000,21780927,21780927,1782864441313027,True,True
13446636,0.04180000,1530.00000000,21780928,21780928,1782864441314934,True,True
13446637,0.04180000,260.00000000,21780929,21780929,1782864441316047,True,True
13446638,0.04180000,664.00000000,21780930,21780930,1782864441345984,True,True
13446639,0.04180000,839.00000000,21780931,21780931,1782864441346295,True,True
13446640,0.04180000,205.00000000,21780932,21780932,1782864441349047,True,True
13446641,0.04180000,175.00000000,21780933,21780933,1782864441350938,True,True
13446642,0.04180000,1528.00000000,21780934,21780934,1782864441357751,True,True
13446643,0.04180000,427.00000000,21780935,21780935,1782864441358206,True,True
13446644,0.04180000,835.00000000,21780936,21780936,1782864441359351,True,True
13446645,0.04180000,243.60000000,21780937,21780937,1782864441359425,True,True
13446646,0.04170000,114.40000000,21780938,21780938,1782864441359425,True,True
13446647,0.04180000,1869.00000000,21780939,21780939,1782864441461782,True,True
13446648,0.04180000,290.00000000,21780940,21780940,1782864441461876,True,True
13446649,0.04180000,12794.40000000,21780941,21780943,1782864441463270,True,True
13446650,0.04170000,1599.00000000,21780944,21780945,1782864441465893,True,True
13446651,0.04170000,252.00000000,21780946,21780946,1782864441585282,True,True
13446652,0.04170000,1260.00000000,21780947,21780947,1782864442819464,True,True
13446653,0.04170000,2127.00000000,21780948,21780948,1782864442819810,True,True
13446654,0.04170000,1704.00000000,21780949,21780949,1782864443445378,True,True
13446655,0.04170000,867.00000000,21780950,21780950,1782864443445524,True,True
13446656,0.04170000,6576.60000000,21780951,21780956,1782864443447029,True,True
13446657,0.04160000,200.00000000,21780957,21780957,1782864443448123,True,True
13446658,0.04160000,2124.00000000,21780958,21780958,1782864443448979,True,True
13446659,0.04170000,769.00000000,21780959,21780960,1782864444901971,False,True
13446660,0.04170000,4321.70000000,21780961,21780961,1782864444904997,True,True
13446661,0.04160000,541.00000000,21780962,21780962,1782864444906620,True,True
13446662,0.04160000,541.00000000,21780963,21780963,1782864444906674,True,True
13446663,0.04170000,1671.20000000,21780964,21780964,1782864444952400,True,True
13446664,0.04170000,1168.60000000,21780965,21780967,1782864457108714,False,True
13446665,0.04170000,1171.40000000,21780968,21780970,1782864457302654,True,True
13446666,0.04160000,9640.00000000,21780971,21780973,1782864457308888,True,True
13446667,0.04170000,12193.20000000,21780974,21780979,1782864458286213,False,True
13446668,0.04180000,17806.80000000,21780980,21780984,1782864458286213,False,True
13446669,0.04170000,260.00000000,21780985,21780986,1782864462680322,False,True
13446670,0.04180000,29740.00000000,21780987,21780991,1782864462680322,False,True
13446671,0.04190000,18556.10000000,21780992,21780998,1782864464098173,False,True
13446672,0.04180000,515.00000000,21780999,21780999,1782864464118428,True,True
13446673,0.04180000,515.00000000,21781000,21781000,1782864464118559,True,True
13446674,0.04180000,10259.90000000,21781001,21781002,1782864464118986,True,True
13446675,0.04170000,197.00000000,21781003,21781003,1782864464120165,True,True
13446676,0.04170000,305.00000000,21781004,21781004,1782864464123420,True,True
13446677,0.04180000,897.00000000,21781005,21781005,1782864465053553,True,True
13446678,0.04180000,9333.50000000,21781006,21781007,1782864465055553,True,True
13446679,0.04180000,897.00000000,21781008,21781008,1782864465057042,True,True
13446680,0.04170000,1391.00000000,21781009,21781009,1782864465057371,True,True
13446681,0.04170000,612.00000000,21781010,21781010,1782864465057923,True,True
13446682,0.04170000,1536.00000000,21781011,21781012,1782864466360079,True,True
13446683,0.04170000,1536.00000000,21781013,21781013,1782864466360333,True,True
13446684,0.04170000,1536.00000000,21781014,21781014,1782864466363120,True,True
13446685,0.04170000,960.00000000,21781015,21781016,1782864467171086,True,True
13446686,0.04170000,960.00000000,21781017,21781017,1782864467173059,True,True
13446687,0.04170000,996.00000000,21781018,21781018,1782864467173068,True,True
13446688,0.04170000,287.70000000,21781019,21781019,1782864467322696,True,True
13446689,0.04160000,780.20000000,21781020,21781020,1782864467325219,True,True
13446690,0.04170000,439.00000000,21781021,21781022,1782864467729364,True,True
13446691,0.04170000,898.00000000,21781023,21781023,1782864467732349,True,True
13446692,0.04160000,843.00000000,21781024,21781025,1782864467733465,True,True
13446693,0.04170000,287.70000000,21781026,21781026,1782864467925594,True,True
13446694,0.04170000,287.70000000,21781027,21781027,1782864467987760,True,True
13446695,0.04170000,287.70000000,21781028,21781028,1782864468383261,True,True
13446696,0.04170000,167.00000000,21781029,21781029,1782864469771050,False,True
13446697,0.04170000,170.00000000,21781030,21781030,1782864469773134,False,True
13446698,0.04170000,167.80000000,21781031,21781031,1782864471859818,False,True
13446699,0.04170000,639.00000000,21781032,21781033,1782864476834631,True,True
13446700,0.04170000,639.00000000,21781034,21781034,1782864476834663,True,True
13446701,0.04170000,125.00000000,21781035,21781035,1782864476906799,True,True
13446702,0.04170000,125.00000000,21781036,21781036,1782864476908544,True,True
13446703,0.04170000,750.00000000,21781037,21781037,1782864476909510,True,True
13446704,0.04170000,15592.30000000,21781038,21781040,1782864479370213,False,True
13446705,0.04180000,2130.50000000,21781041,21781046,1782864480527106,False,True
13446706,0.04190000,52178.30000000,21781047,21781054,1782864480528558,False,True
13446707,0.04190000,4799.60000000,21781055,21781056,1782864480529886,False,True
13446708,0.04190000,10000.00000000,21781057,21781057,1782864480531949,True,True
13446709,0.04190000,238.30000000,21781058,21781058,1782864480534638,True,True
13446710,0.04190000,170.00000000,21781059,21781059,1782864480534647,True,True
13446711,0.04190000,6306.40000000,21781060,21781060,1782864480535412,True,True
13446712,0.04180000,1961.00000000,21781061,21781061,1782864480536533,True,True
13446713,0.04180000,9561.40000000,21781062,21781064,1782864480538634,True,True
13446714,0.04180000,4311.30000000,21781065,21781065,1782864480544046,True,True
13446715,0.04180000,4311.30000000,21781066,21781066,1782864480558657,True,True
13446716,0.04170000,539.00000000,21781067,21781067,1782864480559878,True,True
13446717,0.04170000,539.00000000,21781068,21781068,1782864480560008,True,True
13446718,0.04180000,4311.30000000,21781069,21781069,1782864480606994,True,True
13446719,0.04170000,201.30000000,21781070,21781070,1782864480635371,True,True
13446720,0.04170000,4128.50000000,21781071,21781074,1782864486344863,True,True
13446721,0.04160000,4825.00000000,21781075,21781076,1782864486355369,True,True
13446722,0.04150000,4265.70000000,21781077,21781077,1782864486355369,True,True
13446723,0.04150000,563.00000000,21781078,21781078,1782864486366443,True,True
13446724,0.04160000,288.40000000,21781079,21781079,1782864487346061,True,True
13446725,0.04150000,1170.00000000,21781080,21781081,1782864487349046,True,True
13446726,0.04150000,1330.00000000,21781082,21781082,1782864487349529,True,True
13446727,0.04150000,289.10000000,21781083,21781083,1782864488627649,True,True
13446728,0.04150000,289.10000000,21781084,21781084,1782864489845008,True,True
13446729,0.04150000,289.10000000,21781085,21781085,1782864490037843,True,True
13446730,0.04140000,0.90000000,21781086,21781086,1782864490037843,True,True
13446731,0.04140000,290.00000000,21781087,21781087,1782864490037959,True,True
13446732,0.04150000,289.10000000,21781088,21781088,1782864490167795,True,True
13446733,0.04140000,0.90000000,21781089,21781089,1782864490167795,True,True
13446734,0.04140000,290.00000000,21781090,21781090,1782864490168413,True,True
13446735,0.04150000,289.10000000,21781091,21781091,1782864490351368,True,True
13446736,0.04140000,0.90000000,21781092,21781092,1782864490351368,True,True
13446737,0.04140000,290.00000000,21781093,21781093,1782864490351557,True,True
13446738,0.04150000,123.00000000,21781094,21781094,1782864490635343,True,True
13446739,0.04150000,166.10000000,21781095,21781095,1782864490635455,True,True
13446740,0.04140000,123.90000000,21781096,21781096,1782864490635455,True,True
13446741,0.04140000,167.00000000,21781097,21781097,1782864490635460,True,True
13446742,0.04150000,289.10000000,21781098,21781098,1782864490806135,True,True
13446743,0.04140000,0.90000000,21781099,21781099,1782864490806135,True,True
13446744,0.04140000,164.00000000,21781100,21781100,1782864490806600,True,True
13446745,0.04140000,126.00000000,21781101,21781101,1782864490806605,True,True
13446746,0.04160000,5547.00000000,21781102,21781103,1782864490826700,False,True
13446747,0.04160000,2884.60000000,21781104,21781106,1782864490827924,False,True
13446748,0.04160000,2038.30000000,21781107,21781112,1782864490827966,False,True
13446749,0.04160000,3825.00000000,21781113,21781113,1782864490829263,False,True
13446750,0.04160000,20248.00000000,21781114,21781114,1782864490829365,True,True
13446751,0.04150000,562.00000000,21781115,21781115,1782864490829807,True,True
13446752,0.04150000,1312.50000000,21781116,21781116,1782864490830252,True,True
13446753,0.04160000,3825.00000000,21781117,21781117,1782864490833983,False,True
13446754,0.04150000,1147.00000000,21781118,21781118,1782864490890459,True,True
13446755,0.04150000,8314.40000000,21781119,21781121,1782864490890744,True,True
13446756,0.04140000,1147.00000000,21781122,21781122,1782864490890755,True,True
13446757,0.04140000,1040.00000000,21781123,21781123,1782864490893862,True,True
13446758,0.04150000,3823.00000000,21781124,21781124,1782864490905202,False,True
13446759,0.04150000,289.10000000,21781125,21781125,1782864491028027,True,True
13446760,0.04140000,0.90000000,21781126,21781126,1782864491028027,True,True
13446761,0.04140000,290.00000000,21781127,21781127,1782864491028104,True,True
13446762,0.04150000,289.10000000,21781128,21781128,1782864491280587,True,True
13446763,0.04140000,0.90000000,21781129,21781129,1782864491280587,True,True
13446764,0.04140000,290.00000000,21781130,21781130,1782864491280680,True,True
13446765,0.04150000,289.10000000,21781131,21781131,1782864491453701,True,True
13446766,0.04140000,0.90000000,21781132,21781132,1782864491453701,True,True
13446767,0.04140000,290.00000000,21781133,21781133,1782864491453867,True,True
13446768,0.04140000,290.00000000,21781134,21781134,1782864491588946,True,True
13446769,0.04140000,290.00000000,21781135,21781135,1782864491589711,True,True
13446770,0.04140000,3056.20000000,21781136,21781139,1782864491628249,True,True
13446771,0.04140000,17204.30000000,21781140,21781145,1782864493153810,False,True
13446772,0.04140000,2933.60000000,21781146,21781146,1782864493154032,False,True
13446773,0.04140000,689.00000000,21781147,21781147,1782864493169626,True,True
13446774,0.04140000,211.00000000,21781148,21781148,1782864493170570,True,True
13446775,0.04140000,7633.10000000,21781149,21781151,1782864494095700,False,True
13446776,0.04140000,7220.30000000,21781152,21781152,1782864494122458,False,True
13446777,0.04140000,4114.80000000,21781153,21781154,1782864501184995,True,True
13446778,0.04140000,9951.60000000,21781155,21781156,1782864505466650,False,True
13446779,0.04140000,257.90000000,21781157,21781157,1782864505803172,True,True
13446780,0.04140000,2318.00000000,21781158,21781158,1782864507295313,True,True
13446781,0.04140000,7386.00000000,21781159,21781163,1782864507305585,True,True
13446782,0.04140000,289.80000000,21781164,21781164,1782864508453058,True,True
13446783,0.04130000,952.20000000,21781165,21781165,1782864508453058,True,True
13446784,0.04140000,289.80000000,21781166,21781166,1782864509749966,True,True
13446785,0.04130000,40000.00000000,21781167,21781177,1782864509750273,True,True
13446786,0.04130000,1682.20000000,21781178,21781178,1782864509751523,True,True
13446787,0.04120000,9715.00000000,21781179,21781181,1782864509758272,True,True
13446788,0.04120000,547.00000000,21781182,21781182,1782864510632054,True,True
13446789,0.04130000,1013.40000000,21781183,21781183,1782864510641803,False,True
13446790,0.04130000,1013.40000000,21781184,21781184,1782864510641887,False,True
13446791,0.04130000,14413.60000000,21781185,21781186,1782864513159413,False,True
13446792,0.04130000,2843.80000000,21781187,21781187,1782864513409728,True,True
13446793,0.04130000,5309.00000000,21781188,21781188,1782864513411780,True,True
13446794,0.04120000,4631.00000000,21781189,21781191,1782864513420785,True,True
13446795,0.04130000,4935.10000000,21781192,21781192,1782864515684122,False,True
13446796,0.04130000,4750.10000000,21781193,21781193,1782864515684621,False,True
13446797,0.04140000,15260.60000000,21781194,21781196,1782864538155372,False,True
13446798,0.04140000,856.60000000,21781197,21781198,1782864539645620,False,True
13446799,0.04140000,856.60000000,21781199,21781199,1782864539645655,False,True
13446800,0.04140000,853.50000000,21781200,21781200,1782864539646397,False,True
13446801,0.04140000,14640.00000000,21781201,21781202,1782864539647919,False,True
13446802,0.04140000,7879.30000000,21781203,21781205,1782864541613124,True,True
13446803,0.04130000,5945.80000000,21781206,21781208,1782864550953122,True,True
13446804,0.04130000,290.50000000,21781209,21781209,1782864551020224,False,True
13446805,0.04130000,6167.70000000,21781210,21781213,1782864563534616,True,True
13446806,0.04130000,300.20000000,21781214,21781214,1782864563538649,False,True
13446807,0.04130000,300.20000000,21781215,21781215,1782864563538685,False,True
13446808,0.04120000,9729.20000000,21781216,21781221,1782864563543297,True,True
13446809,0.04120000,9219.50000000,21781222,21781224,1782864564701645,True,True
13446810,0.04120000,7326.30000000,21781225,21781225,1782864568949963,False,True
13446811,0.04120000,2673.60000000,21781226,21781227,1782864568956524,False,True
13446812,0.04130000,3259.00000000,21781228,21781229,1782864568957863,False,True
13446813,0.04130000,1845.30000000,21781230,21781231,1782864569300644,False,True
13446814,0.04130000,1845.30000000,21781232,21781232,1782864569300709,False,True
13446815,0.04130000,1843.50000000,21781233,21781234,1782864569301459,False,True
13446816,0.04120000,9146.90000000,21781235,21781236,1782864569655989,True,True
13446817,0.04110000,21022.60000000,21781237,21781244,1782864590805423,True,True
13446818,0.04110000,3825.00000000,21781245,21781245,1782864590807751,False,True
13446819,0.04110000,7530.90000000,21781246,21781247,1782864590808641,False,True
13446820,0.04100000,5309.00000000,21781248,21781248,1782864590810011,True,True
13446821,0.04110000,243.60000000,21781249,21781249,1782864590812181,False,True
13446822,0.04100000,8983.30000000,21781250,21781253,1782864590813703,True,True
13446823,0.04090000,794.00000000,21781254,21781254,1782864590813703,True,True
13446824,0.04100000,336.30000000,21781255,21781255,1782864590872112,True,True
13446825,0.04110000,14154.80000000,21781256,21781258,1782864590885284,False,True
13446826,0.04100000,10453.60000000,21781259,21781266,1782864590913715,True,True
13446827,0.04110000,1013.00000000,21781267,21781267,1782864590915524,False,True
13446828,0.04100000,1013.00000000,21781268,21781268,1782864590915966,False,True
13446829,0.04100000,3361.20000000,21781269,21781269,1782864590916960,False,True
13446830,0.04100000,241.90000000,21781270,21781270,1782864590919492,False,True
13446831,0.04100000,4132.30000000,21781271,21781271,1782864590920587,False,True
13446832,0.04090000,9800.70000000,21781272,21781274,1782864590921791,True,True
13446833,0.04110000,1013.00000000,21781275,21781276,1782864590973540,False,True
13446834,0.04110000,1013.00000000,21781277,21781277,1782864590973678,False,True
13446835,0.04110000,1012.50000000,21781278,21781278,1782864590973953,False,True
13446836,0.04110000,6409.20000000,21781279,21781279,1782864591191958,False,True
13446837,0.04110000,421.60000000,21781280,21781280,1782864593028499,False,True
13446838,0.04100000,292.60000000,21781281,21781281,1782864600533343,True,True
13446839,0.04090000,7136.10000000,21781282,21781283,1782864600555056,True,True
13446840,0.04090000,8151.00000000,21781284,21781286,1782864600579086,True,True
13446841,0.04100000,5195.50000000,21781287,21781289,1782864606372839,False,True
13446842,0.04100000,1008.30000000,21781290,21781292,1782864606572233,True,True
13446843,0.04100000,896.80000000,21781293,21781293,1782864607725465,True,True
13446844,0.04110000,5136.80000000,21781294,21781296,1782864623104284,False,True
13446845,0.04110000,3876.90000000,21781297,21781298,1782864630261089,False,True
13446846,0.04110000,291.90000000,21781299,21781299,1782864630333253,False,True
13446847,0.04110000,291.90000000,21781300,21781300,1782864630356921,False,True
13446848,0.04110000,291.90000000,21781301,21781301,1782864630387828,False,True
13446849,0.04110000,291.90000000,21781302,21781302,1782864630410801,False,True
13446850,0.04110000,291.90000000,21781303,21781303,1782864630434350,False,True
13446851,0.04110000,291.90000000,21781304,21781304,1782864630459354,False,True
13446852,0.04110000,291.90000000,21781305,21781305,1782864630482207,False,True
13446853,0.04110000,797.90000000,21781306,21781307,1782864646137205,True,True
13446854,0.04110000,300.10000000,21781308,21781308,1782864646139480,False,True
13446855,0.04110000,300.10000000,21781309,21781309,1782864646139566,False,True
13446856,0.04100000,292.60000000,21781310,21781310,1782864646278597,True,True
13446857,0.04100000,7565.40000000,21781311,21781312,1782864649235594,True,True
13446858,0.04100000,292.60000000,21781313,21781313,1782864649304677,True,True
13446859,0.04100000,634.10000000,21781314,21781315,1782864649432083,True,True
13446860,0.04100000,292.60000000,21781316,21781316,1782864649475209,True,True
13446861,0.04100000,292.60000000,21781317,21781317,1782864649534056,True,True
13446862,0.04100000,292.60000000,21781318,21781318,1782864654225116,True,True
13446863,0.04100000,292.60000000,21781319,21781319,1782864654323959,True,True
13446864,0.04110000,291.90000000,21781320,21781320,1782864677627341,False,True
13446865,0.04120000,291.20000000,21781321,21781321,1782864690429053,False,True
13446866,0.04130000,291.90000000,21781322,21781322,1782864690431287,False,True
13446867,0.04130000,24546.40000000,21781323,21781330,1782864690433220,False,True
13446868,0.04120000,796.00000000,21781331,21781332,1782864705695816,True,True
13446869,0.04110000,30.40000000,21781333,21781333,1782864705695816,True,True
13446870,0.04110000,261.50000000,21781334,21781334,1782864720644662,True,True
13446871,0.04110000,2106.10000000,21781335,21781336,1782864780664099,True,True
13446872,0.04110000,5458.60000000,21781337,21781337,1782864780667310,True,True
13446873,0.04110000,300.10000000,21781338,21781338,1782864780693343,False,True
13446874,0.04110000,6291.90000000,21781339,21781341,1782864890230189,False,True
13446875,0.04110000,1987.50000000,21781342,21781343,1782864893567887,True,True
13446876,0.04110000,7564.70000000,21781344,21781345,1782864916349621,False,True
13446877,0.04110000,291.90000000,21781346,21781346,1782864916420763,False,True
13446878,0.04110000,1198.10000000,21781347,21781349,1782864944932785,True,True
13446879,0.04110000,885.70000000,21781350,21781350,1782864944934762,True,True
13446880,0.04110000,291.90000000,21781351,21781351,1782865012346625,False,True
13446881,0.04110000,1791.90000000,21781352,21781353,1782865032417279,True,True
13446882,0.04110000,14626.80000000,21781354,21781357,1782865085950574,False,True
13446883,0.04120000,5591.90000000,21781358,21781359,1782865118334138,False,True
13446884,0.04120000,7564.00000000,21781360,21781361,1782865151291895,True,True
13446885,0.04110000,291.90000000,21781362,21781362,1782865154564921,True,True
13446886,0.04110000,291.90000000,21781363,21781363,1782865177285621,False,True
13446887,0.04110000,267.60000000,21781364,21781364,1782865177502995,False,True
13446888,0.04110000,24.30000000,21781365,21781365,1782865177503167,False,True
13446889,0.04110000,9648.50000000,21781366,21781370,1782865197984112,True,True
13446890,0.04110000,291.90000000,21781371,21781371,1782865198053701,True,True
13446891,0.04110000,291.90000000,21781372,21781372,1782865198085001,True,True
13446892,0.04110000,291.90000000,21781373,21781373,1782865198125099,True,True
13446893,0.04110000,291.90000000,21781374,21781374,1782865198148458,True,True
13446894,0.04110000,291.90000000,21781375,21781375,1782865198182275,True,True
13446895,0.04110000,291.90000000,21781376,21781376,1782865198206485,True,True
13446896,0.04110000,291.90000000,21781377,21781377,1782865198237676,True,True
13446897,0.04110000,291.90000000,21781378,21781378,1782865198260350,True,True
13446898,0.04110000,291.90000000,21781379,21781379,1782865198288474,True,True
13446899,0.04110000,291.90000000,21781380,21781380,1782865198312489,True,True
13446900,0.04110000,291.90000000,21781381,21781381,1782865198337170,True,True
13446901,0.04110000,291.90000000,21781382,21781382,1782865198368625,True,True
13446902,0.04110000,291.90000000,21781383,21781383,1782865198400607,True,True
13446903,0.04110000,291.90000000,21781384,21781384,1782865198430073,True,True
13446904,0.04110000,291.90000000,21781385,21781385,1782865198460649,True,True
13446905,0.04110000,291.90000000,21781386,21781386,1782865198484014,True,True
13446906,0.04110000,1558.00000000,21781387,21781389,1782865200216097,False,True
13446907,0.04110000,17292.90000000,21781390,21781392,1782865200217733,False,True
13446908,0.04110000,6417.80000000,21781393,21781395,1782865266149364,True,True
13446909,0.04110000,291.90000000,21781396,21781396,1782865281024932,True,True
13446910,0.04110000,19297.90000000,21781397,21781400,1782865284917359,False,True
13446911,0.04110000,291.90000000,21781401,21781401,1782865292093109,True,True
13446912,0.04100000,8111.60000000,21781402,21781403,1782865292093109,True,True
13446913,0.04100000,1379.00000000,21781404,21781409,1782865292104776,True,True
13446914,0.04100000,4895.00000000,21781410,21781411,1782865312775096,True,True
13446915,0.04100000,4443.00000000,21781412,21781414,1782865312809450,True,True
13446916,0.04100000,453.00000000,21781415,21781415,1782865312818119,True,True
13446917,0.04100000,320.10000000,21781416,21781416,1782865312851985,True,True
13446918,0.04100000,2343.00000000,21781417,21781418,1782865312963133,True,True
13446919,0.04100000,7128.00000000,21781419,21781422,1782865312984243,True,True
13446920,0.04100000,3646.60000000,21781423,21781425,1782865317077485,True,True
13446921,0.04090000,6144.40000000,21781426,21781426,1782865317077485,True,True
13446922,0.04090000,9791.00000000,21781427,21781430,1782865317083646,True,True
13446923,0.04090000,400.00000000,21781431,21781431,1782865317086097,True,True
13446924,0.04090000,9394.00000000,21781432,21781433,1782865317130867,True,True
13446925,0.04090000,978.00000000,21781434,21781434,1782865317163711,True,True
13446926,0.04100000,535.50000000,21781435,21781435,1782865321896260,False,True
13446927,0.04100000,9546.30000000,21781436,21781436,1782865334356746,False,True
13446928,0.04100000,5996.20000000,21781437,21781438,1782865334357949,False,True
13446929,0.04100000,5996.20000000,21781439,21781442,1782865334358060,False,True
13446930,0.04100000,5996.20000000,21781443,21781443,1782865334358182,False,True
13446931,0.04100000,7867.90000000,21781444,21781445,1782865334358600,False,True
13446932,0.04100000,292.60000000,21781446,21781446,1782865473176383,True,True
13446933,0.04100000,16073.30000000,21781447,21781450,1782865481778928,False,True
13446934,0.04100000,2817.10000000,21781451,21781452,1782865481782193,False,True
13446935,0.04100000,927.30000000,21781453,21781453,1782865481783541,False,True
13446936,0.04100000,5072.70000000,21781454,21781454,1782865481785483,False,True
13446937,0.04100000,7599.10000000,21781455,21781458,1782865536943934,True,True
13446938,0.04100000,1500.00000000,21781459,21781459,1782865536946711,True,True
13446939,0.04100000,1500.00000000,21781460,21781460,1782865536946989,True,True
13446940,0.04100000,292.60000000,21781461,21781461,1782865567240076,False,True
13446941,0.04100000,348.60000000,21781462,21781462,1782865590129761,True,True
13446942,0.04100000,3825.00000000,21781463,21781463,1782865590175863,True,True
13446943,0.04090000,1173.40000000,21781464,21781464,1782865616685286,True,True
13446944,0.04100000,11961.00000000,21781465,21781467,1782865689085404,False,True
13446945,0.04110000,6494.00000000,21781468,21781470,1782865724426746,False,True
13446946,0.04110000,3825.00000000,21781471,21781471,1782865724448342,True,True
13446947,0.04110000,243.00000000,21781472,21781472,1782865724451961,True,True
13446948,0.04110000,291.90000000,21781473,21781473,1782865810514649,True,True
13446949,0.04110000,9291.90000000,21781474,21781477,1782865851363645,False,True
13446950,0.04110000,291.90000000,21781478,21781478,1782865860549124,False,True
13446951,0.04110000,12899.60000000,21781479,21781481,1782865920680404,True,True
13446952,0.04100000,421.10000000,21781482,21781482,1782865924767866,True,True
13446953,0.04110000,16449.50000000,21781483,21781488,1782865986254830,False,True
13446954,0.04120000,291.20000000,21781489,21781489,1782866045126616,False,True
13446955,0.04130000,3404.00000000,21781490,21781490,1782866055174138,False,True
13446956,0.04130000,348.90000000,21781491,21781491,1782866056971516,False,True
13446957,0.04120000,15063.90000000,21781492,21781496,1782866100699918,True,True
13446958,0.04120000,291.20000000,21781497,21781497,1782866100768376,True,True
13446959,0.04120000,291.20000000,21781498,21781498,1782866100817116,True,True
13446960,0.04120000,291.20000000,21781499,21781499,1782866100842178,True,True
13446961,0.04120000,291.20000000,21781500,21781500,1782866100872220,True,True
13446962,0.04120000,291.20000000,21781501,21781501,1782866100911636,True,True
13446963,0.04120000,291.20000000,21781502,21781502,1782866100950581,True,True
13446964,0.04120000,291.20000000,21781503,21781503,1782866100981649,True,True
13446965,0.04120000,291.20000000,21781504,21781504,1782866101004606,True,True
13446966,0.04120000,291.20000000,21781505,21781505,1782866101027602,True,True
13446967,0.04120000,291.20000000,21781506,21781506,1782866101058789,True,True
13446968,0.04120000,291.20000000,21781507,21781507,1782866101082158,True,True
13446969,0.04120000,291.20000000,21781508,21781508,1782866101107089,True,True
13446970,0.04120000,291.20000000,21781509,21781509,1782866101134735,True,True
13446971,0.04120000,291.20000000,21781510,21781510,1782866101159716,True,True
13446972,0.04120000,291.20000000,21781511,21781511,1782866101183057,True,True
13446973,0.04120000,291.20000000,21781512,21781512,1782866101211693,True,True
13446974,0.04120000,291.20000000,21781513,21781513,1782866101238677,True,True
13446975,0.04120000,291.20000000,21781514,21781514,1782866101264602,True,True
13446976,0.04120000,291.20000000,21781515,21781515,1782866101305978,True,True
13446977,0.04120000,291.20000000,21781516,21781516,1782866101336851,True,True
13446978,0.04120000,291.20000000,21781517,21781517,1782866102310140,True,True
13446979,0.04110000,796.70000000,21781518,21781519,1782866134362942,True,True
13446980,0.04110000,3825.00000000,21781520,21781520,1782866134365584,False,True
13446981,0.04110000,243.10000000,21781521,21781521,1782866134367311,False,True
13446982,0.04110000,3581.90000000,21781522,21781522,1782866134369089,False,True
13446983,0.04110000,278.00000000,21781523,21781523,1782866140310879,True,True
13446984,0.04120000,7226.90000000,21781524,21781526,1782866204121140,False,True
13446985,0.04110000,1118.00000000,21781527,21781527,1782866245564996,True,True
13446986,0.04110000,1417.00000000,21781528,21781528,1782866245565002,True,True
13446987,0.04110000,2193.00000000,21781529,21781530,1782866245565349,True,True
13446988,0.04110000,4418.90000000,21781531,21781531,1782866245568104,True,True
13446989,0.04100000,283.80000000,21781532,21781532,1782866335517577,True,True
13446990,0.04100000,255.00000000,21781533,21781533,1782866346506082,True,True
13446991,0.04100000,875.00000000,21781534,21781534,1782866354016087,True,True
13446992,0.04100000,1704.00000000,21781535,21781535,1782866354019636,True,True
13446993,0.04100000,2142.00000000,21781536,21781536,1782866354019744,True,True
13446994,0.04100000,170.00000000,21781537,21781537,1782866354019782,True,True
13446995,0.04100000,2434.00000000,21781538,21781538,1782866354019940,True,True
13446996,0.04100000,773.00000000,21781539,21781539,1782866354021727,True,True
13446997,0.04100000,3089.00000000,21781540,21781540,1782866354022938,True,True
13446998,0.04100000,4271.00000000,21781541,21781541,1782866357238508,True,True
13446999,0.04100000,1648.00000000,21781542,21781542,1782866357238710,True,True
13447000,0.04100000,3206.00000000,21781543,21781543,1782866357239713,True,True
13447001,0.04100000,6489.50000000,21781544,21781546,1782866357240588,True,True
13447002,0.04090000,293.30000000,21781547,21781547,1782866408646519,True,True
13447003,0.04080000,2961.70000000,21781548,21781548,1782866408646519,True,True
13447004,0.04080000,3240.00000000,21781549,21781550,1782866408646708,True,True
13447005,0.04090000,404.40000000,21781551,21781551,1782866430223284,False,True
13447006,0.04090000,1793.30000000,21781552,21781553,1782866442620810,False,True
13447007,0.04090000,3798.00000000,21781554,21781554,1782866460650988,True,True
13447008,0.04090000,12836.10000000,21781555,21781558,1782866460651497,True,True
13447009,0.04090000,1618.00000000,21781559,21781560,1782866460652404,True,True
13447010,0.04080000,5444.80000000,21781561,21781562,1782866466815817,True,True
13447011,0.04080000,13961.00000000,21781563,21781564,1782866466815966,True,True
13447012,0.04080000,294.10000000,21781565,21781565,1782866899970325,True,True
13447013,0.04070000,4292.00000000,21781566,21781567,1782866899971111,True,True
13447014,0.04070000,5273.00000000,21781568,21781569,1782866899971146,True,True
13447015,0.04070000,321.00000000,21781570,21781570,1782866899971642,True,True
13447016,0.04070000,751.00000000,21781571,21781571,1782866899973228,True,True
13447017,0.04080000,892.10000000,21781572,21781572,1782867121869054,False,True
13447018,0.04070000,4724.00000000,21781573,21781573,1782867125553440,True,True
13447019,0.04070000,261.10000000,21781574,21781574,1782867125553672,True,True
13447020,0.04070000,4303.00000000,21781575,21781576,1782867125553835,True,True
13447021,0.04070000,6489.50000000,21781577,21781579,1782867164208293,False,True
13447022,0.04070000,1871.70000000,21781580,21781580,1782867164209871,False,True
13447023,0.04070000,294.80000000,21781581,21781581,1782867226394059,True,True
13447024,0.04060000,4991.20000000,21781582,21781583,1782867226394059,True,True
13447025,0.04060000,5286.00000000,21781584,21781584,1782867226394413,True,True
13447026,0.04060000,1422.00000000,21781585,21781585,1782867306640064,True,True
13447027,0.04060000,4378.00000000,21781586,21781588,1782867306640067,True,True
13447028,0.04060000,4504.00000000,21781589,21781589,1782867306640089,True,True
13447029,0.04060000,1699.00000000,21781590,21781591,1782867306640492,True,True
13447030,0.04060000,1313.00000000,21781592,21781592,1782867306641140,True,True
13447031,0.04060000,31.10000000,21781593,21781593,1782867306642860,True,True
13447032,0.04060000,1355.30000000,21781594,21781594,1782867306826105,False,True
13447033,0.04060000,17637.70000000,21781595,21781597,1782867378610056,True,True
13447034,0.04050000,7800.00000000,21781598,21781599,1782867378613030,True,True
13447035,0.04050000,7600.00000000,21781600,21781600,1782867378614152,True,True
13447036,0.04050000,20000.00000000,21781601,21781602,1782867378614408,True,True
13447037,0.04050000,7800.00000000,21781603,21781603,1782867378803503,True,True
13447038,0.04050000,7400.00000000,21781604,21781605,1782867378804610,True,True
13447039,0.04060000,11617.90000000,21781606,21781613,1782867378900923,False,True
13447040,0.04060000,2485.20000000,21781614,21781614,1782867378902110,False,True
13447041,0.04060000,4473.20000000,21781615,21781615,1782867378902587,False,True
13447042,0.04060000,1805.60000000,21781616,21781617,1782867378904000,False,True
13447043,0.04060000,1805.60000000,21781618,21781618,1782867378904058,False,True
13447044,0.04060000,7187.00000000,21781619,21781621,1782867378906731,False,True
13447045,0.04050000,3981.00000000,21781622,21781622,1782867378934389,True,True
13447046,0.04050000,3982.00000000,21781623,21781624,1782867378936091,True,True
13447047,0.04050000,3984.00000000,21781625,21781625,1782867378936407,True,True
13447048,0.04060000,12600.00000000,21781626,21781636,1782867443147540,False,True
13447049,0.04060000,19400.00000000,21781637,21781653,1782867560578439,False,True
13447050,0.04060000,19200.00000000,21781654,21781661,1782867704351065,False,True
13447051,0.04060000,8359.00000000,21781662,21781663,1782867704353785,False,True
13447052,0.04060000,13750.60000000,21781664,21781669,1782867712731673,True,True
13447053,0.04060000,11393.30000000,21781670,21781672,1782867730703925,True,True
13447054,0.04050000,3496.00000000,21781673,21781673,1782867857631000,True,True
13447055,0.04050000,714.00000000,21781674,21781675,1782867857631295,True,True
13447056,0.04040000,8305.40000000,21781676,21781677,1782867917112111,True,True
13447057,0.04030000,13071.10000000,21781678,21781679,1782867954459178,True,True
13447058,0.04030000,4791.80000000,21781680,21781682,1782867954459994,True,True
13447059,0.04030000,5500.00000000,21781683,21781683,1782867954460100,True,True
13447060,0.04030000,341.50000000,21781684,21781685,1782868200925589,True,True
13447061,0.04030000,427.00000000,21781686,21781686,1782868200987854,True,True
13447062,0.04030000,1049.30000000,21781687,21781687,1782868201049999,True,True
13447063,0.04030000,9050.40000000,21781688,21781690,1782868215829132,True,True
13447064,0.04020000,2566.60000000,21781691,21781691,1782868235238257,True,True
13447065,0.04020000,14081.90000000,21781692,21781695,1782868235242231,True,True
13447066,0.04020000,0.10000000,21781696,21781696,1782868235249560,True,True
13447067,0.04010000,1925.00000000,21781697,21781697,1782868235281406,True,True
13447068,0.04010000,2366.00000000,21781698,21781699,1782868235309233,True,True
13447069,0.04010000,1182.00000000,21781700,21781700,1782868235310559,True,True
13447070,0.04010000,5351.00000000,21781701,21781702,1782868235310807,True,True
13447071,0.04010000,22876.00000000,21781703,21781708,1782868235460185,True,True
13447072,0.04010000,4541.90000000,21781709,21781709,1782868235461443,True,True
13447073,0.04010000,4442.00000000,21781710,21781710,1782868235462863,True,True
13447074,0.04010000,4493.20000000,21781711,21781712,1782868235465741,True,True
13447075,0.04010000,9349.30000000,21781713,21781714,1782868235616539,True,True
13447076,0.04010000,3096.20000000,21781715,21781716,1782868235617853,True,True
13447077,0.04010000,3882.10000000,21781717,21781717,1782868235619141,True,True
13447078,0.04020000,407.80000000,21781718,21781718,1782868237465730,False,True
13447079,0.04010000,138.70000000,21781719,21781719,1782868243149211,True,True
13447080,0.04010000,5365.00000000,21781720,21781721,1782868252104113,True,True
13447081,0.04010000,4367.00000000,21781722,21781724,1782868252104139,True,True
13447082,0.04010000,6000.00000000,21781725,21781727,1782868252105316,True,True
13447083,0.04010000,5021.00000000,21781728,21781730,1782868252123172,False,True
13447084,0.04020000,4895.40000000,21781731,21781732,1782868252123172,False,True
13447085,0.04010000,4570.00000000,21781733,21781734,1782868256587891,True,True
13447086,0.04010000,2168.00000000,21781735,21781735,1782868256588023,True,True
13447087,0.04010000,834.00000000,21781736,21781736,1782868256589232,True,True
13447088,0.04000000,2595.00000000,21781737,21781737,1782868256589457,True,True
13447089,0.04000000,4650.00000000,21781738,21781738,1782868256589603,True,True
13447090,0.04000000,4136.00000000,21781739,21781741,1782868256591690,True,True
13447091,0.04010000,6005.50000000,21781742,21781742,1782868273117981,False,True
13447092,0.04010000,4444.60000000,21781743,21781743,1782868347468761,False,True
13447093,0.04000000,16999.90000000,21781744,21781746,1782868364640166,True,True
13447094,0.04000000,2027.10000000,21781747,21781748,1782868364643637,True,True
13447095,0.04000000,7542.20000000,21781749,21781750,1782868364643838,True,True
13447096,0.03990000,759.00000000,21781751,21781752,1782868364656723,True,True
13447097,0.03990000,3397.00000000,21781753,21781753,1782868364657922,True,True
13447098,0.03990000,703.00000000,21781754,21781755,1782868364658185,True,True
13447099,0.03990000,3475.00000000,21781756,21781756,1782868364660699,True,True
13447100,0.03990000,13212.80000000,21781757,21781759,1782868365890427,True,True
13447101,0.03990000,37400.00000000,21781760,21781761,1782868365908497,False,True
13447102,0.03990000,455.50000000,21781762,21781762,1782868365921553,False,True
13447103,0.03990000,11097.80000000,21781763,21781764,1782868366225626,False,True
13447104,0.04000000,112.90000000,21781765,21781765,1782868366225626,False,True
13447105,0.03990000,263.90000000,21781766,21781766,1782868371617679,False,True
13447106,0.03980000,3097.00000000,21781767,21781767,1782868372709545,True,True
13447107,0.03980000,1262.00000000,21781768,21781768,1782868372739956,True,True
13447108,0.03980000,4359.00000000,21781769,21781770,1782868372818549,True,True
13447109,0.03980000,587.10000000,21781771,21781771,1782868372821036,True,True
13447110,0.03980000,533.40000000,21781772,21781772,1782868372823963,False,True
13447111,0.03980000,533.40000000,21781773,21781773,1782868372824042,False,True
13447112,0.03970000,4400.00000000,21781774,21781776,1782868372824406,True,True
13447113,0.03980000,533.00000000,21781777,21781777,1782868372824654,False,True
13447114,0.03980000,10232.90000000,21781778,21781780,1782868373925854,False,True
13447115,0.03980000,301.50000000,21781781,21781781,1782868375674351,True,True
13447116,0.03970000,6189.70000000,21781782,21781782,1782868385064051,True,True
13447117,0.03970000,12270.50000000,21781783,21781786,1782868385064306,True,True
13447118,0.03970000,4673.00000000,21781787,21781789,1782868385064453,True,True
13447119,0.03970000,5374.60000000,21781790,21781790,1782868385066470,False,True
13447120,0.03970000,522.60000000,21781791,21781791,1782868385067678,False,True
13447121,0.03970000,4528.30000000,21781792,21781792,1782868385068470,False,True
13447122,0.03970000,2450.20000000,21781793,21781794,1782868386738086,True,True
13447123,0.03970000,1477.30000000,21781795,21781795,1782868386739287,True,True
13447124,0.03970000,2674.60000000,21781796,21781796,1782868386739560,True,True
13447125,0.03970000,972.90000000,21781797,21781797,1782868386740423,True,True
13447126,0.03970000,302.20000000,21781798,21781798,1782868386849502,True,True
13447127,0.03970000,302.20000000,21781799,21781799,1782868386887390,True,True
13447128,0.03970000,302.20000000,21781800,21781800,1782868388536291,True,True
13447129,0.03960000,52.80000000,21781801,21781801,1782868388536291,True,True
13447130,0.03960000,2544.00000000,21781802,21781802,1782868388536543,True,True
13447131,0.03960000,3036.00000000,21781803,21781804,1782868388537769,True,True
13447132,0.03960000,3225.00000000,21781805,21781806,1782868388537809,True,True
13447133,0.03960000,8179.40000000,21781807,21781810,1782868394278987,True,True
13447134,0.03950000,4501.00000000,21781811,21781812,1782868394292417,True,True
13447135,0.03950000,2276.00000000,21781813,21781813,1782868394292503,True,True
13447136,0.03950000,4422.00000000,21781814,21781815,1782868394292511,True,True
13447137,0.03960000,7272.80000000,21781816,21781816,1782868396319403,False,True
13447138,0.03950000,12618.00000000,21781817,21781819,1782868405294573,True,True
13447139,0.03950000,303.70000000,21781820,21781820,1782868406448581,False,True
13447140,0.03950000,303.70000000,21781821,21781821,1782868410098085,True,True
13447141,0.03940000,3796.30000000,21781822,21781822,1782868410098085,True,True
13447142,0.03940000,4010.00000000,21781823,21781824,1782868410098377,True,True
13447143,0.03950000,3665.00000000,21781825,21781826,1782868418888653,True,True
13447144,0.03950000,480.00000000,21781827,21781828,1782868428651826,True,True
13447145,0.03950000,1380.00000000,21781829,21781829,1782868428653026,True,True
13447146,0.03950000,755.00000000,21781830,21781830,1782868428655296,True,True
13447147,0.03950000,1770.00000000,21781831,21781831,1782868428655421,True,True
13447148,0.03950000,951.00000000,21781832,21781832,1782868428659945,True,True
13447149,0.03950000,2865.00000000,21781833,21781833,1782868428660176,True,True
13447150,0.03940000,2720.00000000,21781834,21781834,1782868428662976,True,True
13447151,0.03950000,303.70000000,21781835,21781835,1782868428749030,False,True
13447152,0.03960000,2815.70000000,21781836,21781837,1782868431068514,True,True
13447153,0.03970000,1759.00000000,21781838,21781838,1782868440494127,False,True
13447154,0.03970000,13327.50000000,21781839,21781841,1782868440496470,False,True
13447155,0.03980000,552.50000000,21781842,21781842,1782868441447092,False,True
13447156,0.03980000,2685.50000000,21781843,21781844,1782868442016441,False,True
13447157,0.03980000,9783.50000000,21781845,21781849,1782868443052139,False,True
13447158,0.03980000,565.00000000,21781850,21781850,1782868447195118,True,True
13447159,0.03980000,18543.80000000,21781851,21781854,1782868447360467,True,True
13447160,0.03980000,6444.70000000,21781855,21781855,1782868447474428,True,True
13447161,0.03970000,7297.80000000,21781856,21781858,1782868451729720,True,True
13447162,0.03960000,2777.60000000,21781859,21781859,1782868452218407,True,True
13447163,0.03970000,8922.30000000,21781860,21781862,1782868460946662,False,True
13447164,0.03960000,15826.30000000,21781863,21781865,1782868486462487,True,True
13447165,0.03960000,15075.80000000,21781866,21781868,1782868498467919,False,True
13447166,0.03970000,302.20000000,21781869,21781869,1782868504058382,False,True
13447167,0.03970000,4435.30000000,21781870,21781870,1782868504067645,True,True
13447168,0.03970000,302.20000000,21781871,21781871,1782868504129712,False,True
13447169,0.03970000,302.20000000,21781872,21781872,1782868504353886,False,True
13447170,0.03970000,6809.60000000,21781873,21781873,1782868504932015,True,True
13447171,0.03970000,302.20000000,21781874,21781874,1782868504933424,True,True
13447172,0.03970000,302.20000000,21781875,21781875,1782868508102540,False,True
13447173,0.03970000,302.20000000,21781876,21781876,1782868508172663,False,True
13447174,0.03970000,302.20000000,21781877,21781877,1782868508195512,False,True
13447175,0.03970000,302.20000000,21781878,21781878,1782868508222883,False,True
13447176,0.03980000,301.50000000,21781879,21781879,1782868511027707,False,True
13447177,0.03980000,301.50000000,21781880,21781880,1782868511100458,False,True
13447178,0.03980000,301.50000000,21781881,21781881,1782868511128228,False,True
13447179,0.03980000,301.50000000,21781882,21781882,1782868511169895,False,True
13447180,0.03980000,301.50000000,21781883,21781883,1782868511199687,False,True
13447181,0.03980000,301.50000000,21781884,21781884,1782868511226054,False,True
13447182,0.03980000,522.60000000,21781885,21781885,1782868511695307,True,True
13447183,0.03980000,522.60000000,21781886,21781886,1782868511698648,True,True
13447184,0.03980000,413.70000000,21781887,21781888,1782868513028570,False,True
13447185,0.03980000,1045.20000000,21781889,21781889,1782868517437562,False,True
13447186,0.03980000,301.50000000,21781890,21781890,1782868520014291,True,True
13447187,0.03980000,6809.60000000,21781891,21781891,1782868525488389,False,True
13447188,0.03980000,301.50000000,21781892,21781892,1782868526591251,False,True
13447189,0.03980000,2426.20000000,21781893,21781893,1782868561180542,True,True
13447190,0.03980000,6184.90000000,21781894,21781896,1782868561181869,True,True
13447191,0.03980000,301.50000000,21781897,21781897,1782868561251790,True,True
13447192,0.03980000,301.50000000,21781898,21781898,1782868561283200,True,True
13447193,0.03970000,302.20000000,21781899,21781899,1782868578548882,True,True
13447194,0.03970000,302.20000000,21781900,21781900,1782868578617678,True,True
13447195,0.03970000,302.20000000,21781901,21781901,1782868578641625,True,True
13447196,0.03970000,302.20000000,21781902,21781902,1782868578664756,True,True
13447197,0.03970000,243.60000000,21781903,21781903,1782868578689618,True,True
13447198,0.03970000,302.20000000,21781904,21781904,1782868578716108,True,True
13447199,0.03970000,302.20000000,21781905,21781905,1782868578740766,True,True
13447200,0.03960000,12702.20000000,21781906,21781909,1782868593145632,True,True
13447201,0.03960000,303.00000000,21781910,21781910,1782868593255227,True,True
13447202,0.03960000,303.00000000,21781911,21781911,1782868593278811,True,True
13447203,0.03960000,303.00000000,21781912,21781912,1782868593307495,True,True
13447204,0.03960000,303.00000000,21781913,21781913,1782868593331540,True,True
13447205,0.03960000,6624.20000000,21781914,21781915,1782868628490147,False,True
13447206,0.03960000,303.00000000,21781916,21781916,1782868658473020,True,True
13447207,0.03960000,303.00000000,21781917,21781917,1782868658544731,True,True
13447208,0.03970000,6623.40000000,21781918,21781919,1782868695665863,False,True
13447209,0.03970000,302.20000000,21781920,21781920,1782868698489730,True,True
13447210,0.03970000,2002.20000000,21781921,21781923,1782868709502469,True,True
13447211,0.03970000,302.20000000,21781924,21781924,1782868709577528,True,True
13447212,0.03970000,7588.40000000,21781925,21781927,1782868713898880,False,True
13447213,0.03970000,302.20000000,21781928,21781928,1782868713968748,False,True
13447214,0.03980000,301.50000000,21781929,21781929,1782868730402789,False,True
13447215,0.03980000,301.50000000,21781930,21781930,1782868730476578,False,True
13447216,0.03980000,301.50000000,21781931,21781931,1782868730501580,False,True
13447217,0.03980000,301.50000000,21781932,21781932,1782868730542787,False,True
13447218,0.03980000,301.50000000,21781933,21781933,1782868730565579,False,True
13447219,0.03980000,301.50000000,21781934,21781934,1782868730602127,False,True
13447220,0.03980000,301.50000000,21781935,21781935,1782868730652884,False,True
13447221,0.03990000,5810.10000000,21781936,21781937,1782868766523656,False,True
13447222,0.03990000,250.90000000,21781938,21781938,1782868766595916,False,True
13447223,0.03990000,300.70000000,21781939,21781939,1782868770500446,False,True
13447224,0.03990000,300.70000000,21781940,21781940,1782868776323223,False,True
13447225,0.03990000,300.70000000,21781941,21781941,1782868776405274,False,True
13447226,0.03990000,5807.60000000,21781942,21781943,1782868828220683,True,True
13447227,0.03990000,300.70000000,21781944,21781944,1782868831382328,True,True
13447228,0.03990000,300.70000000,21781945,21781945,1782868839476276,False,True
13447229,0.03990000,300.70000000,21781946,21781946,1782868839551832,False,True
13447230,0.04000000,4800.00000000,21781947,21781950,1782868977571356,True,True
13447231,0.03990000,300.70000000,21781951,21781951,1782869025748205,True,True
13447232,0.03990000,5544.20000000,21781952,21781953,1782869045423924,False,True
13447233,0.03990000,5544.20000000,21781954,21781955,1782869078588525,True,True
13447234,0.03990000,1800.70000000,21781956,21781957,1782869130773750,False,True
13447235,0.03990000,6342.00000000,21781958,21781960,1782869207802896,False,True
13447236,0.03990000,648.70000000,21781961,21781961,1782869212495367,True,True
13447237,0.03990000,5018.00000000,21781962,21781963,1782869257919749,True,True
13447238,0.03990000,6306.40000000,21781964,21781966,1782869267929561,False,True
13447239,0.03990000,300.70000000,21781967,21781967,1782869268396438,False,True
13447240,0.03990000,300.70000000,21781968,21781968,1782869268467617,False,True
13447241,0.04000000,14173.80000000,21781969,21781973,1782869288789225,False,True
13447242,0.04000000,1800.00000000,21781974,21781975,1782869310518347,False,True
13447243,0.04000000,4255.40000000,21781976,21781976,1782869317509636,True,True
13447244,0.04000000,6260.80000000,21781977,21781979,1782869372366045,False,True
13447245,0.04000000,19588.20000000,21781980,21781986,1782869408469128,True,True
13447246,0.04000000,3178.00000000,21781987,21781987,1782869410774959,False,True
13447247,0.04000000,145.00000000,21781988,21781988,1782869413882771,False,True
13447248,0.04000000,1655.00000000,21781989,21781990,1782869413883055,False,True
13447249,0.04010000,604.00000000,21781991,21781991,1782869413883055,False,True
13447250,0.04000000,5006.30000000,21781992,21781992,1782869413884981,True,True
13447251,0.04010000,7974.00000000,21781993,21781994,1782869446700229,False,True
13447252,0.04010000,1799.20000000,21781995,21781996,1782869450083776,False,True
13447253,0.04020000,2460.80000000,21781997,21781997,1782869450083776,False,True
13447254,0.04020000,1837.00000000,21781998,21781999,1782869450083919,False,True
13447255,0.04010000,1394.20000000,21782000,21782001,1782869513146998,True,True
13447256,0.04010000,2900.10000000,21782002,21782002,1782869513147063,True,True
13447257,0.04010000,299.20000000,21782003,21782003,1782869520643640,False,True
13447258,0.04010000,299.20000000,21782004,21782004,1782869601636672,True,True
13447259,0.04000000,5065.80000000,21782005,21782006,1782869601636672,True,True
13447260,0.04010000,299.20000000,21782007,21782007,1782869707636291,False,True
13447261,0.04020000,186.80000000,21782008,21782008,1782869820586876,False,True
13447262,0.04020000,309.00000000,21782009,21782009,1782869820611879,False,True
13447263,0.04020000,309.00000000,21782010,21782010,1782869820618541,False,True
13447264,0.04020000,177.00000000,21782011,21782011,1782869820671378,False,True
13447265,0.04020000,18160.50000000,21782012,21782017,1782869823785072,False,True
13447266,0.04030000,1452.00000000,21782018,21782018,1782869823787570,False,True
13447267,0.04030000,5365.00000000,21782019,21782020,1782869823787723,False,True
13447268,0.04030000,4367.00000000,21782021,21782022,1782869823787739,False,True
13447269,0.04030000,5365.00000000,21782023,21782023,1782869823787742,False,True
13447270,0.04030000,4367.00000000,21782024,21782025,1782869823787776,False,True
13447271,0.04020000,4273.70000000,21782026,21782027,1782869836028635,True,True
13447272,0.04020000,248.40000000,21782028,21782028,1782869836031113,True,True
13447273,0.04020000,244.20000000,21782029,21782029,1782869836031484,True,True
13447274,0.04020000,3482.60000000,21782030,21782030,1782869836034788,True,True
13447275,0.04020000,1459.70000000,21782031,21782032,1782869838752365,True,True
13447276,0.04020000,2814.00000000,21782033,21782033,1782869838756665,True,True
13447277,0.04030000,186.40000000,21782034,21782034,1782869909066339,False,True
13447278,0.04030000,186.40000000,21782035,21782035,1782869914862268,False,True
13447279,0.04030000,186.40000000,21782036,21782036,1782869917896192,False,True
13447280,0.04030000,4255.10000000,21782037,21782037,1782869917897317,False,True
13447281,0.04030000,5193.50000000,21782038,21782040,1782869917897801,False,True
13447282,0.04030000,12679.40000000,21782041,21782045,1782869917899314,False,True
13447283,0.04040000,1521.00000000,21782046,21782046,1782869917904697,False,True
13447284,0.04030000,767.20000000,21782047,21782047,1782869917904938,True,True
13447285,0.04030000,767.20000000,21782048,21782048,1782869917905582,True,True
13447286,0.04030000,767.30000000,21782049,21782049,1782869917906151,True,True
13447287,0.04040000,2242.00000000,21782050,21782050,1782869917908609,False,True
13447288,0.04030000,397.20000000,21782051,21782052,1782869917982442,True,True
13447289,0.04040000,185.90000000,21782053,21782054,1782869930240012,False,True
13447290,0.04040000,185.90000000,21782055,21782055,1782869935603465,False,True
13447291,0.04040000,39031.50000000,21782056,21782063,1782869935616155,False,True
13447292,0.04040000,8969.10000000,21782064,21782067,1782869941153610,True,True
13447293,0.04040000,185.90000000,21782068,21782068,1782869943033355,False,True
13447294,0.04040000,185.90000000,21782069,21782070,1782869943034140,False,True
13447295,0.04040000,185.90000000,21782071,21782071,1782869943036194,False,True
13447296,0.04040000,10619.20000000,21782072,21782072,1782869943188381,True,True
13447297,0.04040000,297.00000000,21782073,21782073,1782869943337610,False,True
13447298,0.04040000,2041.00000000,21782074,21782076,1782869945865674,True,True
13447299,0.04050000,4210.00000000,21782077,21782078,1782869953613774,False,True
13447300,0.04050000,300.00000000,21782079,21782079,1782869953619807,True,True
13447301,0.04060000,1742.00000000,21782080,21782080,1782869953630617,False,True
13447302,0.04050000,788.10000000,21782081,21782081,1782869959084187,True,True
13447303,0.04050000,224.30000000,21782082,21782082,1782869959085787,True,True
13447304,0.04050000,493.70000000,21782083,21782083,1782869959085840,True,True
13447305,0.04050000,3251.10000000,21782084,21782085,1782869960198237,True,True
13447306,0.04050000,2210.10000000,21782086,21782086,1782869960859070,False,True
13447307,0.04050000,300.00000000,21782087,21782087,1782869960862678,True,True
13447308,0.04060000,4313.00000000,21782088,21782088,1782869969491167,False,True
13447309,0.04060000,1142.00000000,21782089,21782089,1782869969491676,False,True
13447310,0.04060000,20866.20000000,21782090,21782093,1782869969495749,False,True
13447311,0.04050000,553.90000000,21782094,21782094,1782869971763805,True,True
13447312,0.04050000,296.20000000,21782095,21782095,1782870001307965,True,True
13447313,0.04040000,945.80000000,21782096,21782096,1782870001307965,True,True
13447314,0.04040000,419.00000000,21782097,21782097,1782870020118876,True,True
13447315,0.04050000,5485.40000000,21782098,21782100,1782870055644218,False,True
13447316,0.04050000,244.80000000,21782101,21782101,1782870055670863,False,True
13447317,0.04050000,247.20000000,21782102,21782102,1782870055671047,False,True
13447318,0.04050000,576.00000000,21782103,21782104,1782870057883366,False,True
13447319,0.04060000,2754.00000000,21782105,21782105,1782870057883366,False,True
13447320,0.04060000,1995.00000000,21782106,21782107,1782870057885785,False,True
13447321,0.04060000,295.50000000,21782108,21782108,1782870068164843,False,True
13447322,0.04060000,1630.70000000,21782109,21782110,1782870103036075,True,True
13447323,0.04060000,3125.80000000,21782111,21782111,1782870103039446,True,True
13447324,0.04060000,246.00000000,21782112,21782112,1782870103041543,True,True
13447325,0.04060000,4756.50000000,21782113,21782114,1782870104611718,True,True
13447326,0.04060000,295.50000000,21782115,21782115,1782870104682197,True,True
13447327,0.04050000,993.00000000,21782116,21782116,1782870104685084,True,True
13447328,0.04050000,296.20000000,21782117,21782117,1782870141745723,True,True
13447329,0.04050000,296.20000000,21782118,21782118,1782870141814511,True,True
13447330,0.04050000,6257.20000000,21782119,21782121,1782870212580040,False,True
13447331,0.04060000,295.50000000,21782122,21782122,1782870341232240,False,True
13447332,0.04050000,2352.00000000,21782123,21782124,1782870391083961,True,True
13447333,0.04050000,993.00000000,21782125,21782125,1782870391084045,True,True
13447334,0.04050000,1143.60000000,21782126,21782126,1782870391085373,True,True
13447335,0.04050000,2466.00000000,21782127,21782127,1782870391087051,True,True
13447336,0.04040000,1897.00000000,21782128,21782128,1782870391087169,True,True
13447337,0.04040000,2501.00000000,21782129,21782130,1782870391087339,True,True
13447338,0.04040000,1782.00000000,21782131,21782131,1782870391088250,True,True
13447339,0.04040000,1897.00000000,21782132,21782132,1782870546833206,True,True
13447340,0.04040000,2460.20000000,21782133,21782133,1782870546834364,True,True
13447341,0.04040000,4668.30000000,21782134,21782136,1782870546835302,True,True
13447342,0.04030000,1177.00000000,21782137,21782137,1782870546835368,True,True
13447343,0.04030000,329.00000000,21782138,21782138,1782870546835403,True,True
13447344,0.04030000,4008.00000000,21782139,21782140,1782870546835592,True,True
13447345,0.04040000,11694.50000000,21782141,21782144,1782870703466067,False,True
13447346,0.04040000,297.00000000,21782145,21782145,1782870780648581,False,True
13447347,0.04040000,5752.60000000,21782146,21782148,1782870785150006,False,True
13447348,0.04050000,403.10000000,21782149,21782149,1782870867866962,False,True
13447349,0.04050000,6136.40000000,21782150,21782152,1782870867868419,False,True
13447350,0.04050000,296.20000000,21782153,21782153,1782870876420978,True,True
13447351,0.04050000,1796.20000000,21782154,21782155,1782870893187958,False,True
13447352,0.04060000,2611.50000000,21782156,21782160,1782870952893094,False,True
13447353,0.04060000,295.50000000,21782161,21782161,1782870961506967,False,True
13447354,0.04060000,3825.00000000,21782162,21782163,1782870972489214,True,True
13447355,0.04060000,3630.60000000,21782164,21782165,1782870984738561,True,True
13447356,0.04060000,246.00000000,21782166,21782166,1782870984740642,True,True
13447357,0.04060000,295.50000000,21782167,21782167,1782870994324784,True,True
13447358,0.04060000,4120.50000000,21782168,21782169,1782871034847993,True,True
13447359,0.04060000,3825.00000000,21782170,21782170,1782871034920315,True,True
13447360,0.04050000,7800.00000000,21782171,21782172,1782871034991332,True,True
13447361,0.04060000,4270.50000000,21782173,21782174,1782871039664672,False,True
13447362,0.04060000,295.50000000,21782175,21782175,1782871039750033,False,True
13447363,0.04060000,295.50000000,21782176,21782176,1782871046953012,True,True
13447364,0.04050000,296.20000000,21782177,21782177,1782871133060336,True,True
13447365,0.04040000,1585.80000000,21782178,21782178,1782871133060336,True,True
13447366,0.04040000,4044.00000000,21782179,21782180,1782871133062826,True,True
13447367,0.04040000,3430.00000000,21782181,21782182,1782871133062906,True,True
13447368,0.04050000,296.20000000,21782183,21782183,1782871204364672,False,True
13447369,0.04050000,5751.80000000,21782184,21782186,1782871258036842,False,True
13447370,0.04050000,4121.20000000,21782187,21782188,1782871260235801,True,True
13447371,0.04050000,296.20000000,21782189,21782189,1782871261536259,True,True
13447372,0.04050000,296.20000000,21782190,21782190,1782871261695766,True,True
13447373,0.04050000,5751.80000000,21782191,21782193,1782871272177417,False,True
13447374,0.04050000,8076.80000000,21782194,21782196,1782871279634283,True,True
13447375,0.04050000,4121.20000000,21782197,21782198,1782871290227586,True,True
13447376,0.04050000,296.20000000,21782199,21782199,1782871303112529,True,True
13447377,0.04050000,5455.60000000,21782200,21782201,1782871355164152,False,True
13447378,0.04050000,1796.20000000,21782202,21782203,1782871372886345,False,True
13447379,0.04040000,26270.70000000,21782204,21782210,1782871597408240,True,True
13447380,0.04040000,9577.60000000,21782211,21782214,1782871620637295,False,True
13447381,0.04050000,1796.20000000,21782215,21782216,1782871834677599,False,True
13447382,0.04060000,295.50000000,21782217,21782217,1782871991278874,False,True
13447383,0.04060000,6097.10000000,21782218,21782221,1782872001089650,False,True
13447384,0.04060000,201.00000000,21782222,21782222,1782872023383489,True,True
13447385,0.04060000,719.00000000,21782223,21782223,1782872023387933,True,True
13447386,0.04060000,518.00000000,21782224,21782224,1782872023391597,True,True
13447387,0.04060000,377.00000000,21782225,21782225,1782872024310375,True,True
13447388,0.04060000,377.00000000,21782226,21782226,1782872024310647,True,True
13447389,0.04060000,282.00000000,21782227,21782227,1782872058890745,True,True
13447390,0.04060000,295.50000000,21782228,21782228,1782872059179414,True,True
13447391,0.04050000,746.50000000,21782229,21782229,1782872059179414,True,True
13447392,0.04050000,1324.00000000,21782230,21782230,1782872059180204,True,True
13447393,0.04060000,295.50000000,21782231,21782231,1782872104293737,False,True
13447394,0.04060000,295.50000000,21782232,21782232,1782872104361880,False,True
13447395,0.04060000,295.50000000,21782233,21782233,1782872104395976,False,True
13447396,0.04060000,295.50000000,21782234,21782234,1782872104419192,False,True
