180975315,1.78300000,394.30000000,354132589,354132589,1782864002265953,False,True
180975316,1.78300000,274.30000000,354132590,354132596,1782864002267291,False,True
180975317,1.78300000,4.30000000,354132597,354132597,1782864003276184,False,True
180975318,1.78300000,4.30000000,354132598,354132598,1782864003276401,False,True
180975319,1.78300000,4.30000000,354132599,354132599,1782864003276405,False,True
180975320,1.78300000,4.30000000,354132600,354132600,1782864003277027,False,True
180975321,1.78300000,4.30000000,354132601,354132601,1782864003277030,False,True
180975322,1.78300000,4.30000000,354132602,354132602,1782864003277032,False,True
180975323,1.78300000,7.80000000,354132603,354132603,1782864005579295,False,True
180975324,1.78300000,35.10000000,354132604,354132604,1782864016867070,False,True
180975325,1.78300000,112.00000000,354132605,354132605,1782864017082330,False,True
180975326,1.78300000,112.00000000,354132606,354132606,1782864017082415,False,True
180975327,1.78300000,112.00000000,354132607,354132607,1782864017082433,False,True
180975328,1.78300000,112.00000000,354132608,354132608,1782864017082685,False,True
180975329,1.78300000,5.60000000,354132609,354132610,1782864017089514,False,True
180975330,1.78300000,3.30000000,354132611,354132612,1782864020937278,False,True
180975331,1.78300000,3.30000000,354132613,354132613,1782864021236957,False,True
180975332,1.78300000,210.90000000,354132614,354132621,1782864023290548,False,True
180975333,1.78300000,2.90000000,354132622,354132622,1782864023291967,False,True
180975334,1.78300000,836.60000000,354132623,354132641,1782864042138581,True,True
180975335,1.78300000,325.70000000,354132642,354132643,1782864046176013,False,True
180975336,1.78300000,279.50000000,354132644,354132653,1782864046438471,False,True
180975337,1.78300000,7.00000000,354132654,354132656,1782864056320394,True,True
180975338,1.78300000,431.10000000,354132657,354132663,1782864068797857,True,True
180975339,1.78300000,1250.80000000,354132664,354132685,1782864092975504,True,True
180975340,1.78200000,351.40000000,354132686,354132691,1782864094346009,True,True
180975341,1.78300000,14.00000000,354132692,354132692,1782864097272148,False,True
180975342,1.78300000,246.80000000,354132693,354132703,1782864098007922,False,True
180975343,1.78300000,455.70000000,354132704,354132715,1782864114144660,True,True
180975344,1.78200000,30.00000000,354132716,354132716,1782864115612498,True,True
180975345,1.78300000,150.00000000,354132717,354132717,1782864118415850,False,True
180975346,1.78300000,133.50000000,354132718,354132726,1782864123246517,False,True
180975347,1.78300000,357.70000000,354132727,354132741,1782864135084692,True,True
180975348,1.78300000,158.70000000,354132742,354132746,1782864135086597,True,True
180975349,1.78300000,11.60000000,354132747,354132750,1782864135088256,True,True
180975350,1.78300000,28.00000000,354132751,354132751,1782864146361214,False,True
180975351,1.78200000,49.30000000,354132752,354132760,1782864156775811,True,True
180975352,1.78200000,266.80000000,354132761,354132771,1782864174824920,True,True
180975353,1.78200000,369.80000000,354132772,354132773,1782864174826367,False,True
180975354,1.78200000,5.70000000,354132774,354132775,1782864198072360,False,True
180975355,1.78100000,738.00000000,354132776,354132799,1782864199526170,True,True
180975356,1.78100000,49.40000000,354132800,354132802,1782864211124857,False,True
180975357,1.78100000,90.10000000,354132803,354132811,1782864212075876,False,True
180975358,1.78100000,742.00000000,354132812,354132814,1782864216154859,True,True
180975359,1.78200000,3.00000000,354132815,354132815,1782864223314165,False,True
180975360,1.78200000,561.10000000,354132816,354132819,1782864230829807,False,True
180975361,1.78200000,4.20000000,354132820,354132820,1782864233283029,False,True
180975362,1.78200000,877.90000000,354132821,354132824,1782864250677190,False,True
180975363,1.78200000,2800.00000000,354132825,354132825,1782864250678322,False,True
180975364,1.78200000,965.60000000,354132826,354132826,1782864250678341,False,True
180975365,1.78200000,880.90000000,354132827,354132835,1782864250679664,False,True
180975366,1.78300000,65.40000000,354132836,354132838,1782864251502436,False,True
180975367,1.78300000,37.70000000,354132839,354132850,1782864251505983,False,True
180975368,1.78400000,112.00000000,354132851,354132851,1782864251506087,False,True
180975369,1.78400000,217.00000000,354132852,354132852,1782864251509848,False,True
180975370,1.78400000,217.00000000,354132853,354132853,1782864251511439,False,True
180975371,1.78400000,217.00000000,354132854,354132854,1782864251515286,False,True
180975372,1.78400000,5.70000000,354132855,354132856,1782864256556487,False,True
180975373,1.78400000,11.20000000,354132857,354132861,1782864289917895,False,True
180975374,1.78400000,21.00000000,354132862,354132864,1782864301529538,False,True
180975375,1.78400000,768.50000000,354132865,354132866,1782864301740790,False,True
180975376,1.78400000,98.60000000,354132867,354132867,1782864301741015,False,True
180975377,1.78400000,88.70000000,354132868,354132868,1782864301742358,False,True
180975378,1.78400000,123.20000000,354132869,354132869,1782864301742377,False,True
180975379,1.78400000,1869.00000000,354132870,354132870,1782864301742560,False,True
180975380,1.78400000,2201.60000000,354132871,354132877,1782864301744910,False,True
180975381,1.78400000,3.00000000,354132878,354132878,1782864301745419,False,True
180975382,1.78500000,26.00000000,354132879,354132879,1782864301745419,False,True
180975383,1.78500000,27.00000000,354132880,354132880,1782864301745434,False,True
180975384,1.78500000,402.30000000,354132881,354132881,1782864303276599,False,True
180975385,1.78500000,76.70000000,354132882,354132882,1782864309510334,False,True
180975386,1.78500000,114.00000000,354132883,354132895,1782864311767302,False,True
180975387,1.78500000,49.00000000,354132896,354132896,1782864318404775,True,True
180975388,1.78500000,49.00000000,354132897,354132897,1782864318405051,True,True
180975389,1.78500000,965.60000000,354132898,354132902,1782864321749827,True,True
180975390,1.78500000,1400.00000000,354132903,354132909,1782864321750234,True,True
180975391,1.78500000,285.20000000,354132910,354132916,1782864321750931,True,True
180975392,1.78500000,32.60000000,354132917,354132918,1782864321752548,True,True
180975393,1.78500000,405.00000000,354132919,354132928,1782864321752594,True,True
180975394,1.78500000,283.90000000,354132929,354132931,1782864321752866,True,True
180975395,1.78500000,2.90000000,354132932,354132932,1782864325283241,False,True
180975396,1.78500000,6.00000000,354132933,354132934,1782864334097358,False,True
180975397,1.78400000,1400.00000000,354132935,354132948,1782864344144248,True,True
180975398,1.78400000,2109.80000000,354132949,354132953,1782864344144300,True,True
180975399,1.78400000,2.20000000,354132954,354132954,1782864344144474,True,True
180975400,1.78400000,86.00000000,354132955,354132961,1782864352092395,False,True
180975401,1.78400000,17.00000000,354132962,354132962,1782864355106599,False,True
180975402,1.78400000,8.00000000,354132963,354132963,1782864355922438,False,True
180975403,1.78400000,30.00000000,354132964,354132964,1782864357526855,False,True
180975404,1.78400000,31.00000000,354132965,354132965,1782864357823763,False,True
180975405,1.78400000,7.00000000,354132966,354132966,1782864360158867,False,True
180975406,1.78400000,3.00000000,354132967,354132967,1782864360420842,False,True
180975407,1.78400000,29.00000000,354132968,354132968,1782864361949915,False,True
180975408,1.78400000,10.00000000,354132969,354132969,1782864363446587,False,True
180975409,1.78400000,200.00000000,354132970,354132970,1782864366487095,False,True
180975410,1.78300000,1869.00000000,354132971,354132977,1782864375440270,True,True
180975411,1.78300000,768.40000000,354132978,354133001,1782864375442497,True,True
180975412,1.78300000,5.70000000,354133002,354133002,1782864375497155,False,True
180975413,1.78300000,5.70000000,354133003,354133003,1782864375569496,False,True
180975414,1.78300000,115.70000000,354133004,354133011,1782864376051512,False,True
180975415,1.78300000,808.90000000,354133012,354133020,1782864408399669,True,True
180975416,1.78300000,429.30000000,354133021,354133024,1782864408399877,True,True
180975417,1.78200000,11.10000000,354133025,354133027,1782864420638895,True,True
180975418,1.78200000,11.10000000,354133028,354133030,1782864420639466,True,True
180975419,1.78300000,560.80000000,354133031,354133032,1782864421385065,False,True
180975420,1.78300000,636.00000000,354133033,354133037,1782864426844981,False,True
180975421,1.78300000,748.10000000,354133038,354133051,1782864428127463,False,True
180975422,1.78300000,753.40000000,354133052,354133070,1782864434674286,True,True
180975423,1.78200000,25.60000000,354133071,354133077,1782864441966782,True,True
180975424,1.78200000,2213.60000000,354133078,354133083,1782864445567410,True,True
180975425,1.78200000,65.60000000,354133084,354133084,1782864473287131,True,True
180975426,1.78300000,42.00000000,354133085,354133092,1782864479958978,False,True
180975427,1.78300000,5.80000000,354133093,354133094,1782864479961020,False,True
180975428,1.78300000,76.60000000,354133095,354133095,1782864480822271,True,True
180975429,1.78300000,110.20000000,354133096,354133096,1782864488245848,True,True
180975430,1.78400000,716.90000000,354133097,354133097,1782864507956305,False,True
180975431,1.78300000,377.50000000,354133098,354133112,1782864513396885,True,True
180975432,1.78200000,126.30000000,354133113,354133121,1782864547307187,True,True
180975433,1.78300000,55.80000000,354133122,354133122,1782864547578505,False,True
180975434,1.78200000,71.00000000,354133123,354133123,1782864551116509,True,True
180975435,1.78200000,1624.50000000,354133124,354133143,1782864578105925,True,True
180975436,1.78200000,2.90000000,354133144,354133144,1782864578107340,True,True
180975437,1.78100000,33.60000000,354133145,354133155,1782864580192234,True,True
180975438,1.78100000,99.20000000,354133156,354133156,1782864583985697,False,True
180975439,1.78100000,3.30000000,354133157,354133157,1782864585535344,False,True
180975440,1.78100000,56.10000000,354133158,354133159,1782864592296889,False,True
180975441,1.78100000,948.00000000,354133160,354133170,1782864610207407,False,True
180975442,1.78200000,11.30000000,354133171,354133171,1782864613816854,False,True
180975443,1.78200000,92.30000000,354133172,354133172,1782864653982742,False,True
180975444,1.78200000,1402.20000000,354133173,354133181,1782864653984013,False,True
180975445,1.78200000,1400.00000000,354133182,354133182,1782864653984306,False,True
180975446,1.78200000,973.00000000,354133183,354133183,1782864653985454,False,True
180975447,1.78200000,54.30000000,354133184,354133184,1782864653986097,False,True
180975448,1.78200000,369.80000000,354133185,354133185,1782864653987270,False,True
180975449,1.78200000,335.10000000,354133186,354133186,1782864653988213,False,True
180975450,1.78200000,369.80000000,354133187,354133187,1782864653988814,False,True
180975451,1.78200000,131.40000000,354133188,354133188,1782864653989593,False,True
180975452,1.78200000,156.50000000,354133189,354133197,1782864653990278,False,True
180975453,1.78200000,3.00000000,354133198,354133198,1782864653990351,False,True
180975454,1.78200000,82.00000000,354133199,354133199,1782864663979258,True,True
180975455,1.78200000,5.40000000,354133200,354133200,1782864672496697,True,True
180975456,1.78200000,571.20000000,354133201,354133215,1782864677959391,True,True
180975457,1.78200000,105.10000000,354133216,354133221,1782864677960757,True,True
180975458,1.78200000,2.90000000,354133222,354133222,1782864702658078,False,True
180975459,1.78100000,457.50000000,354133223,354133235,1782864710750772,True,True
180975460,1.78100000,2.90000000,354133236,354133236,1782864710752083,True,True
180975461,1.78000000,301.10000000,354133237,354133237,1782864716548523,True,True
180975462,1.78000000,902.60000000,354133238,354133246,1782864718000300,True,True
180975463,1.78000000,31.90000000,354133247,354133248,1782864719256433,True,True
180975464,1.78100000,84.20000000,354133249,354133249,1782864726430309,False,True
180975465,1.78100000,24.30000000,354133250,354133250,1782864782833242,False,True
180975466,1.78100000,130.00000000,354133251,354133258,1782864796342676,False,True
180975467,1.78100000,5.90000000,354133259,354133260,1782864796342947,False,True
180975468,1.78100000,1198.60000000,354133261,354133267,1782864796968463,True,True
180975469,1.78100000,285.60000000,354133268,354133268,1782864796968586,True,True
180975470,1.78100000,8.80000000,354133269,354133271,1782864796968806,True,True
180975471,1.78100000,23.50000000,354133272,354133279,1782864798892377,False,True
180975472,1.78200000,535.90000000,354133280,354133280,1782864812226076,False,True
180975473,1.78200000,95.20000000,354133281,354133283,1782864812227710,False,True
180975474,1.78200000,94.10000000,354133284,354133291,1782864812229011,False,True
180975475,1.78200000,18.70000000,354133292,354133298,1782864814478303,False,True
180975476,1.78300000,297.00000000,354133299,354133299,1782864828130065,False,True
180975477,1.78300000,432.10000000,354133300,354133308,1782864835375866,False,True
180975478,1.78300000,550.10000000,354133309,354133309,1782864835377318,False,True
180975479,1.78300000,73.60000000,354133310,354133310,1782864835378546,False,True
180975480,1.78300000,934.50000000,354133311,354133311,1782864835378706,False,True
180975481,1.78300000,14.70000000,354133312,354133316,1782864836332480,False,True
180975482,1.78300000,3.00000000,354133317,354133317,1782864836332689,False,True
180975483,1.78400000,56.00000000,354133318,354133318,1782864878020974,False,True
180975484,1.78300000,1135.20000000,354133319,354133341,1782864896158154,True,True
180975485,1.78300000,5.90000000,354133342,354133343,1782864896158159,True,True
180975486,1.78300000,149.00000000,354133344,354133347,1782864899729197,False,True
180975487,1.78300000,144.60000000,354133348,354133354,1782864900685494,False,True
180975488,1.78400000,1120.50000000,354133355,354133362,1782864915121787,False,True
180975489,1.78400000,772.50000000,354133363,354133363,1782864916231877,False,True
180975490,1.78400000,794.40000000,354133364,354133364,1782864916231983,False,True
180975491,1.78400000,1291.00000000,354133365,354133365,1782864916232044,False,True
180975492,1.78400000,499.70000000,354133366,354133366,1782864916232053,False,True
180975493,1.78400000,1020.80000000,354133367,354133374,1782864916232097,False,True
180975494,1.78400000,464.00000000,354133375,354133375,1782864916232280,False,True
180975495,1.78400000,5.80000000,354133376,354133377,1782864916233515,False,True
180975496,1.78500000,561.00000000,354133378,354133380,1782864916234475,False,True
180975497,1.78500000,22.00000000,354133381,354133381,1782864916234502,False,True
180975498,1.78500000,561.00000000,354133382,354133382,1782864916234687,False,True
180975499,1.78500000,112.00000000,354133383,354133383,1782864916234959,False,True
180975500,1.78500000,112.00000000,354133384,354133385,1782864916235019,False,True
180975501,1.78500000,1122.00000000,354133386,354133386,1782864916235028,False,True
180975502,1.78500000,112.00000000,354133387,354133387,1782864916235153,False,True
180975503,1.78500000,112.00000000,354133388,354133388,1782864916235254,False,True
180975504,1.78500000,1122.00000000,354133389,354133397,1782864916237192,False,True
180975505,1.78500000,1122.00000000,354133398,354133398,1782864916237257,False,True
180975506,1.78400000,877.80000000,354133399,354133416,1782864922380449,True,True
180975507,1.78400000,153.60000000,354133417,354133421,1782864922380607,True,True
180975508,1.78300000,155.10000000,354133422,354133434,1782864940511738,True,True
180975509,1.78200000,386.50000000,354133435,354133449,1782864948296440,True,True
180975510,1.78200000,6.30000000,354133450,354133450,1782864962326560,False,True
180975511,1.78200000,4.90000000,354133451,354133451,1782864966229840,False,True
180975512,1.78100000,104.20000000,354133452,354133462,1782864977135542,True,True
180975513,1.78200000,136.00000000,354133463,354133472,1782864979742727,False,True
180975514,1.78300000,11.80000000,354133473,354133473,1782865007178205,False,True
180975515,1.78200000,23.50000000,354133474,354133474,1782865031152641,True,True
180975516,1.78300000,801.60000000,354133475,354133486,1782865056589070,False,True
180975517,1.78300000,82.50000000,354133487,354133487,1782865056591969,False,True
180975518,1.78300000,1869.00000000,354133488,354133488,1782865056591986,False,True
180975519,1.78300000,191.30000000,354133489,354133489,1782865056592160,False,True
180975520,1.78300000,112.00000000,354133490,354133490,1782865056601538,False,True
180975521,1.78300000,112.00000000,354133491,354133491,1782865056601847,False,True
180975522,1.78300000,112.00000000,354133492,354133492,1782865056601901,False,True
180975523,1.78300000,37.60000000,354133493,354133498,1782865056617535,False,True
180975524,1.78300000,111.10000000,354133499,354133507,1782865057261516,True,True
180975525,1.78300000,8.70000000,354133508,354133510,1782865057263050,True,True
180975526,1.78200000,49.00000000,354133511,354133511,1782865070252392,True,True
180975527,1.78200000,33.00000000,354133512,354133514,1782865070252858,True,True
180975528,1.78200000,16.00000000,354133515,354133515,1782865070254474,True,True
180975529,1.78200000,1118.50000000,354133516,354133538,1782865074078362,True,True
180975530,1.78200000,5.90000000,354133539,354133540,1782865074079427,True,True
180975531,1.78100000,49.00000000,354133541,354133541,1782865080501349,True,True
180975532,1.78100000,49.00000000,354133542,354133542,1782865080501717,True,True
180975533,1.78100000,366.00000000,354133543,354133550,1782865080808452,True,True
180975534,1.78200000,91.80000000,354133551,354133551,1782865083194537,False,True
180975535,1.78200000,5.40000000,354133552,354133552,1782865109720256,False,True
180975536,1.78200000,4.00000000,354133553,354133553,1782865133289404,False,True
180975537,1.78100000,1253.20000000,354133554,354133575,1782865138296847,True,True
180975538,1.78000000,1681.50000000,354133576,354133577,1782865151292000,True,True
180975539,1.78000000,4200.00000000,354133578,354133593,1782865151295497,True,True
180975540,1.78000000,28.30000000,354133594,354133596,1782865151295769,True,True
180975541,1.78000000,5.00000000,354133597,354133597,1782865151562563,False,True
180975542,1.77900000,3.30000000,354133598,354133598,1782865152915399,True,True
180975543,1.77900000,728.20000000,354133599,354133603,1782865166512030,True,True
180975544,1.78000000,5.00000000,354133604,354133604,1782865182318246,False,True
180975545,1.77900000,74.00000000,354133605,354133606,1782865190832229,True,True
180975546,1.77900000,519.40000000,354133607,354133622,1782865190832895,True,True
180975547,1.77900000,304.50000000,354133623,354133628,1782865192992839,False,True
180975548,1.77900000,124.70000000,354133629,354133634,1782865200456715,False,True
180975549,1.77900000,5.80000000,354133635,354133636,1782865200459173,False,True
180975550,1.78000000,2.80000000,354133637,354133637,1782865200760283,False,True
180975551,1.77900000,50.00000000,354133638,354133638,1782865206020543,True,True
180975552,1.78000000,56.10000000,354133639,354133639,1782865215277576,False,True
180975553,1.78000000,977.30000000,354133640,354133641,1782865231830254,False,True
180975554,1.78000000,1378.30000000,354133642,354133654,1782865231830387,False,True
180975555,1.78000000,9.30000000,354133655,354133658,1782865231835516,False,True
180975556,1.78000000,2.50000000,354133659,354133659,1782865231836816,False,True
180975557,1.78000000,21.80000000,354133660,354133665,1782865259355441,True,True
180975558,1.78000000,278.00000000,354133666,354133670,1782865263773829,True,True
180975559,1.78000000,330.80000000,354133671,354133681,1782865268232468,True,True
180975560,1.77900000,344.10000000,354133682,354133685,1782865268388666,True,True
180975561,1.78000000,17.50000000,354133686,354133686,1782865276974760,False,True
180975562,1.77900000,451.80000000,354133687,354133703,1782865277139708,True,True
180975563,1.77900000,5.60000000,354133704,354133704,1782865277941772,False,True
180975564,1.77800000,18.30000000,354133705,354133706,1782865290835519,True,True
180975565,1.77800000,315.00000000,354133707,354133707,1782865292248258,True,True
180975566,1.77800000,977.30000000,354133708,354133715,1782865292248359,True,True
180975567,1.77800000,6775.80000000,354133716,354133724,1782865292253693,True,True
180975568,1.77800000,48.20000000,354133725,354133725,1782865292259693,False,True
180975569,1.77800000,2.80000000,354133726,354133726,1782865292259871,False,True
180975570,1.77800000,19.50000000,354133727,354133727,1782865292260153,False,True
180975571,1.77800000,22.70000000,354133728,354133728,1782865292260445,False,True
180975572,1.77800000,11.20000000,354133729,354133729,1782865292260718,False,True
180975573,1.77800000,6.70000000,354133730,354133730,1782865292462900,False,True
180975574,1.77800000,5624.20000000,354133731,354133746,1782865293428843,False,True
180975575,1.77800000,13.00000000,354133747,354133748,1782865294257923,False,True
180975576,1.77800000,5624.20000000,354133749,354133759,1782865294723930,False,True
180975577,1.77800000,384.60000000,354133760,354133768,1782865294726889,False,True
180975578,1.77900000,81.00000000,354133769,354133769,1782865301067039,False,True
180975579,1.77900000,60.20000000,354133770,354133778,1782865306499702,False,True
180975580,1.77900000,5148.20000000,354133779,354133781,1782865306501651,False,True
180975581,1.77900000,69.10000000,354133782,354133787,1782865306503145,False,True
180975582,1.77900000,1387.10000000,354133788,354133796,1782865309275762,True,True
180975583,1.77900000,60.20000000,354133797,354133797,1782865309276047,True,True
180975584,1.77900000,934.50000000,354133798,354133803,1782865309302171,True,True
180975585,1.77900000,630.20000000,354133804,354133808,1782865309303596,True,True
180975586,1.77800000,120.20000000,354133809,354133811,1782865312603529,True,True
180975587,1.77800000,237.60000000,354133812,354133815,1782865312604659,True,True
180975588,1.77800000,104.40000000,354133816,354133816,1782865312606632,True,True
180975589,1.77800000,1411.10000000,354133817,354133817,1782865312608341,True,True
180975590,1.77800000,648.40000000,354133818,354133818,1782865312608807,True,True
180975591,1.77800000,1282.60000000,354133819,354133819,1782865312608830,True,True
180975592,1.77800000,715.70000000,354133820,354133820,1782865312609804,True,True
180975593,1.77800000,1900.40000000,354133821,354133830,1782865312609919,True,True
180975594,1.77700000,539.30000000,354133831,354133837,1782865312674355,True,True
180975595,1.77700000,46.10000000,354133838,354133838,1782865312674355,True,True
180975596,1.77700000,25.00000000,354133839,354133839,1782865312695610,True,True
180975597,1.77700000,228.80000000,354133840,354133843,1782865312751252,True,True
180975598,1.77700000,156.80000000,354133844,354133847,1782865316500906,True,True
180975599,1.77700000,3.00000000,354133848,354133849,1782865317264817,True,True
180975600,1.77700000,18.20000000,354133850,354133856,1782865318230397,True,True
180975601,1.77700000,3720.10000000,354133857,354133865,1782865320634131,True,True
180975602,1.77600000,225.00000000,354133866,354133868,1782865320656963,True,True
180975603,1.77600000,383.70000000,354133869,354133877,1782865320773398,True,True
180975604,1.77600000,334.60000000,354133878,354133878,1782865320785743,True,True
180975605,1.77700000,108.70000000,354133879,354133879,1782865321278430,False,True
180975606,1.77700000,2267.70000000,354133880,354133891,1782865364605534,False,True
180975607,1.77700000,1400.00000000,354133892,354133892,1782865364605592,False,True
180975608,1.77700000,1400.00000000,354133893,354133897,1782865364605684,False,True
180975609,1.77700000,1400.00000000,354133898,354133898,1782865364606067,False,True
180975610,1.77700000,15.00000000,354133899,354133899,1782865364607105,False,True
180975611,1.77700000,28.00000000,354133900,354133900,1782865364607402,False,True
180975612,1.77700000,15.00000000,354133901,354133901,1782865364607476,False,True
180975613,1.77700000,28.00000000,354133902,354133902,1782865364607765,False,True
180975614,1.77700000,83.40000000,354133903,354133908,1782865364610042,False,True
180975615,1.77800000,89.20000000,354133909,354133913,1782865381712359,False,True
180975616,1.77800000,6.00000000,354133914,354133914,1782865385032689,False,True
180975617,1.77800000,2458.00000000,354133915,354133917,1782865391607818,False,True
180975618,1.77700000,1400.00000000,354133918,354133936,1782865401137081,True,True
180975619,1.77700000,934.50000000,354133937,354133937,1782865401137450,True,True
180975620,1.77700000,2038.60000000,354133938,354133942,1782865401138416,True,True
180975621,1.77600000,225.00000000,354133943,354133943,1782865401176449,True,True
180975622,1.77700000,84.40000000,354133944,354133947,1782865413168140,False,True
180975623,1.77700000,270.40000000,354133948,354133955,1782865413169278,False,True
180975624,1.77800000,8.80000000,354133956,354133958,1782865436989716,False,True
180975625,1.77800000,54.50000000,354133959,354133968,1782865436989845,False,True
180975626,1.77800000,6303.60000000,354133969,354133975,1782865436992731,False,True
180975627,1.77900000,132.30000000,354133976,354133986,1782865437641824,False,True
180975628,1.77900000,6.10000000,354133987,354133989,1782865437643281,False,True
180975629,1.77900000,3.00000000,354133990,354133991,1782865443193551,True,True
180975630,1.78000000,111.70000000,354133992,354134002,1782865446488256,False,True
180975631,1.78000000,68.10000000,354134003,354134004,1782865486716532,False,True
180975632,1.78000000,26.90000000,354134005,354134010,1782865493091975,False,True
180975633,1.78000000,726.00000000,354134011,354134013,1782865499413297,False,True
180975634,1.78000000,30.00000000,354134014,354134014,1782865499414416,False,True
180975635,1.78000000,808.50000000,354134015,354134015,1782865499414582,False,True
180975636,1.78000000,3827.00000000,354134016,354134025,1782865499415041,False,True
180975637,1.78000000,16.80000000,354134026,354134026,1782865525822384,True,True
180975638,1.78000000,187.00000000,354134027,354134031,1782865539905081,True,True
180975639,1.78000000,294.80000000,354134032,354134037,1782865539905625,True,True
180975640,1.78000000,1109.80000000,354134038,354134047,1782865539906165,True,True
180975641,1.78000000,124.50000000,354134048,354134049,1782865539906196,True,True
180975642,1.78000000,93.50000000,354134050,354134051,1782865539906616,True,True
180975643,1.78000000,1400.00000000,354134052,354134058,1782865539908136,True,True
180975644,1.78000000,105.00000000,354134059,354134059,1782865539908258,True,True
180975645,1.78000000,243.40000000,354134060,354134060,1782865539908300,True,True
180975646,1.78000000,85.00000000,354134061,354134061,1782865539908797,True,True
180975647,1.78000000,54.20000000,354134062,354134062,1782865539908905,True,True
180975648,1.78000000,177.70000000,354134063,354134063,1782865539909575,True,True
180975649,1.78000000,1400.00000000,354134064,354134064,1782865539909718,True,True
180975650,1.78000000,934.20000000,354134065,354134068,1782865539910218,True,True
180975651,1.77900000,216.70000000,354134069,354134075,1782865539919072,True,True
180975652,1.77900000,1400.00000000,354134076,354134078,1782865539920325,True,True
180975653,1.77900000,1400.00000000,354134079,354134084,1782865539922507,True,True
180975654,1.77900000,1400.00000000,354134085,354134091,1782865539922522,True,True
180975655,1.77900000,133.40000000,354134092,354134092,1782865539923237,True,True
180975656,1.77900000,456.30000000,354134093,354134094,1782865539923330,True,True
180975657,1.77900000,49.60000000,354134095,354134095,1782865539923506,True,True
180975658,1.77900000,934.50000000,354134096,354134099,1782865539925190,True,True
180975659,1.77900000,89.60000000,354134100,354134100,1782865539937300,True,True
180975660,1.77900000,328.60000000,354134101,354134101,1782865539954875,True,True
180975661,1.77900000,422.60000000,354134102,354134103,1782865539957104,True,True
180975662,1.77900000,489.50000000,354134104,354134104,1782865539960504,True,True
180975663,1.77900000,1462.90000000,354134105,354134111,1782865539975663,True,True
180975664,1.77900000,290.20000000,354134112,354134112,1782865539987276,True,True
180975665,1.77900000,5.60000000,354134113,354134113,1782865539993478,True,True
180975666,1.77900000,2174.70000000,354134114,354134115,1782865539995109,True,True
180975667,1.77900000,290.30000000,354134116,354134117,1782865539997737,True,True
180975668,1.77800000,225.00000000,354134118,354134119,1782865540016917,True,True
180975669,1.77800000,230.00000000,354134120,354134120,1782865540239641,True,True
180975670,1.77900000,122.20000000,354134121,354134122,1782865543808007,False,True
180975671,1.77900000,3292.90000000,354134123,354134129,1782865543810007,False,True
180975672,1.77900000,2954.80000000,354134130,354134135,1782865543811328,False,True
180975673,1.77900000,8.70000000,354134136,354134138,1782865543812889,False,True
180975674,1.78000000,316.60000000,354134139,354134153,1782865561801951,False,True
180975675,1.78000000,3.70000000,354134154,354134154,1782865562172892,True,True
180975676,1.78000000,111.10000000,354134155,354134156,1782865562173468,True,True
180975677,1.78000000,571.00000000,354134157,354134157,1782865562174817,True,True
180975678,1.78000000,1215.50000000,354134158,354134163,1782865562175447,True,True
180975679,1.78000000,205.70000000,354134164,354134164,1782865562175747,True,True
180975680,1.78000000,1896.80000000,354134165,354134169,1782865562175841,True,True
180975681,1.78000000,107.30000000,354134170,354134172,1782865562602113,False,True
180975682,1.78000000,67.30000000,354134173,354134177,1782865562602941,False,True
180975683,1.78000000,20.10000000,354134178,354134178,1782865562636205,False,True
180975684,1.78000000,33.70000000,354134179,354134184,1782865562638924,False,True
180975685,1.78000000,285.40000000,354134185,354134185,1782865581665618,True,True
180975686,1.78000000,1778.50000000,354134186,354134193,1782865581665660,True,True
180975687,1.78000000,1262.50000000,354134194,354134197,1782865581665921,True,True
180975688,1.78000000,1102.20000000,354134198,354134198,1782865581667457,True,True
180975689,1.78000000,384.90000000,354134199,354134199,1782865581667502,True,True
180975690,1.78000000,819.70000000,354134200,354134200,1782865581671250,True,True
180975691,1.78000000,607.10000000,354134201,354134201,1782865581672966,True,True
180975692,1.78000000,11.90000000,354134202,354134205,1782865581673093,True,True
180975693,1.78000000,55.10000000,354134206,354134206,1782865587375018,False,True
180975694,1.77900000,25.50000000,354134207,354134207,1782865588234807,True,True
180975695,1.77900000,182.80000000,354134208,354134217,1782865618299297,True,True
180975696,1.77900000,1115.30000000,354134218,354134218,1782865618309866,True,True
180975697,1.77900000,687.10000000,354134219,354134219,1782865618323084,True,True
180975698,1.77900000,225.00000000,354134220,354134224,1782865618344159,True,True
180975699,1.78000000,2.90000000,354134225,354134225,1782865621871761,False,True
180975700,1.78000000,312.30000000,354134226,354134235,1782865626996961,False,True
180975701,1.78000000,647.20000000,354134236,354134237,1782865626997364,False,True
180975702,1.78000000,5.80000000,354134238,354134239,1782865626999546,False,True
180975703,1.78100000,28.00000000,354134240,354134246,1782865648223175,False,True
180975704,1.78000000,1698.30000000,354134247,354134257,1782865665433849,True,True
180975705,1.78100000,4952.80000000,354134258,354134259,1782865676821290,False,True
180975706,1.78100000,1400.00000000,354134260,354134271,1782865676821319,False,True
180975707,1.78100000,3.00000000,354134272,354134272,1782865676823192,False,True
180975708,1.78100000,315.00000000,354134273,354134275,1782865678552959,True,True
180975709,1.78200000,101.30000000,354134276,354134287,1782865691883902,False,True
180975710,1.78200000,357.20000000,354134288,354134292,1782865691884137,False,True
180975711,1.78300000,4546.10000000,354134293,354134313,1782865693413357,False,True
180975712,1.78300000,49.30000000,354134314,354134314,1782865693414822,True,True
180975713,1.78300000,24.50000000,354134315,354134315,1782865693415527,True,True
180975714,1.78300000,24.50000000,354134316,354134316,1782865693417346,True,True
180975715,1.78300000,1198.80000000,354134317,354134317,1782865715510671,True,True
180975716,1.78400000,3.00000000,354134318,354134318,1782865716928646,False,True
180975717,1.78300000,2.90000000,354134319,354134319,1782865741324839,True,True
180975718,1.78300000,10.60000000,354134320,354134320,1782865745113167,True,True
180975719,1.78400000,518.90000000,354134321,354134328,1782865761310831,False,True
180975720,1.78400000,1961.00000000,354134329,354134335,1782865761310926,False,True
180975721,1.78400000,1049.10000000,354134336,354134336,1782865761310979,False,True
180975722,1.78400000,1277.10000000,354134337,354134337,1782865761311145,False,True
180975723,1.78400000,678.80000000,354134338,354134338,1782865761311195,False,True
180975724,1.78400000,766.50000000,354134339,354134339,1782865761311199,False,True
180975725,1.78400000,397.50000000,354134340,354134343,1782865761311231,False,True
180975726,1.78400000,478.60000000,354134344,354134348,1782865761311265,False,True
180975727,1.78500000,17.00000000,354134349,354134349,1782865761330079,False,True
180975728,1.78400000,3054.70000000,354134350,354134361,1782865763684086,True,True
180975729,1.78400000,158.70000000,354134362,354134363,1782865786572510,False,True
180975730,1.78400000,37.40000000,354134364,354134364,1782865787618093,False,True
180975731,1.78400000,6.70000000,354134365,354134365,1782865793261317,False,True
180975732,1.78300000,300.00000000,354134366,354134366,1782865795627475,True,True
180975733,1.78300000,53.00000000,354134367,354134367,1782865803621803,True,True
180975734,1.78300000,6.00000000,354134368,354134368,1782865804836601,True,True
180975735,1.78400000,17.00000000,354134369,354134369,1782865806531721,False,True
180975736,1.78300000,166.00000000,354134370,354134370,1782865806727081,True,True
180975737,1.78300000,28.00000000,354134371,354134371,1782865830565383,True,True
180975738,1.78400000,17.00000000,354134372,354134377,1782865838218084,False,True
180975739,1.78400000,1869.00000000,354134378,354134380,1782865838304942,False,True
180975740,1.78400000,315.00000000,354134381,354134381,1782865838307408,False,True
180975741,1.78400000,104.60000000,354134382,354134382,1782865838308092,False,True
180975742,1.78400000,1764.40000000,354134383,354134383,1782865838310296,False,True
180975743,1.78400000,104.60000000,354134384,354134384,1782865838312934,False,True
180975744,1.78400000,103.00000000,354134385,354134385,1782865839001948,False,True
180975745,1.78400000,72.80000000,354134386,354134386,1782865839182571,False,True
180975746,1.78400000,63.70000000,354134387,354134387,1782865839283411,False,True
180975747,1.78400000,98.80000000,354134388,354134388,1782865839358166,False,True
180975748,1.78400000,7.70000000,354134389,354134389,1782865839406571,False,True
180975749,1.78400000,86.80000000,354134390,354134390,1782865839533225,False,True
180975750,1.78400000,69.90000000,354134391,354134391,1782865839534230,False,True
180975751,1.78400000,24.80000000,354134392,354134392,1782865839781361,False,True
180975752,1.78400000,1100.80000000,354134393,354134402,1782865839790277,False,True
180975753,1.78400000,133.80000000,354134403,354134407,1782865851000166,True,True
180975754,1.78400000,305.20000000,354134408,354134408,1782865851000266,True,True
180975755,1.78400000,218.50000000,354134409,354134409,1782865851000326,True,True
180975756,1.78400000,84.50000000,354134410,354134410,1782865851000557,True,True
180975757,1.78400000,1869.00000000,354134411,354134411,1782865851000793,True,True
180975758,1.78400000,802.10000000,354134412,354134421,1782865851001819,True,True
180975759,1.78300000,225.00000000,354134422,354134422,1782865851028547,True,True
180975760,1.78300000,126.00000000,354134423,354134423,1782865851153006,True,True
180975761,1.78400000,74.20000000,354134424,354134430,1782865859255330,False,True
180975762,1.78400000,20.70000000,354134431,354134436,1782865859319697,False,True
180975763,1.78400000,2.90000000,354134437,354134437,1782865859320898,False,True
180975764,1.78500000,934.50000000,354134438,354134449,1782865861955396,False,True
180975765,1.78500000,14.70000000,354134450,354134450,1782865861958287,False,True
180975766,1.78500000,919.80000000,354134451,354134451,1782865861958308,False,True
180975767,1.78500000,28.90000000,354134452,354134452,1782865861961121,False,True
180975768,1.78500000,370.70000000,354134453,354134453,1782865861999023,False,True
180975769,1.78500000,2789.30000000,354134454,354134458,1782865861999411,False,True
180975770,1.78500000,3.00000000,354134459,354134459,1782865861999516,False,True
180975771,1.78600000,154.50000000,354134460,354134473,1782865866179249,False,True
180975772,1.78600000,5.90000000,354134474,354134475,1782865866179345,False,True
180975773,1.78700000,934.50000000,354134476,354134489,1782865870893285,False,True
180975774,1.78700000,110.60000000,354134490,354134496,1782865870894005,False,True
180975775,1.78800000,17.00000000,354134497,354134501,1782865871180703,False,True
180975776,1.78800000,298.40000000,354134502,354134513,1782865872507276,False,True
180975777,1.78800000,307.00000000,354134514,354134519,1782865874491412,True,True
180975778,1.78800000,2657.60000000,354134520,354134525,1782865876432203,True,True
180975779,1.78800000,310.40000000,354134526,354134528,1782865876432373,True,True
180975780,1.78700000,391.60000000,354134529,354134529,1782865877295683,True,True
180975781,1.78800000,150.00000000,354134530,354134530,1782865877783195,False,True
180975782,1.78700000,1360.00000000,354134531,354134540,1782865879482502,True,True
180975783,1.78700000,14.80000000,354134541,354134545,1782865879491247,True,True
180975784,1.78600000,225.00000000,354134546,354134547,1782865879518857,True,True
180975785,1.78600000,334.20000000,354134548,354134555,1782865879634759,True,True
180975786,1.78700000,1119.10000000,354134556,354134558,1782865880121676,False,True
180975787,1.78600000,2801.40000000,354134559,354134571,1782865882003522,True,True
180975788,1.78600000,2.90000000,354134572,354134572,1782865882004651,True,True
180975789,1.78500000,109.60000000,354134573,354134583,1782865883367263,True,True
180975790,1.78500000,30.60000000,354134584,354134586,1782865890810363,False,True
180975791,1.78500000,113.80000000,354134587,354134593,1782865890812044,False,True
180975792,1.78500000,9.20000000,354134594,354134597,1782865890814842,False,True
180975793,1.78500000,17.40000000,354134598,354134603,1782865890818487,False,True
180975794,1.78500000,221.80000000,354134604,354134610,1782865896646264,True,True
180975795,1.78400000,225.00000000,354134611,354134611,1782865896672901,True,True
180975796,1.78400000,482.50000000,354134612,354134629,1782865897905931,True,True
180975797,1.78400000,2.90000000,354134630,354134630,1782865897907343,True,True
180975798,1.78400000,28.00000000,354134631,354134631,1782865906630390,False,True
180975799,1.78400000,28.00000000,354134632,354134632,1782865906630551,False,True
180975800,1.78400000,15.00000000,354134633,354134633,1782865906630702,False,True
180975801,1.78400000,15.00000000,354134634,354134634,1782865906630977,False,True
180975802,1.78300000,154.40000000,354134635,354134650,1782865921218777,True,True
180975803,1.78300000,79.10000000,354134651,354134657,1782865921242297,True,True
180975804,1.78200000,225.00000000,354134658,354134658,1782865921257511,True,True
180975805,1.78300000,196.60000000,354134659,354134663,1782865921717013,False,True
180975806,1.78300000,1024.70000000,354134664,354134669,1782865921718412,False,True
180975807,1.78300000,6.20000000,354134670,354134672,1782865921720671,False,True
180975808,1.78300000,8.80000000,354134673,354134676,1782865921723031,False,True
180975809,1.78300000,5.80000000,354134677,354134679,1782865921725891,False,True
180975810,1.78300000,15.00000000,354134680,354134685,1782865921816062,False,True
180975811,1.78300000,5.40000000,354134686,354134687,1782865921816135,False,True
180975812,1.78400000,5.50000000,354134688,354134688,1782865922405613,False,True
180975813,1.78400000,28.00000000,354134689,354134689,1782865924073252,False,True
180975814,1.78400000,15.00000000,354134690,354134690,1782865924073516,False,True
180975815,1.78400000,16.00000000,354134691,354134691,1782865927799129,False,True
180975816,1.78400000,13.00000000,354134692,354134692,1782865927800498,False,True
180975817,1.78300000,33.50000000,354134693,354134699,1782865930171718,True,True
180975818,1.78300000,360.20000000,354134700,354134711,1782865950797714,False,True
180975819,1.78400000,34.00000000,354134712,354134712,1782865950803353,False,True
180975820,1.78400000,78.00000000,354134713,354134717,1782865950809448,False,True
180975821,1.78400000,375.30000000,354134718,354134718,1782865952360587,False,True
180975822,1.78400000,1773.20000000,354134719,354134720,1782865952362580,False,True
180975823,1.78400000,126.60000000,354134721,354134721,1782865952363103,False,True
180975824,1.78400000,84.20000000,354134722,354134722,1782865952364413,False,True
180975825,1.78400000,269.20000000,354134723,354134723,1782865952364653,False,True
180975826,1.78400000,5.60000000,354134724,354134724,1782865952365234,False,True
180975827,1.78400000,82.50000000,354134725,354134725,1782865953025202,False,True
180975828,1.78400000,82.00000000,354134726,354134726,1782865953026735,False,True
180975829,1.78400000,62.10000000,354134727,354134727,1782865953027926,False,True
180975830,1.78400000,80.40000000,354134728,354134728,1782865953028935,False,True
180975831,1.78400000,74.80000000,354134729,354134729,1782865953030879,False,True
180975832,1.78400000,72.00000000,354134730,354134730,1782865953032467,False,True
180975833,1.78400000,80.40000000,354134731,354134731,1782865953035569,False,True
180975834,1.78400000,75.50000000,354134732,354134732,1782865953038074,False,True
180975835,1.78400000,65.10000000,354134733,354134733,1782865953059470,False,True
180975836,1.78400000,47.30000000,354134734,354134734,1782865953063505,False,True
180975837,1.78400000,1336.20000000,354134735,354134735,1782865953131238,False,True
180975838,1.78400000,76.20000000,354134736,354134736,1782865953132706,False,True
180975839,1.78400000,63.60000000,354134737,354134737,1782865953134188,False,True
180975840,1.78400000,435.20000000,354134738,354134738,1782865953652605,False,True
180975841,1.78400000,145.50000000,354134739,354134748,1782865953652625,False,True
180975842,1.78400000,11.60000000,354134749,354134752,1782865953655076,False,True
180975843,1.78400000,1400.50000000,354134753,354134758,1782865987980894,True,True
180975844,1.78300000,1869.00000000,354134759,354134769,1782865992290819,True,True
180975845,1.78300000,114.20000000,354134770,354134770,1782865992292043,True,True
180975846,1.78300000,65.70000000,354134771,354134772,1782865992292106,True,True
180975847,1.78300000,240.00000000,354134773,354134781,1782865997597385,False,True
180975848,1.78300000,1400.00000000,354134782,354134783,1782865997599001,False,True
180975849,1.78300000,6.40000000,354134784,354134784,1782865997614054,False,True
180975850,1.78300000,9.40000000,354134785,354134785,1782866000111554,False,True
180975851,1.78300000,15.80000000,354134786,354134786,1782866000362578,False,True
180975852,1.78300000,36.50000000,354134787,354134787,1782866000363225,False,True
180975853,1.78300000,27.40000000,354134788,354134788,1782866000803641,False,True
180975854,1.78300000,20.90000000,354134789,354134789,1782866001271989,False,True
180975855,1.78300000,934.50000000,354134790,354134790,1782866001579260,False,True
180975856,1.78300000,1400.00000000,354134791,354134791,1782866001580399,False,True
180975857,1.78300000,7.50000000,354134792,354134792,1782866001580592,False,True
180975858,1.78300000,1154.10000000,354134793,354134799,1782866001580921,False,True
180975859,1.78400000,116.00000000,354134800,354134803,1782866004292653,False,True
180975860,1.78400000,53.00000000,354134804,354134804,1782866004292741,False,True
180975861,1.78400000,69.00000000,354134805,354134805,1782866004292812,False,True
180975862,1.78400000,53.00000000,354134806,354134806,1782866004292830,False,True
180975863,1.78400000,69.00000000,354134807,354134807,1782866004292834,False,True
180975864,1.78400000,53.00000000,354134808,354134808,1782866004292902,False,True
180975865,1.78400000,53.00000000,354134809,354134809,1782866004293397,False,True
180975866,1.78400000,53.00000000,354134810,354134810,1782866004294800,False,True
180975867,1.78400000,2.80000000,354134811,354134811,1782866008205298,False,True
180975868,1.78400000,36.00000000,354134812,354134812,1782866009731369,False,True
180975869,1.78400000,289.10000000,354134813,354134813,1782866011100096,False,True
180975870,1.78400000,44.00000000,354134814,354134821,1782866017695322,False,True
180975871,1.78400000,11.00000000,354134822,354134822,1782866018696957,False,True
180975872,1.78400000,96.20000000,354134823,354134830,1782866019417090,False,True
180975873,1.78500000,153.50000000,354134831,354134831,1782866026386733,False,True
180975874,1.78500000,4.90000000,354134832,354134832,1782866033139777,False,True
180975875,1.78500000,14.30000000,354134833,354134833,1782866064335428,False,True
180975876,1.78500000,228.30000000,354134834,354134834,1782866065521263,False,True
180975877,1.78500000,1400.00000000,354134835,354134846,1782866073075604,False,True
180975878,1.78500000,1400.00000000,354134847,354134848,1782866073076829,False,True
180975879,1.78500000,150.80000000,354134849,354134849,1782866075396278,False,True
180975880,1.78500000,1110.50000000,354134850,354134850,1782866075396352,False,True
180975881,1.78500000,935.70000000,354134851,354134851,1782866075396419,False,True
180975882,1.78500000,1051.30000000,354134852,354134852,1782866075396432,False,True
180975883,1.78500000,988.00000000,354134853,354134858,1782866075396611,False,True
180975884,1.78500000,946.90000000,354134859,354134864,1782866075396695,False,True
180975885,1.78500000,3.00000000,354134865,354134865,1782866075396718,False,True
180975886,1.78600000,109.00000000,354134866,354134866,1782866075396718,False,True
180975887,1.78600000,112.00000000,354134867,354134867,1782866075396867,False,True
180975888,1.78600000,112.00000000,354134868,354134868,1782866075396995,False,True
180975889,1.78600000,112.00000000,354134869,354134869,1782866075397145,False,True
180975890,1.78600000,243.00000000,354134870,354134871,1782866075399060,False,True
180975891,1.78600000,243.00000000,354134872,354134873,1782866075399083,False,True
180975892,1.78600000,243.00000000,354134874,354134874,1782866075399329,False,True
180975893,1.78600000,16.00000000,354134875,354134875,1782866075399988,False,True
180975894,1.78600000,15.00000000,354134876,354134876,1782866075400176,False,True
180975895,1.78500000,247.30000000,354134877,354134879,1782866087360238,True,True
180975896,1.78500000,579.30000000,354134880,354134881,1782866087360271,True,True
180975897,1.78500000,184.50000000,354134882,354134883,1782866087360504,True,True
180975898,1.78500000,411.90000000,354134884,354134888,1782866087360602,True,True
180975899,1.78500000,308.60000000,354134889,354134889,1782866087361324,True,True
180975900,1.78500000,1429.00000000,354134890,354134901,1782866087362157,True,True
180975901,1.78500000,133.50000000,354134902,354134910,1782866091223989,False,True
180975902,1.78500000,4.80000000,354134911,354134911,1782866093009361,True,True
180975903,1.78500000,105.30000000,354134912,354134918,1782866097830108,True,True
180975904,1.78400000,159.00000000,354134919,354134919,1782866097873306,True,True
180975905,1.78400000,66.00000000,354134920,354134920,1782866097897057,True,True
180975906,1.78500000,1576.40000000,354134921,354134930,1782866099510659,False,True
180975907,1.78500000,100.00000000,354134931,354134936,1782866108205488,False,True
180975908,1.78400000,5.50000000,354134937,354134937,1782866109731534,True,True
180975909,1.78400000,560.60000000,354134938,354134940,1782866123409316,True,True
180975910,1.78400000,3197.10000000,354134941,354134961,1782866127844083,True,True
180975911,1.78400000,79.40000000,354134962,354134962,1782866127845661,True,True
180975912,1.78400000,800.50000000,354134963,354134969,1782866127845713,True,True
180975913,1.78400000,146.00000000,354134970,354134971,1782866132002119,False,True
180975914,1.78300000,1939.50000000,354134972,354134977,1782866138669586,True,True
180975915,1.78300000,628.40000000,354134978,354134978,1782866138670206,True,True
180975916,1.78300000,162.20000000,354134979,354134992,1782866157244283,True,True
180975917,1.78300000,2.80000000,354134993,354134993,1782866171218812,False,True
180975918,1.78300000,5.30000000,354134994,354134996,1782866191719102,False,True
180975919,1.78300000,151.10000000,354134997,354135005,1782866203782767,False,True
180975920,1.78300000,1828.20000000,354135006,354135008,1782866226067580,True,True
180975921,1.78300000,280.30000000,354135009,354135020,1782866226067591,True,True
180975922,1.78200000,1923.30000000,354135021,354135035,1782866226070663,True,True
180975923,1.78200000,524.30000000,354135036,354135039,1782866226070761,True,True
180975924,1.78100000,225.00000000,354135040,354135044,1782866226113643,True,True
180975925,1.78100000,18.20000000,354135045,354135045,1782866226426617,True,True
180975926,1.78200000,573.70000000,354135046,354135047,1782866228046870,False,True
180975927,1.78200000,240.20000000,354135048,354135058,1782866237017974,False,True
180975928,1.78300000,51.50000000,354135059,354135059,1782866255462296,False,True
180975929,1.78200000,18.10000000,354135060,354135060,1782866265941590,True,True
180975930,1.78200000,522.80000000,354135061,354135065,1782866293575920,True,True
180975931,1.78300000,2.90000000,354135066,354135066,1782866306711393,False,True
180975932,1.78200000,4.90000000,354135067,354135067,1782866312618812,True,True
180975933,1.78200000,2061.80000000,354135068,354135086,1782866315506948,True,True
180975934,1.78200000,9.00000000,354135087,354135089,1782866315508349,True,True
180975935,1.78100000,225.00000000,354135090,354135094,1782866315582224,True,True
180975936,1.78200000,50.40000000,354135095,354135095,1782866318420616,False,True
180975937,1.78100000,192.00000000,354135096,354135105,1782866323956804,True,True
180975938,1.78100000,3.00000000,354135106,354135106,1782866323956812,True,True
180975939,1.78000000,1395.60000000,354135107,354135119,1782866330517471,True,True
180975940,1.78000000,2.90000000,354135120,354135120,1782866330519141,True,True
180975941,1.78000000,55.50000000,354135121,354135121,1782866371672411,False,True
180975942,1.77900000,41.50000000,354135122,354135132,1782866375636828,True,True
180975943,1.77900000,9.70000000,354135133,354135136,1782866375638079,True,True
180975944,1.77900000,1323.50000000,354135137,354135137,1782866384217044,False,True
180975945,1.77900000,454.10000000,354135138,354135149,1782866384218369,False,True
180975946,1.77900000,500.00000000,354135150,354135155,1782866399621680,True,True
180975947,1.77900000,107.30000000,354135156,354135164,1782866404869104,True,True
180975948,1.77800000,225.00000000,354135165,354135167,1782866404907371,True,True
180975949,1.77900000,4.10000000,354135168,354135168,1782866422993906,False,True
180975950,1.77900000,15.10000000,354135169,354135169,1782866435826919,False,True
180975951,1.77900000,209.00000000,354135170,354135179,1782866441769426,False,True
180975952,1.78000000,56.10000000,354135180,354135180,1782866443367332,False,True
180975953,1.78000000,339.70000000,354135181,354135182,1782866444133169,False,True
180975954,1.78000000,8.20000000,354135183,354135183,1782866448082314,False,True
180975955,1.78000000,5.90000000,354135184,354135184,1782866458926597,False,True
180975956,1.77900000,192.20000000,354135185,354135189,1782866463710925,True,True
180975957,1.77900000,934.50000000,354135190,354135197,1782866463712012,True,True
180975958,1.77900000,781.50000000,354135198,354135203,1782866463712152,True,True
180975959,1.77900000,127.60000000,354135204,354135210,1782866490650700,False,True
180975960,1.77900000,5.90000000,354135211,354135212,1782866490653598,False,True
180975961,1.77900000,5.90000000,354135213,354135214,1782866490656143,False,True
180975962,1.77900000,12.20000000,354135215,354135219,1782866490658968,False,True
180975963,1.77900000,5.50000000,354135220,354135221,1782866490659765,False,True
180975964,1.77900000,316.70000000,354135222,354135227,1782866512868457,True,True
180975965,1.77900000,225.00000000,354135228,354135228,1782866535734442,True,True
180975966,1.78000000,3.00000000,354135229,354135229,1782866539410836,False,True
180975967,1.77900000,840.90000000,354135230,354135243,1782866556694916,True,True
180975968,1.77900000,8.70000000,354135244,354135246,1782866556696801,True,True
180975969,1.77800000,225.00000000,354135247,354135247,1782866556725740,True,True
180975970,1.77800000,399.30000000,354135248,354135252,1782866580836064,True,True
180975971,1.77800000,53.20000000,354135253,354135257,1782866629227416,True,True
180975972,1.77800000,16.40000000,354135258,354135259,1782866629227532,True,True
180975973,1.77800000,12.20000000,354135260,354135264,1782866629234716,True,True
180975974,1.77800000,49.70000000,354135265,354135272,1782866629392368,True,True
180975975,1.77800000,17.40000000,354135273,354135273,1782866629751224,False,True
180975976,1.77800000,46.20000000,354135274,354135274,1782866632975127,False,True
180975977,1.77800000,200.50000000,354135275,354135280,1782866632976442,False,True
180975978,1.77900000,5399.50000000,354135281,354135291,1782866699092136,False,True
180975979,1.77900000,1400.00000000,354135292,354135292,1782866699092245,False,True
180975980,1.77900000,234.90000000,354135293,354135293,1782866699092369,False,True
180975981,1.77900000,345.40000000,354135294,354135294,1782866699093339,False,True
180975982,1.77900000,216.50000000,354135295,354135302,1782866699093583,False,True
180975983,1.77900000,149.60000000,354135303,354135312,1782866704377443,True,True
180975984,1.77900000,318.70000000,354135313,354135313,1782866708184420,False,True
180975985,1.77900000,57.50000000,354135314,354135316,1782866711310644,False,True
180975986,1.77900000,57.70000000,354135317,354135317,1782866711568178,False,True
180975987,1.77900000,26.40000000,354135318,354135326,1782866711571679,False,True
180975988,1.77900000,22.90000000,354135327,354135330,1782866719906601,True,True
180975989,1.77900000,5.80000000,354135331,354135332,1782866719908155,True,True
180975990,1.77900000,33.80000000,354135333,354135333,1782866741487127,False,True
180975991,1.77900000,131.70000000,354135334,354135344,1782866741487158,False,True
180975992,1.78000000,112.00000000,354135345,354135347,1782866741497752,False,True
180975993,1.78000000,112.00000000,354135348,354135348,1782866741498514,False,True
180975994,1.78000000,112.00000000,354135349,354135349,1782866741498799,False,True
180975995,1.78000000,105.00000000,354135350,354135350,1782866741498802,False,True
180975996,1.78000000,16.00000000,354135351,354135351,1782866746855742,False,True
180975997,1.78000000,16.00000000,354135352,354135352,1782866746855962,False,True
180975998,1.77900000,51.50000000,354135353,354135353,1782866749410641,True,True
180975999,1.78000000,10.00000000,354135354,354135354,1782866752712075,False,True
180976000,1.78000000,32.90000000,354135355,354135362,1782866768194042,False,True
180976001,1.78000000,27.50000000,354135363,354135364,1782866768195266,False,True
180976002,1.78000000,11.10000000,354135365,354135365,1782866769500760,False,True
180976003,1.78000000,84.70000000,354135366,354135366,1782866769501644,False,True
180976004,1.78000000,1653.10000000,354135367,354135367,1782866769502491,False,True
180976005,1.78000000,1501.30000000,354135368,354135368,1782866769502770,False,True
180976006,1.78000000,112.60000000,354135369,354135369,1782866769504690,False,True
180976007,1.78000000,1732.20000000,354135370,354135378,1782866769505082,False,True
180976008,1.78100000,61.00000000,354135379,354135379,1782866769505191,False,True
180976009,1.78100000,61.00000000,354135380,354135380,1782866769505536,False,True
180976010,1.78000000,673.40000000,354135381,354135391,1782866782412429,True,True
180976011,1.77900000,251.00000000,354135392,354135404,1782866786549304,True,True
180976012,1.77800000,2.90000000,354135405,354135405,1782866808541747,True,True
180976013,1.77800000,53.90000000,354135406,354135406,1782866808546996,True,True
180976014,1.77900000,369.80000000,354135407,354135415,1782866820918285,False,True
180976015,1.77900000,934.50000000,354135416,354135416,1782866820919562,False,True
180976016,1.77900000,1278.80000000,354135417,354135417,1782866820919933,False,True
180976017,1.77900000,369.80000000,354135418,354135418,1782866820921278,False,True
180976018,1.77900000,934.50000000,354135419,354135419,1782866820921315,False,True
180976019,1.77900000,369.80000000,354135420,354135420,1782866820922869,False,True
180976020,1.77900000,799.80000000,354135421,354135421,1782866821229271,False,True
180976021,1.77900000,194.10000000,354135422,354135426,1782866821230426,False,True
180976022,1.77900000,3.00000000,354135427,354135427,1782866821230517,False,True
180976023,1.78000000,240.50000000,354135428,354135429,1782866836844060,False,True
180976024,1.77900000,307.30000000,354135430,354135441,1782866859653371,True,True
180976025,1.77900000,8.70000000,354135442,354135444,1782866867573657,False,True
180976026,1.77900000,148.50000000,354135445,354135453,1782866888101194,True,True
180976027,1.77800000,8154.40000000,354135454,354135477,1782866888103595,True,True
180976028,1.77800000,1400.00000000,354135478,354135479,1782866888103727,True,True
180976029,1.77800000,1400.00000000,354135480,354135482,1782866888104278,True,True
180976030,1.77800000,1212.90000000,354135483,354135485,1782866888104812,True,True
180976031,1.77700000,225.00000000,354135486,354135489,1782866888132402,True,True
180976032,1.77700000,26.10000000,354135490,354135497,1782866888266933,True,True
180976033,1.77700000,2.90000000,354135498,354135498,1782866888268297,True,True
180976034,1.77700000,268.80000000,354135499,354135502,1782866891936940,False,True
180976035,1.77700000,206.10000000,354135503,354135503,1782866892760429,False,True
180976036,1.77700000,126.20000000,354135504,354135504,1782866893253931,False,True
180976037,1.77600000,374.50000000,354135505,354135512,1782866908455906,True,True
180976038,1.77600000,844.50000000,354135513,354135524,1782866908456345,True,True
180976039,1.77600000,566.90000000,354135525,354135532,1782866908456352,True,True
180976040,1.77500000,225.00000000,354135533,354135542,1782866908479000,True,True
180976041,1.77500000,7882.40000000,354135543,354135568,1782866908479000,True,True
180976042,1.77500000,346.10000000,354135569,354135570,1782866908479000,True,True
180976043,1.77600000,754.90000000,354135571,354135572,1782866920816200,False,True
180976044,1.77600000,1362.20000000,354135573,354135581,1782866922638961,False,True
180976045,1.77600000,6.10000000,354135582,354135584,1782866922643386,False,True
180976046,1.77600000,5.90000000,354135585,354135587,1782866922643394,False,True
180976047,1.77600000,8.80000000,354135588,354135591,1782866922661258,False,True
180976048,1.77600000,14.70000000,354135592,354135596,1782866922934324,False,True
180976049,1.77700000,14.60000000,354135597,354135597,1782866956809199,False,True
180976050,1.77700000,80.80000000,354135598,354135598,1782866960674806,False,True
180976051,1.77600000,98.70000000,354135599,354135599,1782867051462474,True,True
180976052,1.77600000,3.60000000,354135600,354135600,1782867058940599,True,True
180976053,1.77600000,225.00000000,354135601,354135608,1782867064154410,True,True
180976054,1.77700000,1700.00000000,354135609,354135613,1782867069720219,False,True
180976055,1.77600000,7.60000000,354135614,354135614,1782867085632136,True,True
180976056,1.77700000,2.80000000,354135615,354135615,1782867090392691,False,True
180976057,1.77700000,585.10000000,354135616,354135623,1782867111048400,False,True
180976058,1.77700000,2800.00000000,354135624,354135627,1782867111049600,False,True
180976059,1.77700000,3825.80000000,354135628,354135629,1782867111050091,False,True
180976060,1.77700000,17.70000000,354135630,354135635,1782867111051182,False,True
180976061,1.77800000,1387.90000000,354135636,354135650,1782867111439928,False,True
180976062,1.77800000,5.80000000,354135651,354135652,1782867111441794,False,True
180976063,1.77900000,3.70000000,354135653,354135653,1782867111517906,False,True
180976064,1.77900000,1400.00000000,354135654,354135664,1782867162128261,False,True
180976065,1.77900000,386.30000000,354135665,354135665,1782867162128507,False,True
180976066,1.77900000,1400.00000000,354135666,354135666,1782867162129756,False,True
180976067,1.77900000,485.10000000,354135667,354135667,1782867162140305,False,True
180976068,1.77900000,1024.50000000,354135668,354135668,1782867163897824,False,True
180976069,1.77900000,253.40000000,354135669,354135669,1782867163897953,False,True
180976070,1.77900000,198.50000000,354135670,354135676,1782867163899349,False,True
180976071,1.77900000,3.00000000,354135677,354135677,1782867163899398,False,True
180976072,1.77900000,4496.90000000,354135678,354135691,1782867164221102,True,True
180976073,1.77900000,974.40000000,354135692,354135709,1782867167734142,True,True
180976074,1.77900000,1200.00000000,354135710,354135715,1782867175877647,False,True
180976075,1.77900000,18.30000000,354135716,354135722,1782867177929793,False,True
180976076,1.77900000,14.10000000,354135723,354135727,1782867177998597,False,True
180976077,1.78000000,9.90000000,354135728,354135729,1782867178490677,False,True
180976078,1.77900000,17.70000000,354135730,354135735,1782867181117124,True,True
180976079,1.77900000,1869.00000000,354135736,354135743,1782867193217649,False,True
180976080,1.77900000,934.50000000,354135744,354135744,1782867193220505,False,True
180976081,1.77900000,1468.50000000,354135745,354135745,1782867206479183,False,True
180976082,1.77800000,49.00000000,354135746,354135746,1782867247555031,True,True
180976083,1.77800000,49.00000000,354135747,354135747,1782867247555256,True,True
180976084,1.77800000,65.70000000,354135748,354135753,1782867251782398,True,True
180976085,1.77800000,2025.30000000,354135754,354135772,1782867251782409,True,True
180976086,1.77800000,22.70000000,354135773,354135777,1782867269190107,False,True
180976087,1.77800000,33.50000000,354135778,354135778,1782867269190364,False,True
180976088,1.77800000,22.70000000,354135779,354135780,1782867269193675,False,True
180976089,1.77800000,33.50000000,354135781,354135781,1782867269193874,False,True
180976090,1.77800000,33.50000000,354135782,354135782,1782867269218534,False,True
180976091,1.77800000,22.70000000,354135783,354135783,1782867269218634,False,True
180976092,1.77800000,22.70000000,354135784,354135784,1782867269224656,False,True
180976093,1.77800000,33.50000000,354135785,354135785,1782867269224660,False,True
180976094,1.77800000,22.70000000,354135786,354135786,1782867269242504,False,True
180976095,1.77800000,33.50000000,354135787,354135790,1782867269242632,False,True
180976096,1.77800000,22.70000000,354135791,354135791,1782867269247329,False,True
180976097,1.77800000,15.20000000,354135792,354135795,1782867269247470,False,True
180976098,1.77800000,22.70000000,354135796,354135798,1782867269266833,False,True
180976099,1.77800000,22.70000000,354135799,354135799,1782867269269767,False,True
180976100,1.77800000,100.00000000,354135800,354135807,1782867272514413,False,True
180976101,1.77800000,5.70000000,354135808,354135808,1782867292993668,False,True
180976102,1.77800000,112.30000000,354135809,354135809,1782867313879590,False,True
180976103,1.77800000,251.40000000,354135810,354135820,1782867315042919,False,True
180976104,1.77800000,22.80000000,354135821,354135821,1782867316489495,True,True
180976105,1.77800000,3.90000000,354135822,354135822,1782867352843334,True,True
180976106,1.77900000,123.70000000,354135823,354135823,1782867358202930,False,True
180976107,1.77900000,411.50000000,354135824,354135824,1782867360156304,False,True
180976108,1.77900000,1464.70000000,354135825,354135834,1782867360157538,False,True
180976109,1.77900000,8.70000000,354135835,354135837,1782867360159311,False,True
180976110,1.77900000,13.00000000,354135838,354135838,1782867381017539,True,True
180976111,1.78000000,12.00000000,354135839,354135842,1782867385206759,False,True
180976112,1.78000000,4.90000000,354135843,354135844,1782867389918563,False,True
180976113,1.78000000,10.00000000,354135845,354135845,1782867393417397,False,True
180976114,1.78000000,49.60000000,354135846,354135846,1782867428612247,False,True
180976115,1.77900000,13.20000000,354135847,354135847,1782867430773375,True,True
180976116,1.78000000,525.00000000,354135848,354135848,1782867461141665,False,True
180976117,1.78000000,525.00000000,354135849,354135856,1782867461141922,False,True
180976118,1.78000000,316.00000000,354135857,354135857,1782867461142699,False,True
180976119,1.78000000,3.00000000,354135858,354135858,1782867461162696,False,True
180976120,1.78000000,97.00000000,354135859,354135859,1782867461569027,False,True
180976121,1.78000000,84.00000000,354135860,354135860,1782867462278977,False,True
180976122,1.78000000,25.00000000,354135861,354135861,1782867464067442,False,True
180976123,1.78000000,97.00000000,354135862,354135863,1782867464067823,False,True
180976124,1.78000000,110.00000000,354135864,354135864,1782867466146074,False,True
180976125,1.78000000,43.00000000,354135865,354135865,1782867467431782,False,True
180976126,1.78000000,110.00000000,354135866,354135866,1782867468222878,False,True
180976127,1.78000000,55.00000000,354135867,354135867,1782867469280913,False,True
180976128,1.78000000,11.00000000,354135868,354135868,1782867469439502,False,True
180976129,1.78000000,9.00000000,354135869,354135869,1782867470294453,False,True
180976130,1.78000000,99.00000000,354135870,354135870,1782867470294720,False,True
180976131,1.78000000,105.00000000,354135871,354135872,1782867472366239,False,True
180976132,1.78000000,97.40000000,354135873,354135873,1782867472600380,False,True
180976133,1.78000000,105.00000000,354135874,354135874,1782867474438043,False,True
180976134,1.78000000,103.00000000,354135875,354135875,1782867476511135,False,True
180976135,1.78000000,422.00000000,354135876,354135876,1782867477064921,False,True
180976136,1.78000000,203.00000000,354135877,354135877,1782867477065043,False,True
180976137,1.78000000,422.00000000,354135878,354135878,1782867477065333,False,True
180976138,1.78000000,525.00000000,354135879,354135879,1782867477065477,False,True
180976139,1.78000000,194.10000000,354135880,354135880,1782867482847363,False,True
180976140,1.77900000,294.10000000,354135881,354135887,1782867489474099,True,True
180976141,1.77900000,44.40000000,354135888,354135888,1782867489482172,True,True
180976142,1.77900000,839.40000000,354135889,354135899,1782867489482529,True,True
180976143,1.77900000,1400.00000000,354135900,354135907,1782867489482692,True,True
180976144,1.77900000,8.70000000,354135908,354135910,1782867489485036,True,True
180976145,1.77800000,323.30000000,354135911,354135914,1782867489493063,True,True
180976146,1.77800000,49.00000000,354135915,354135915,1782867492836806,True,True
180976147,1.77800000,49.00000000,354135916,354135916,1782867492836834,True,True
180976148,1.77800000,49.00000000,354135917,354135917,1782867492836839,True,True
180976149,1.77800000,869.60000000,354135918,354135928,1782867515314141,True,True
180976150,1.77800000,17.70000000,354135929,354135934,1782867515316765,True,True
180976151,1.77800000,281.20000000,354135935,354135935,1782867518790323,False,True
180976152,1.77700000,99.60000000,354135936,354135936,1782867522278896,True,True
180976153,1.77700000,35.00000000,354135937,354135937,1782867547186242,True,True
180976154,1.77700000,2702.60000000,354135938,354135955,1782867553217211,True,True
180976155,1.77700000,84.30000000,354135956,354135956,1782867564388231,False,True
180976156,1.77600000,264.20000000,354135957,354135968,1782867572040554,True,True
180976157,1.77600000,10.10000000,354135969,354135969,1782867584623760,False,True
180976158,1.77600000,24.20000000,354135970,354135970,1782867585499677,False,True
180976159,1.77600000,6.70000000,354135971,354135973,1782867585953348,False,True
180976160,1.77600000,94.80000000,354135974,354135975,1782867586603169,False,True
180976161,1.77600000,56.90000000,354135976,354135983,1782867586604919,False,True
180976162,1.77600000,3.80000000,354135984,354135985,1782867586606565,False,True
180976163,1.77600000,94.80000000,354135986,354135991,1782867600524985,True,True
180976164,1.77600000,715.70000000,354135992,354135994,1782867600527233,True,True
180976165,1.77700000,1400.00000000,354135995,354136002,1782867635874121,False,True
180976166,1.77700000,1400.00000000,354136003,354136003,1782867635874156,False,True
180976167,1.77700000,1400.00000000,354136004,354136004,1782867635875418,False,True
180976168,1.77700000,512.40000000,354136005,354136005,1782867635875513,False,True
180976169,1.77700000,64.20000000,354136006,354136006,1782867635875906,False,True
180976170,1.77700000,2265.20000000,354136007,354136014,1782867635942981,False,True
180976171,1.77700000,8.70000000,354136015,354136017,1782867635945254,False,True
180976172,1.77700000,157.10000000,354136018,354136018,1782867649485643,True,True
180976173,1.77700000,28.90000000,354136019,354136027,1782867656016196,True,True
180976174,1.77600000,622.10000000,354136028,354136031,1782867668608378,True,True
180976175,1.77700000,877.00000000,354136032,354136033,1782867672074615,False,True
180976176,1.77700000,60.00000000,354136034,354136034,1782867689277994,False,True
180976177,1.77700000,243.00000000,354136035,354136040,1782867697708006,False,True
180976178,1.77700000,16.00000000,354136041,354136044,1782867716407667,False,True
180976179,1.77700000,16.00000000,354136045,354136045,1782867716407814,False,True
180976180,1.77600000,173.20000000,354136046,354136052,1782867736698943,True,True
180976181,1.77600000,9.60000000,354136053,354136053,1782867736901273,True,True
180976182,1.77600000,225.00000000,354136054,354136057,1782867741713203,True,True
180976183,1.77600000,893.90000000,354136058,354136075,1782867745292164,True,True
180976184,1.77600000,2.90000000,354136076,354136076,1782867745293815,True,True
180976185,1.77600000,584.50000000,354136077,354136088,1782867760288471,False,True
180976186,1.77700000,11.90000000,354136089,354136092,1782867765707260,False,True
180976187,1.77700000,893.90000000,354136093,354136093,1782867775403810,False,True
180976188,1.77700000,139.20000000,354136094,354136103,1782867775405476,False,True
180976189,1.77700000,1658.80000000,354136104,354136111,1782867783241274,True,True
180976190,1.77700000,2.90000000,354136112,354136112,1782867783242732,True,True
180976191,1.77700000,421.50000000,354136113,354136113,1782867787167730,False,True
180976192,1.77600000,1256.60000000,354136114,354136134,1782867843171939,True,True
180976193,1.77600000,3.00000000,354136135,354136135,1782867843252474,False,True
180976194,1.77500000,898.10000000,354136136,354136150,1782867850813425,True,True
180976195,1.77500000,421.40000000,354136151,354136151,1782867850813511,True,True
180976196,1.77500000,986.70000000,354136152,354136160,1782867852378264,True,True
180976197,1.77500000,11.90000000,354136161,354136164,1782867852379568,True,True
180976198,1.77500000,22.40000000,354136165,354136165,1782867853487301,False,True
180976199,1.77500000,433.60000000,354136166,354136166,1782867857175636,False,True
180976200,1.77400000,606.80000000,354136167,354136185,1782867857418644,True,True
180976201,1.77400000,450.20000000,354136186,354136186,1782867857468951,True,True
180976202,1.77400000,697.70000000,354136187,354136197,1782867857701928,True,True
180976203,1.77300000,244.30000000,354136198,354136213,1782867858525728,True,True
180976204,1.77200000,2260.00000000,354136214,354136225,1782867858530713,True,True
180976205,1.77200000,2534.40000000,354136226,354136228,1782867858530722,True,True
180976206,1.77200000,294.90000000,354136229,354136229,1782867858530745,True,True
180976207,1.77200000,428.80000000,354136230,354136234,1782867858530789,True,True
180976208,1.77200000,382.00000000,354136235,354136235,1782867858530927,True,True
180976209,1.77200000,1763.10000000,354136236,354136249,1782867858530936,True,True
180976210,1.77200000,225.00000000,354136250,354136252,1782867858556385,True,True
180976211,1.77200000,3.70000000,354136253,354136253,1782867858604052,True,True
180976212,1.77300000,365.50000000,354136254,354136255,1782867859495156,False,True
180976213,1.77300000,14.00000000,354136256,354136256,1782867860104442,False,True
180976214,1.77300000,233.80000000,354136257,354136257,1782867861253972,False,True
180976215,1.77300000,22.50000000,354136258,354136258,1782867868558305,False,True
180976216,1.77300000,1090.20000000,354136259,354136261,1782867869917039,False,True
180976217,1.77300000,17.10000000,354136262,354136262,1782867892883276,False,True
180976218,1.77200000,214.20000000,354136263,354136263,1782867899171171,True,True
180976219,1.77300000,64.00000000,354136264,354136264,1782867900090697,False,True
180976220,1.77300000,3.10000000,354136265,354136265,1782867904604977,False,True
180976221,1.77200000,9.30000000,354136266,354136269,1782867906510214,True,True
180976222,1.77200000,101.70000000,354136270,354136274,1782867906510436,True,True
180976223,1.77200000,53.80000000,354136275,354136275,1782867906510569,True,True
180976224,1.77200000,15.30000000,354136276,354136279,1782867906510705,True,True
180976225,1.77200000,339.00000000,354136280,354136280,1782867908622804,False,True
180976226,1.77200000,17.70000000,354136281,354136281,1782867910063062,False,True
180976227,1.77200000,42.00000000,354136282,354136282,1782867912456788,False,True
180976228,1.77100000,86.40000000,354136283,354136290,1782867917107198,True,True
180976229,1.77100000,858.30000000,354136291,354136296,1782867917107198,True,True
180976230,1.77100000,1268.60000000,354136297,354136317,1782867917171695,True,True
180976231,1.77100000,302.00000000,354136318,354136318,1782867918363824,False,True
180976232,1.77100000,5.10000000,354136319,354136319,1782867918650667,False,True
180976233,1.77100000,577.10000000,354136320,354136330,1782867919552944,False,True
180976234,1.77100000,38.80000000,354136331,354136337,1782867921102530,True,True
180976235,1.77100000,109.00000000,354136338,354136341,1782867922417959,False,True
180976236,1.77100000,3.00000000,354136342,354136342,1782867922418145,False,True
180976237,1.77200000,109.00000000,354136343,354136343,1782867922419354,False,True
180976238,1.77200000,109.00000000,354136344,354136349,1782867922419360,False,True
180976239,1.77200000,17.00000000,354136350,354136350,1782867922419405,False,True
180976240,1.77200000,109.00000000,354136351,354136351,1782867922419504,False,True
180976241,1.77200000,122.00000000,354136352,354136352,1782867922419688,False,True
180976242,1.77200000,109.00000000,354136353,354136353,1782867922419715,False,True
180976243,1.77200000,109.00000000,354136354,354136354,1782867922419732,False,True
180976244,1.77200000,109.00000000,354136355,354136355,1782867922419865,False,True
180976245,1.77200000,109.00000000,354136356,354136356,1782867922419910,False,True
180976246,1.77200000,92.00000000,354136357,354136357,1782867922419929,False,True
180976247,1.77200000,109.00000000,354136358,354136361,1782867922420318,False,True
180976248,1.77100000,751.20000000,354136362,354136362,1782867922734625,True,True
180976249,1.77100000,315.00000000,354136363,354136370,1782867924305473,True,True
180976250,1.77100000,542.00000000,354136371,354136373,1782867924308726,True,True
180976251,1.77100000,11.70000000,354136374,354136377,1782867924311812,True,True
180976252,1.77100000,248.30000000,354136378,354136382,1782867926022370,False,True
180976253,1.77100000,23.60000000,354136383,354136383,1782867926028703,False,True
180976254,1.77100000,124.80000000,354136384,354136389,1782867926042777,False,True
180976255,1.77200000,3.30000000,354136390,354136390,1782867929711878,False,True
180976256,1.77100000,418.30000000,354136391,354136400,1782867934848458,True,True
180976257,1.77100000,5.90000000,354136401,354136402,1782867934849942,True,True
180976258,1.77100000,52.50000000,354136403,354136407,1782867948464544,False,True
180976259,1.77100000,18.80000000,354136408,354136408,1782867948465916,False,True
180976260,1.77100000,14.60000000,354136409,354136413,1782867948467564,False,True
180976261,1.77200000,300.60000000,354136414,354136415,1782867960133093,False,True
180976262,1.77200000,1400.00000000,354136416,354136416,1782867960133189,False,True
180976263,1.77200000,18.10000000,354136417,354136417,1782867960142509,False,True
180976264,1.77200000,11.00000000,354136418,354136418,1782867960142622,False,True
180976265,1.77200000,1454.30000000,354136419,354136419,1782867961154160,False,True
180976266,1.77200000,6.70000000,354136420,354136420,1782867961349850,False,True
180976267,1.77200000,28.40000000,354136421,354136421,1782867961512834,False,True
180976268,1.77200000,427.30000000,354136422,354136422,1782867961513343,False,True
180976269,1.77200000,92.20000000,354136423,354136423,1782867961516646,False,True
180976270,1.77200000,83.80000000,354136424,354136424,1782867961517519,False,True
180976271,1.77200000,85.20000000,354136425,354136425,1782867961519159,False,True
180976272,1.77200000,104.30000000,354136426,354136426,1782867961522068,False,True
180976273,1.77200000,80.80000000,354136427,354136427,1782867961524720,False,True
180976274,1.77200000,50.70000000,354136428,354136428,1782867961556223,False,True
180976275,1.77200000,304.40000000,354136429,354136429,1782867961578939,False,True
180976276,1.77200000,78.60000000,354136430,354136430,1782867961581042,False,True
180976277,1.77200000,66.90000000,354136431,354136431,1782867961710340,False,True
180976278,1.77200000,88.80000000,354136432,354136432,1782867961712071,False,True
180976279,1.77200000,120.20000000,354136433,354136433,1782867961715420,False,True
180976280,1.77200000,116.60000000,354136434,354136434,1782867961718321,False,True
180976281,1.77200000,329.90000000,354136435,354136437,1782867961718359,False,True
180976282,1.77200000,1540.00000000,354136438,354136438,1782867961719674,False,True
180976283,1.77200000,76.20000000,354136439,354136446,1782867961719692,False,True
180976284,1.77200000,203.50000000,354136447,354136450,1782867961720957,False,True
180976285,1.77200000,8.70000000,354136451,354136453,1782867961721214,False,True
180976286,1.77300000,547.50000000,354136454,354136457,1782867963885408,False,True
180976287,1.77200000,934.50000000,354136458,354136472,1782867989947174,True,True
180976288,1.77200000,610.50000000,354136473,354136480,1782867989950267,True,True
180976289,1.77100000,481.90000000,354136481,354136490,1782867997691224,True,True
180976290,1.77100000,5.80000000,354136491,354136492,1782867997694152,True,True
180976291,1.77100000,120.00000000,354136493,354136494,1782868001378104,False,True
180976292,1.77000000,1198.80000000,354136495,354136509,1782868018836128,True,True
180976293,1.77000000,216.30000000,354136510,354136512,1782868018836128,True,True
180976294,1.77000000,126.20000000,354136513,354136513,1782868018836128,True,True
180976295,1.77000000,27.70000000,354136514,354136514,1782868018836128,True,True
180976296,1.77000000,8.50000000,354136515,354136517,1782868026653343,True,True
180976297,1.77000000,20.00000000,354136518,354136518,1782868034736373,True,True
180976298,1.77100000,57.90000000,354136519,354136522,1782868035685641,False,True
180976299,1.77100000,56.40000000,354136523,354136523,1782868038189634,False,True
180976300,1.77100000,16.00000000,354136524,354136525,1782868038216426,False,True
180976301,1.77100000,96.00000000,354136526,354136526,1782868038319390,False,True
180976302,1.77100000,25.00000000,354136527,354136527,1782868038319564,False,True
180976303,1.77100000,14.00000000,354136528,354136528,1782868038842952,False,True
180976304,1.77100000,73.00000000,354136529,354136529,1782868039329271,False,True
180976305,1.77100000,6.00000000,354136530,354136530,1782868039496364,False,True
180976306,1.77100000,14.00000000,354136531,354136531,1782868040120253,False,True
180976307,1.77100000,15.00000000,354136532,354136532,1782868040565024,False,True
180976308,1.77100000,8.00000000,354136533,354136533,1782868041261444,False,True
180976309,1.77100000,16.00000000,354136534,354136534,1782868041562054,False,True
180976310,1.77100000,18.00000000,354136535,354136535,1782868042985907,False,True
180976311,1.77100000,11.00000000,354136536,354136536,1782868046164032,False,True
180976312,1.77100000,22.00000000,354136537,354136537,1782868049161905,False,True
180976313,1.77100000,21.00000000,354136538,354136538,1782868049162741,False,True
180976314,1.77000000,1698.30000000,354136539,354136553,1782868051318678,True,True
180976315,1.77100000,17.00000000,354136554,354136554,1782868052057377,False,True
180976316,1.77100000,6.00000000,354136555,354136555,1782868056227859,False,True
180976317,1.77100000,41.00000000,354136556,354136556,1782868056337893,False,True
180976318,1.77100000,85.80000000,354136557,354136557,1782868057619468,False,True
180976319,1.77100000,23.60000000,354136558,354136558,1782868058273580,False,True
180976320,1.77100000,23.60000000,354136559,354136559,1782868058273750,False,True
180976321,1.77100000,23.00000000,354136560,354136560,1782868058274133,False,True
180976322,1.77100000,3.00000000,354136561,354136561,1782868059413205,False,True
180976323,1.77100000,326.10000000,354136562,354136568,1782868060940923,False,True
180976324,1.77100000,45.60000000,354136569,354136569,1782868060941531,False,True
180976325,1.77100000,3.00000000,354136570,354136570,1782868060944136,False,True
180976326,1.77200000,17.00000000,354136571,354136571,1782868061127203,False,True
180976327,1.77200000,6.00000000,354136572,354136572,1782868063987026,False,True
180976328,1.77200000,108.20000000,354136573,354136573,1782868074755757,False,True
180976329,1.77100000,572.50000000,354136574,354136587,1782868082410275,True,True
180976330,1.77100000,5.80000000,354136588,354136589,1782868082411601,True,True
180976331,1.77100000,399.00000000,354136590,354136592,1782868083713311,False,True
180976332,1.77000000,49.60000000,354136593,354136593,1782868092717432,True,True
180976333,1.77000000,2179.00000000,354136594,354136609,1782868096365792,True,True
180976334,1.76900000,216.80000000,354136610,354136618,1782868100935572,True,True
180976335,1.77000000,7.80000000,354136619,354136619,1782868104102230,False,True
180976336,1.76900000,181.40000000,354136620,354136624,1782868114185141,True,True
180976337,1.76900000,264.90000000,354136625,354136634,1782868114186864,True,True
180976338,1.76900000,19.50000000,354136635,354136635,1782868114850489,False,True
180976339,1.76900000,4.50000000,354136636,354136636,1782868115105555,False,True
180976340,1.76800000,5.00000000,354136637,354136637,1782868115819415,True,True
180976341,1.76900000,420.00000000,354136638,354136638,1782868116043838,False,True
180976342,1.76800000,3.00000000,354136639,354136639,1782868141256813,True,True
180976343,1.76900000,5.60000000,354136640,354136640,1782868145205034,False,True
180976344,1.76800000,13.90000000,354136641,354136641,1782868145782787,True,True
180976345,1.76900000,56.50000000,354136642,354136645,1782868150013339,False,True
180976346,1.76900000,16.90000000,354136646,354136646,1782868150393057,False,True
180976347,1.76800000,3.70000000,354136647,354136647,1782868151453185,True,True
180976348,1.76800000,3.10000000,354136648,354136648,1782868157441582,True,True
180976349,1.76800000,359.70000000,354136649,354136650,1782868175694180,True,True
180976350,1.76900000,126.10000000,354136651,354136657,1782868191564274,False,True
180976351,1.76900000,21.40000000,354136658,354136658,1782868191564623,False,True
180976352,1.76900000,1409.10000000,354136659,354136664,1782868194455384,True,True
180976353,1.76900000,657.20000000,354136665,354136673,1782868194855249,True,True
180976354,1.77000000,160.10000000,354136674,354136674,1782868195734964,False,True
180976355,1.76900000,47.90000000,354136675,354136676,1782868200297732,True,True
180976356,1.76900000,16.40000000,354136677,354136677,1782868200307718,True,True
180976357,1.76900000,57.50000000,354136678,354136679,1782868209075305,True,True
180976358,1.77000000,105.70000000,354136680,354136680,1782868212798260,False,True
180976359,1.76900000,777.90000000,354136681,354136693,1782868214193400,True,True
180976360,1.76800000,571.00000000,354136694,354136705,1782868217083967,True,True
180976361,1.76800000,135.20000000,354136706,354136707,1782868217086207,True,True
180976362,1.76800000,196.60000000,354136708,354136713,1782868217147399,True,True
180976363,1.76800000,197.70000000,354136714,354136714,1782868217147704,True,True
180976364,1.76800000,3.00000000,354136715,354136715,1782868217148992,True,True
180976365,1.76700000,29.10000000,354136716,354136720,1782868222290035,True,True
180976366,1.76700000,394.30000000,354136721,354136724,1782868222359112,True,True
180976367,1.76700000,105.20000000,354136725,354136731,1782868222443355,True,True
180976368,1.76700000,53.80000000,354136732,354136732,1782868222566780,True,True
180976369,1.76700000,35.80000000,354136733,354136733,1782868222571134,True,True
180976370,1.76700000,5.80000000,354136734,354136735,1782868222582490,True,True
180976371,1.76700000,9.60000000,354136736,354136736,1782868223190555,False,True
180976372,1.76700000,5.60000000,354136737,354136737,1782868223190946,False,True
180976373,1.76700000,25.40000000,354136738,354136738,1782868223200922,False,True
180976374,1.76700000,11.30000000,354136739,354136739,1782868223439848,False,True
180976375,1.76700000,10.00000000,354136740,354136740,1782868223669921,False,True
180976376,1.76700000,70.40000000,354136741,354136745,1782868224594651,False,True
180976377,1.76700000,391.30000000,354136746,354136746,1782868225077572,False,True
180976378,1.76600000,122.90000000,354136747,354136754,1782868227952010,True,True
180976379,1.76600000,24.70000000,354136755,354136756,1782868227952574,True,True
180976380,1.76600000,585.80000000,354136757,354136760,1782868227953023,True,True
180976381,1.76600000,987.70000000,354136761,354136773,1782868227957168,True,True
180976382,1.76600000,27.60000000,354136774,354136774,1782868228392449,False,True
180976383,1.76600000,22.70000000,354136775,354136775,1782868228393071,False,True
180976384,1.76600000,15.90000000,354136776,354136776,1782868228782990,False,True
180976385,1.76600000,23.20000000,354136777,354136777,1782868229023655,False,True
180976386,1.76600000,57.20000000,354136778,354136781,1782868229558019,False,True
180976387,1.76600000,6.30000000,354136782,354136782,1782868229651714,False,True
180976388,1.76500000,268.50000000,354136783,354136790,1782868229967220,True,True
180976389,1.76500000,5.00000000,354136791,354136791,1782868229967220,True,True
180976390,1.76600000,305.70000000,354136792,354136795,1782868231895549,False,True
180976391,1.76600000,4.60000000,354136796,354136796,1782868233119307,False,True
180976392,1.76500000,210.60000000,354136797,354136797,1782868235310965,True,True
180976393,1.76500000,408.90000000,354136798,354136801,1782868235311293,True,True
180976394,1.76500000,103.30000000,354136802,354136802,1782868235311924,True,True
180976395,1.76500000,129.20000000,354136803,354136803,1782868235312316,True,True
180976396,1.76500000,3078.60000000,354136804,354136804,1782868235315798,True,True
180976397,1.76500000,293.50000000,354136805,354136805,1782868235315846,True,True
180976398,1.76500000,876.90000000,354136806,354136806,1782868235316334,True,True
180976399,1.76500000,86.00000000,354136807,354136807,1782868235316602,True,True
180976400,1.76500000,199.60000000,354136808,354136808,1782868235316994,True,True
180976401,1.76500000,607.60000000,354136809,354136818,1782868238152881,True,True
180976402,1.76500000,53.80000000,354136819,354136822,1782868238161084,True,True
180976403,1.76400000,605.90000000,354136823,354136827,1782868238276587,True,True
180976404,1.76400000,127.10000000,354136828,354136828,1782868238277461,True,True
180976405,1.76400000,442.10000000,354136829,354136837,1782868238879790,True,True
180976406,1.76300000,56.70000000,354136838,354136839,1782868239056596,True,True
180976407,1.76300000,54.60000000,354136840,354136840,1782868239056596,True,True
180976408,1.76300000,56.10000000,354136841,354136842,1782868239056596,True,True
180976409,1.76300000,34.00000000,354136843,354136843,1782868239056596,True,True
180976410,1.76300000,3426.60000000,354136844,354136852,1782868239439567,True,True
180976411,1.76300000,103.00000000,354136853,354136854,1782868239439782,True,True
180976412,1.76300000,70.50000000,354136855,354136858,1782868239696898,False,True
180976413,1.76300000,98.80000000,354136859,354136859,1782868239739849,False,True
180976414,1.76200000,3.30000000,354136860,354136860,1782868240257718,True,True
180976415,1.76300000,334.20000000,354136861,354136869,1782868240320064,False,True
180976416,1.76300000,774.10000000,354136870,354136873,1782868240424366,False,True
180976417,1.76300000,11.70000000,354136874,354136877,1782868240485725,False,True
180976418,1.76300000,26.10000000,354136878,354136878,1782868241160811,False,True
180976419,1.76300000,1133.80000000,354136879,354136882,1782868241519663,False,True
180976420,1.76300000,231.70000000,354136883,354136889,1782868241531783,False,True
180976421,1.76400000,243.30000000,354136890,354136890,1782868241531783,False,True
180976422,1.76300000,6.00000000,354136891,354136892,1782868242161314,True,True
180976423,1.76300000,56.40000000,354136893,354136893,1782868242525360,False,True
180976424,1.76300000,280.20000000,354136894,354136895,1782868242773099,False,True
180976425,1.76300000,41.80000000,354136896,354136896,1782868242840720,False,True
180976426,1.76300000,269.70000000,354136897,354136897,1782868247070177,False,True
180976427,1.76300000,101.70000000,354136898,354136898,1782868247158568,False,True
180976428,1.76300000,82.50000000,354136899,354136899,1782868248753643,False,True
180976429,1.76300000,63.20000000,354136900,354136903,1782868253792372,False,True
180976430,1.76200000,614.00000000,354136904,354136914,1782868257183316,True,True
180976431,1.76200000,10.10000000,354136915,354136918,1782868257823333,False,True
180976432,1.76200000,3.40000000,354136919,354136919,1782868258094326,False,True
180976433,1.76200000,3.00000000,354136920,354136920,1782868260655623,False,True
180976434,1.76200000,123.00000000,354136921,354136928,1782868260952535,False,True
180976435,1.76300000,56.70000000,354136929,354136929,1782868262436006,False,True
180976436,1.76300000,10.00000000,354136930,354136930,1782868263532393,False,True
180976437,1.76200000,959.90000000,354136931,354136934,1782868265252693,True,True
180976438,1.76300000,106.50000000,354136935,354136935,1782868267547402,False,True
180976439,1.76300000,57.00000000,354136936,354136942,1782868269203274,False,True
180976440,1.76300000,201.90000000,354136943,354136943,1782868269927674,False,True
180976441,1.76300000,77.10000000,354136944,354136945,1782868276598077,False,True
180976442,1.76300000,1400.00000000,354136946,354136946,1782868279928052,False,True
180976443,1.76300000,1400.00000000,354136947,354136947,1782868279929844,False,True
180976444,1.76300000,4.30000000,354136948,354136948,1782868285396577,False,True
180976445,1.76300000,4.30000000,354136949,354136949,1782868285396586,False,True
180976446,1.76300000,4.30000000,354136950,354136950,1782868285396608,False,True
180976447,1.76300000,384.00000000,354136951,354136951,1782868285399017,False,True
180976448,1.76300000,37.00000000,354136952,354136952,1782868285399057,False,True
180976449,1.76300000,105.20000000,354136953,354136953,1782868285402404,False,True
180976450,1.76300000,284.80000000,354136954,354136954,1782868285406052,False,True
180976451,1.76300000,969.60000000,354136955,354136955,1782868285406291,False,True
180976452,1.76300000,134.10000000,354136956,354136956,1782868285415874,False,True
180976453,1.76300000,341.80000000,354136957,354136966,1782868285418568,False,True
180976454,1.76400000,42.50000000,354136967,354136967,1782868290778406,False,True
180976455,1.76300000,633.10000000,354136968,354136974,1782868304750159,True,True
180976456,1.76300000,101.80000000,354136975,354136977,1782868304750236,True,True
180976457,1.76300000,1043.40000000,354136978,354136983,1782868304751467,True,True
180976458,1.76300000,100.70000000,354136984,354136984,1782868304751666,True,True
180976459,1.76300000,163.30000000,354136985,354136991,1782868304751798,True,True
180976460,1.76300000,622.50000000,354136992,354136992,1782868305018404,False,True
180976461,1.76300000,50.90000000,354136993,354136993,1782868305150729,False,True
180976462,1.76300000,934.50000000,354136994,354136995,1782868305969218,False,True
180976463,1.76200000,5426.70000000,354136996,354137024,1782868313436809,True,True
180976464,1.76200000,7.30000000,354137025,354137026,1782868313438244,False,True
180976465,1.76200000,7.30000000,354137027,354137029,1782868313438260,False,True
180976466,1.76200000,952.20000000,354137030,354137036,1782868313446133,False,True
180976467,1.76300000,21.20000000,354137037,354137037,1782868318902593,False,True
180976468,1.76300000,1400.00000000,354137038,354137042,1782868320298043,False,True
180976469,1.76300000,20.90000000,354137043,354137043,1782868320302589,False,True
180976470,1.76300000,3326.30000000,354137044,354137044,1782868320303807,False,True
180976471,1.76300000,926.40000000,354137045,354137049,1782868320304289,False,True
180976472,1.76300000,455.70000000,354137050,354137052,1782868320304440,False,True
180976473,1.76400000,54.00000000,354137053,354137053,1782868320306590,False,True
180976474,1.76400000,113.00000000,354137054,354137054,1782868320306684,False,True
180976475,1.76400000,113.00000000,354137055,354137055,1782868320317752,False,True
180976476,1.76400000,59.00000000,354137056,354137056,1782868320317941,False,True
180976477,1.76400000,113.00000000,354137057,354137057,1782868320318774,False,True
180976478,1.76400000,4.00000000,354137058,354137058,1782868328136882,False,True
180976479,1.76300000,508.80000000,354137059,354137064,1782868334546952,True,True
180976480,1.76300000,21.10000000,354137065,354137065,1782868340450836,True,True
180976481,1.76300000,845.60000000,354137066,354137073,1782868340633597,True,True
180976482,1.76300000,161.20000000,354137074,354137081,1782868340806077,True,True
180976483,1.76200000,73.90000000,354137082,354137089,1782868344767317,True,True
180976484,1.76100000,20.70000000,354137090,354137094,1782868346069964,True,True
180976485,1.76100000,7.60000000,354137095,354137095,1782868346069964,True,True
180976486,1.76100000,55.30000000,354137096,354137096,1782868346069964,True,True
180976487,1.76100000,3.70000000,354137097,354137097,1782868348203698,True,True
180976488,1.76200000,56.90000000,354137098,354137098,1782868350163191,False,True
180976489,1.76100000,298.40000000,354137099,354137100,1782868353257653,True,True
180976490,1.76100000,164.90000000,354137101,354137101,1782868353257752,True,True
180976491,1.76100000,164.90000000,354137102,354137102,1782868353257788,True,True
180976492,1.76100000,164.90000000,354137103,354137103,1782868353257803,True,True
180976493,1.76100000,30.60000000,354137104,354137113,1782868353257885,True,True
180976494,1.76000000,1803.60000000,354137114,354137123,1782868364890394,True,True
180976495,1.76000000,3366.00000000,354137124,354137146,1782868364890394,True,True
180976496,1.75900000,1853.20000000,354137147,354137168,1782868364959196,True,True
180976497,1.75800000,28.00000000,354137169,354137169,1782868364959196,True,True
180976498,1.75900000,6.60000000,354137170,354137170,1782868365024792,False,True
180976499,1.75900000,27.50000000,354137171,354137171,1782868365025000,False,True
180976500,1.75900000,22.70000000,354137172,354137172,1782868365025205,False,True
180976501,1.75800000,62.60000000,354137173,354137173,1782868365051679,True,True
180976502,1.75800000,34.90000000,354137174,354137174,1782868365051738,True,True
180976503,1.75800000,82.20000000,354137175,354137175,1782868365051796,True,True
180976504,1.75800000,1850.30000000,354137176,354137190,1782868365053465,True,True
180976505,1.75800000,2800.00000000,354137191,354137201,1782868365053673,True,True
180976506,1.75800000,30.90000000,354137202,354137202,1782868365053741,True,True
180976507,1.75800000,946.80000000,354137203,354137207,1782868365054440,True,True
180976508,1.75800000,22.90000000,354137208,354137210,1782868365054561,True,True
180976509,1.75800000,108.90000000,354137211,354137211,1782868365098141,False,True
180976510,1.75800000,108.60000000,354137212,354137212,1782868365330879,False,True
180976511,1.75800000,108.60000000,354137213,354137213,1782868365330880,False,True
180976512,1.75700000,108.50000000,354137214,354137215,1782868365353057,True,True
180976513,1.75700000,18.80000000,354137216,354137216,1782868365353057,True,True
180976514,1.75700000,48.70000000,354137217,354137217,1782868365353057,True,True
180976515,1.75700000,108.50000000,354137218,354137218,1782868365353154,True,True
180976516,1.75800000,108.60000000,354137219,354137219,1782868365363990,False,True
180976517,1.75700000,108.50000000,354137220,354137224,1782868365378180,True,True
180976518,1.75700000,33.50000000,354137225,354137225,1782868365453051,True,True
180976519,1.75700000,1392.00000000,354137226,354137242,1782868365453099,True,True
180976520,1.75700000,38.60000000,354137243,354137243,1782868365453356,True,True
180976521,1.75700000,30.10000000,354137244,354137245,1782868365453550,True,True
180976522,1.75700000,934.50000000,354137246,354137251,1782868365455062,True,True
180976523,1.75700000,93.50000000,354137252,354137252,1782868365457923,True,True
180976524,1.75800000,3.00000000,354137253,354137253,1782868365461542,False,True
180976525,1.75700000,31.90000000,354137254,354137254,1782868365462676,True,True
180976526,1.75700000,330.90000000,354137255,354137259,1782868365484282,True,True
180976527,1.75700000,59.00000000,354137260,354137262,1782868365489036,True,True
180976528,1.75600000,124.40000000,354137263,354137264,1782868365666846,True,True
180976529,1.75600000,1377.10000000,354137265,354137265,1782868365712728,True,True
180976530,1.75600000,763.40000000,354137266,354137271,1782868365716273,True,True
180976531,1.75600000,1400.00000000,354137272,354137281,1782868365718226,True,True
180976532,1.75600000,493.40000000,354137282,354137284,1782868365723758,True,True
180976533,1.75600000,7.00000000,354137285,354137285,1782868365727205,False,True
180976534,1.75600000,22.70000000,354137286,354137286,1782868365728163,False,True
180976535,1.75500000,6381.10000000,354137287,354137310,1782868365831632,True,True
180976536,1.75400000,30.40000000,354137311,354137313,1782868365831632,True,True
180976537,1.75400000,379.80000000,354137314,354137316,1782868365831632,True,True
180976538,1.75500000,160.60000000,354137317,354137324,1782868365834776,False,True
180976539,1.75600000,20.90000000,354137325,354137325,1782868365835104,False,True
180976540,1.75500000,1426.50000000,354137326,354137330,1782868365925179,True,True
180976541,1.75500000,127.00000000,354137331,354137331,1782868365929631,True,True
180976542,1.75500000,99.90000000,354137332,354137332,1782868365945435,False,True
180976543,1.75400000,131.20000000,354137333,354137335,1782868365959211,True,True
180976544,1.75400000,17.00000000,354137336,354137336,1782868365980867,True,True
180976545,1.75400000,1372.80000000,354137337,354137343,1782868365981867,True,True
180976546,1.75400000,134.10000000,354137344,354137345,1782868365984770,True,True
