13420569,0.05790000,5997.40,40327995,40327999,1782864007353833,False,True
13420570,0.05790000,4555.00,40328000,40328005,1782864007354043,False,True
13420571,0.05800000,3456.00,40328006,40328006,1782864007356039,False,True
13420572,0.05800000,3456.00,40328007,40328007,1782864007356143,False,True
13420573,0.05800000,3456.00,40328008,40328009,1782864007356149,False,True
13420574,0.05800000,3456.00,40328010,40328010,1782864007356311,False,True
13420575,0.05790000,17561.10,40328011,40328011,1782864007356743,True,True
13420576,0.05800000,3456.00,40328012,40328012,1782864007356764,False,True
13420577,0.05800000,3456.00,40328013,40328013,1782864007357001,False,True
13420578,0.05790000,7822.30,40328014,40328018,1782864007358364,True,True
13420579,0.05790000,282.00,40328019,40328021,1782864007683937,False,True
13420580,0.05800000,3173.00,40328022,40328022,1782864007683937,False,True
13420581,0.05800000,3455.00,40328023,40328026,1782864007684045,False,True
13420582,0.05800000,3455.00,40328027,40328027,1782864007684144,False,True
13420583,0.05800000,3455.00,40328028,40328028,1782864007684178,False,True
13420584,0.05800000,3455.00,40328029,40328029,1782864007684240,False,True
13420585,0.05800000,3455.00,40328030,40328030,1782864007684311,False,True
13420586,0.05790000,40344.30,40328031,40328038,1782864007730867,True,True
13420587,0.05790000,45923.20,40328039,40328043,1782864007730944,True,True
13420588,0.05790000,1802.50,40328044,40328047,1782864008238881,False,True
13420589,0.05800000,1426.50,40328048,40328048,1782864008238881,False,True
13420590,0.05800000,3229.00,40328049,40328049,1782864008238964,False,True
13420591,0.05800000,286.00,40328050,40328050,1782864008239083,False,True
13420592,0.05800000,190.00,40328051,40328051,1782864008361682,False,True
13420593,0.05790000,47000.00,40328052,40328056,1782864008620281,True,True
13420594,0.05790000,1076.80,40328057,40328057,1782864008620459,True,True
13420595,0.05790000,28570.80,40328058,40328069,1782864008621587,True,True
13420596,0.05790000,24145.60,40328070,40328073,1782864008648157,False,True
13420597,0.05790000,94.00,40328074,40328074,1782864008650650,False,True
13420598,0.05790000,188.00,40328075,40328076,1782864008651183,False,True
13420599,0.05790000,22382.90,40328077,40328082,1782864010072577,True,True
13420600,0.05790000,276.20,40328083,40328085,1782864012280321,False,True
13420601,0.05790000,93.80,40328086,40328086,1782864012280353,False,True
13420602,0.05790000,60000.80,40328087,40328094,1782864013641369,True,True
13420603,0.05790000,620.00,40328095,40328095,1782864013679680,False,True
13420604,0.05790000,620.00,40328096,40328096,1782864013679874,False,True
13420605,0.05790000,620.00,40328097,40328097,1782864013679935,False,True
13420606,0.05790000,620.00,40328098,40328098,1782864013679941,False,True
13420607,0.05790000,620.00,40328099,40328099,1782864013679998,False,True
13420608,0.05790000,620.00,40328100,40328100,1782864013680418,False,True
13420609,0.05790000,281.40,40328101,40328103,1782864013681811,False,True
13420610,0.05800000,620.00,40328104,40328104,1782864013692640,False,True
13420611,0.05800000,620.00,40328105,40328105,1782864013698148,False,True
13420612,0.05790000,6337.10,40328106,40328107,1782864017388426,True,True
13420613,0.05790000,70616.30,40328108,40328116,1782864017450578,True,True
13420614,0.05790000,9761.00,40328117,40328120,1782864017450806,True,True
13420615,0.05790000,93.80,40328121,40328121,1782864017451755,True,True
13420616,0.05790000,3455.00,40328122,40328122,1782864017455307,False,True
13420617,0.05790000,14372.00,40328123,40328126,1782864017456167,False,True
13420618,0.05800000,388.00,40328127,40328127,1782864017457543,False,True
13420619,0.05800000,3455.00,40328128,40328130,1782864017457845,False,True
13420620,0.05800000,3067.00,40328131,40328131,1782864017458158,False,True
13420621,0.05800000,3455.00,40328132,40328132,1782864017458678,False,True
13420622,0.05800000,3455.00,40328133,40328133,1782864017458788,False,True
13420623,0.05800000,2752.00,40328134,40328135,1782864017458933,False,True
13420624,0.05800000,703.00,40328136,40328136,1782864017459640,False,True
13420625,0.05790000,3506.40,40328137,40328137,1782864021115221,True,True
13420626,0.05790000,6000.00,40328138,40328138,1782864023278085,True,True
13420627,0.05800000,3349.00,40328139,40328139,1782864023607620,False,True
13420628,0.05800000,3372.00,40328140,40328140,1782864023655226,False,True
13420629,0.05800000,101.00,40328141,40328141,1782864023655387,False,True
13420630,0.05800000,3450.00,40328142,40328142,1782864023655631,False,True
13420631,0.05800000,3450.00,40328143,40328143,1782864023656328,False,True
13420632,0.05800000,3450.00,40328144,40328144,1782864023656742,False,True
13420633,0.05800000,3395.00,40328145,40328145,1782864023657553,False,True
13420634,0.05800000,728.00,40328146,40328146,1782864023659911,False,True
13420635,0.05800000,3449.00,40328147,40328147,1782864027112931,False,True
13420636,0.05800000,2721.00,40328148,40328148,1782864027113126,False,True
13420637,0.05800000,3449.00,40328149,40328149,1782864027113279,False,True
13420638,0.05800000,3449.00,40328150,40328150,1782864027114831,False,True
13420639,0.05800000,4188.20,40328151,40328151,1782864027115549,False,True
13420640,0.05800000,235.00,40328152,40328152,1782864027130085,False,True
13420641,0.05800000,235.00,40328153,40328153,1782864027130601,False,True
13420642,0.05800000,235.00,40328154,40328154,1782864027130751,False,True
13420643,0.05800000,178.00,40328155,40328155,1782864027130772,False,True
13420644,0.05800000,235.00,40328156,40328156,1782864027130909,False,True
13420645,0.05800000,100.00,40328157,40328157,1782864027146884,False,True
13420646,0.05800000,2856.00,40328158,40328158,1782864027329631,False,True
13420647,0.05800000,2856.00,40328159,40328159,1782864027329963,False,True
13420648,0.05800000,2856.00,40328160,40328160,1782864027330033,False,True
13420649,0.05800000,2421.00,40328161,40328161,1782864027330206,False,True
13420650,0.05800000,317.00,40328162,40328162,1782864027347831,False,True
13420651,0.05800000,93.00,40328163,40328163,1782864027521680,False,True
13420652,0.05800000,943.00,40328164,40328164,1782864027537962,False,True
13420653,0.05800000,290.00,40328165,40328165,1782864027538098,False,True
13420654,0.05800000,943.00,40328166,40328166,1782864027538183,False,True
13420655,0.05800000,943.00,40328167,40328167,1782864027538227,False,True
13420656,0.05800000,241.00,40328168,40328168,1782864027782521,False,True
13420657,0.05800000,241.00,40328169,40328169,1782864027782643,False,True
13420658,0.05800000,241.00,40328170,40328170,1782864027782687,False,True
13420659,0.05800000,42329.80,40328171,40328176,1782864027853415,False,True
13420660,0.05800000,94.00,40328177,40328177,1782864027853560,False,True
13420661,0.05810000,126.00,40328178,40328178,1782864027855194,False,True
13420662,0.05800000,6337.10,40328179,40328179,1782864031397510,True,True
13420663,0.05800000,42329.80,40328180,40328184,1782864034710891,True,True
13420664,0.05800000,47000.00,40328185,40328206,1782864034710940,True,True
13420665,0.05800000,4833.60,40328207,40328210,1782864034711024,True,True
13420666,0.05800000,45005.90,40328211,40328221,1782864034712217,True,True
13420667,0.05800000,1710.00,40328222,40328222,1782864034733635,False,True
13420668,0.05800000,1710.00,40328223,40328223,1782864034734133,False,True
13420669,0.05800000,280.80,40328224,40328226,1782864034748796,False,True
13420670,0.05810000,29.20,40328227,40328227,1782864034748796,False,True
13420671,0.05800000,1712.00,40328228,40328231,1782864036671825,False,True
13420672,0.05800000,1712.00,40328232,40328232,1782864036672013,False,True
13420673,0.05800000,1712.00,40328233,40328233,1782864036672102,False,True
13420674,0.05800000,1712.00,40328234,40328234,1782864036685165,False,True
13420675,0.05800000,333.00,40328235,40328235,1782864036686531,False,True
13420676,0.05800000,1013.00,40328236,40328236,1782864036945734,False,True
13420677,0.05800000,1013.00,40328237,40328237,1782864036945985,False,True
13420678,0.05800000,1013.00,40328238,40328238,1782864036961973,False,True
13420679,0.05800000,1766.00,40328239,40328239,1782864037047507,False,True
13420680,0.05800000,1590.00,40328240,40328240,1782864037149684,False,True
13420681,0.05800000,1590.00,40328241,40328241,1782864037149989,False,True
13420682,0.05800000,1590.00,40328242,40328242,1782864037166060,False,True
13420683,0.05800000,1085.00,40328243,40328246,1782864037720072,False,True
13420684,0.05800000,1085.00,40328247,40328247,1782864037720775,False,True
13420685,0.05800000,1085.00,40328248,40328248,1782864037721241,False,True
13420686,0.05800000,1085.00,40328249,40328249,1782864037721512,False,True
13420687,0.05800000,1085.00,40328250,40328250,1782864037734033,False,True
13420688,0.05800000,656.00,40328251,40328251,1782864037900969,False,True
13420689,0.05800000,1603.00,40328252,40328252,1782864037985490,False,True
13420690,0.05800000,1603.00,40328253,40328253,1782864037985752,False,True
13420691,0.05800000,1603.00,40328254,40328255,1782864037985791,False,True
13420692,0.05800000,1603.00,40328256,40328256,1782864037985808,False,True
13420693,0.05800000,1603.00,40328257,40328257,1782864038001912,False,True
13420694,0.05800000,802.00,40328258,40328258,1782864038213668,False,True
13420695,0.05800000,802.00,40328259,40328259,1782864038213688,False,True
13420696,0.05800000,802.00,40328260,40328260,1782864038213792,False,True
13420697,0.05800000,802.00,40328261,40328261,1782864038213934,False,True
13420698,0.05800000,481.00,40328262,40328262,1782864038436218,False,True
13420699,0.05800000,433.00,40328263,40328263,1782864038438023,False,True
13420700,0.05800000,433.00,40328264,40328264,1782864038441363,False,True
13420701,0.05800000,346.00,40328265,40328265,1782864038537488,False,True
13420702,0.05800000,346.00,40328266,40328266,1782864038553390,False,True
13420703,0.05800000,346.00,40328267,40328267,1782864038555633,False,True
13420704,0.05800000,242.00,40328268,40328268,1782864038763744,False,True
13420705,0.05800000,242.00,40328269,40328269,1782864038764096,False,True
13420706,0.05800000,194.00,40328270,40328270,1782864038867560,False,True
13420707,0.05800000,194.00,40328271,40328271,1782864038867936,False,True
13420708,0.05800000,194.00,40328272,40328272,1782864038884949,False,True
13420709,0.05800000,136.00,40328273,40328273,1782864038903871,False,True
13420710,0.05800000,122.00,40328274,40328274,1782864039003183,False,True
13420711,0.05800000,99.00,40328275,40328275,1782864039027426,False,True
13420712,0.05800000,90.00,40328276,40328276,1782864039070611,False,True
13420713,0.05800000,90.00,40328277,40328277,1782864039070882,False,True
13420714,0.05790000,189.30,40328278,40328278,1782864039117166,True,True
13420715,0.05800000,129.50,40328279,40328279,1782864043840223,False,True
13420716,0.05800000,129.50,40328280,40328280,1782864043840327,False,True
13420717,0.05800000,129.50,40328281,40328281,1782864043840330,False,True
13420718,0.05800000,129.50,40328282,40328282,1782864043840333,False,True
13420719,0.05800000,129.50,40328283,40328283,1782864043840463,False,True
13420720,0.05800000,129.50,40328284,40328284,1782864043840466,False,True
13420721,0.05800000,8034.80,40328285,40328289,1782864043840545,False,True
13420722,0.05810000,3448.00,40328290,40328293,1782864043841924,False,True
13420723,0.05810000,3448.00,40328294,40328294,1782864043841967,False,True
13420724,0.05810000,3448.00,40328295,40328295,1782864043842044,False,True
13420725,0.05810000,3448.00,40328296,40328296,1782864043842074,False,True
13420726,0.05810000,3448.00,40328297,40328297,1782864043842170,False,True
13420727,0.05810000,3448.00,40328298,40328300,1782864043842247,False,True
13420728,0.05810000,3448.00,40328301,40328301,1782864043842426,False,True
13420729,0.05810000,3448.00,40328302,40328302,1782864043843199,False,True
13420730,0.05800000,6337.10,40328303,40328303,1782864054896966,True,True
13420731,0.05800000,2416.80,40328304,40328304,1782864055481198,True,True
13420732,0.05800000,24285.00,40328305,40328311,1782864055481506,True,True
13420733,0.05800000,1030.20,40328312,40328312,1782864055482576,True,True
13420734,0.05800000,1208.40,40328313,40328313,1782864055482659,True,True
13420735,0.05800000,6894.00,40328314,40328317,1782864055482887,True,True
13420736,0.05800000,6894.00,40328318,40328320,1782864055483096,True,True
13420737,0.05800000,275.40,40328321,40328323,1782864055483602,True,True
13420738,0.05790000,1518.00,40328324,40328324,1782864055484248,True,True
13420739,0.05790000,1519.00,40328325,40328325,1782864055487318,True,True
13420740,0.05800000,3450.00,40328326,40328326,1782864061165965,False,True
13420741,0.05800000,3450.00,40328327,40328327,1782864061166044,False,True
13420742,0.05800000,3450.00,40328328,40328329,1782864061166164,False,True
13420743,0.05800000,3450.00,40328330,40328330,1782864061166222,False,True
13420744,0.05800000,3450.00,40328331,40328331,1782864061166246,False,True
13420745,0.05800000,2800.90,40328332,40328337,1782864061166624,False,True
13420746,0.05810000,649.10,40328338,40328338,1782864061166624,False,True
13420747,0.05800000,24852.80,40328339,40328346,1782864062824098,True,True
13420748,0.05790000,1518.00,40328347,40328347,1782864062824756,True,True
13420749,0.05790000,1519.00,40328348,40328348,1782864062827603,True,True
13420750,0.05790000,6337.10,40328349,40328350,1782864066898594,True,True
13420751,0.05790000,6337.10,40328351,40328354,1782864075199538,True,True
13420752,0.05790000,6337.10,40328355,40328355,1782864083701470,True,True
13420753,0.05790000,6337.10,40328356,40328356,1782864091500085,True,True
13420754,0.05790000,6337.10,40328357,40328357,1782864099515419,True,True
13420755,0.05790000,6337.10,40328358,40328358,1782864108002961,True,True
13420756,0.05790000,6337.10,40328359,40328360,1782864116102352,True,True
13420757,0.05790000,6337.10,40328361,40328361,1782864124598578,True,True
13420758,0.05790000,604.20,40328362,40328362,1782864132163297,True,True
13420759,0.05790000,302.10,40328363,40328363,1782864132180906,True,True
13420760,0.05790000,151.00,40328364,40328365,1782864132182437,True,True
13420761,0.05790000,6337.10,40328366,40328380,1782864132328193,True,True
13420762,0.05790000,152.00,40328381,40328381,1782864132331515,True,True
13420763,0.05790000,345.00,40328382,40328383,1782864132333057,True,True
13420764,0.05790000,345.00,40328384,40328385,1782864132333297,True,True
13420765,0.05790000,765.00,40328386,40328390,1782864132333373,True,True
13420766,0.05790000,796.50,40328391,40328391,1782864132339952,True,True
13420767,0.05790000,345.00,40328392,40328392,1782864132341348,True,True
13420768,0.05790000,345.00,40328393,40328393,1782864132341613,True,True
13420769,0.05790000,6337.10,40328394,40328398,1782864141298988,True,True
13420770,0.05790000,6337.10,40328399,40328399,1782864150700117,True,True
13420771,0.05790000,6337.10,40328400,40328400,1782864162917854,True,True
13420772,0.05790000,6337.10,40328401,40328409,1782864182598619,True,True
13420773,0.05790000,1016.20,40328410,40328413,1782864182627024,True,True
13420774,0.05790000,6337.10,40328414,40328434,1782864200300046,True,True
13420775,0.05790000,8043.80,40328435,40328438,1782864200301530,True,True
13420776,0.05790000,190.30,40328439,40328439,1782864202264451,False,True
13420777,0.05780000,6337.10,40328440,40328440,1782864209900666,True,True
13420778,0.05780000,6337.10,40328441,40328441,1782864217047361,True,True
13420779,0.05780000,692.00,40328442,40328442,1782864223082632,True,True
13420780,0.05780000,6337.10,40328443,40328443,1782864225403256,True,True
13420781,0.05780000,6337.10,40328444,40328444,1782864233846598,True,True
13420782,0.05780000,6337.10,40328445,40328446,1782864241600736,True,True
13420783,0.05780000,6337.10,40328447,40328447,1782864249215260,True,True
13420784,0.05780000,6337.10,40328448,40328448,1782864256600158,True,True
13420785,0.05780000,6337.10,40328449,40328449,1782864264998923,True,True
13420786,0.05780000,100.70,40328450,40328450,1782864267064397,True,True
13420787,0.05780000,6337.10,40328451,40328451,1782864272698712,True,True
13420788,0.05780000,6337.10,40328452,40328453,1782864280299726,True,True
13420789,0.05780000,6337.10,40328454,40328475,1782864289007414,True,True
13420790,0.05780000,155.20,40328476,40328476,1782864293625497,True,True
13420791,0.05790000,3455.00,40328477,40328477,1782864296354868,False,True
13420792,0.05780000,6337.10,40328478,40328482,1782864296403287,True,True
13420793,0.05790000,636.00,40328483,40328485,1782864296407008,False,True
13420794,0.05790000,889.00,40328486,40328486,1782864296407078,False,True
13420795,0.05790000,636.00,40328487,40328487,1782864296407171,False,True
13420796,0.05790000,636.00,40328488,40328488,1782864296407271,False,True
13420797,0.05790000,889.00,40328489,40328489,1782864296407298,False,True
13420798,0.05790000,636.00,40328490,40328490,1782864296422810,False,True
13420799,0.05790000,636.00,40328491,40328491,1782864296423651,False,True
13420800,0.05790000,3455.00,40328492,40328492,1782864304608010,False,True
13420801,0.05790000,439.30,40328493,40328496,1782864304609436,False,True
13420802,0.05790000,44738.40,40328497,40328504,1782864304749416,True,True
13420803,0.05790000,15384.40,40328505,40328508,1782864305782647,False,True
13420804,0.05790000,6337.10,40328509,40328509,1782864309299042,True,True
13420805,0.05790000,6337.10,40328510,40328510,1782864325899533,True,True
13420806,0.05790000,6337.10,40328511,40328513,1782864342499349,True,True
13420807,0.05790000,6337.10,40328514,40328514,1782864350827430,True,True
13420808,0.05790000,6337.10,40328515,40328516,1782864358645676,True,True
13420809,0.05790000,6337.10,40328517,40328518,1782864365998392,True,True
13420810,0.05790000,6337.10,40328519,40328520,1782864374000868,True,True
13420811,0.05790000,38734.60,40328521,40328532,1782864376033857,True,True
13420812,0.05790000,15821.80,40328533,40328533,1782864376036210,False,True
13420813,0.05790000,190.30,40328534,40328536,1782864379877704,False,True
13420814,0.05780000,6337.10,40328537,40328538,1782864381500048,True,True
13420815,0.05780000,1523.00,40328539,40328539,1782864382609315,True,True
13420816,0.05780000,1557.00,40328540,40328540,1782864382609675,True,True
13420817,0.05780000,1523.00,40328541,40328541,1782864382609968,True,True
13420818,0.05780000,622.00,40328542,40328545,1782864382615250,True,True
13420819,0.05780000,1469.00,40328546,40328550,1782864382615500,True,True
13420820,0.05780000,1524.00,40328551,40328555,1782864382616440,True,True
13420821,0.05780000,902.00,40328556,40328560,1782864382616780,True,True
13420822,0.05780000,283780.10,40328561,40328575,1782864383409007,True,True
13420823,0.05780000,94.00,40328576,40328576,1782864383410475,True,True
13420824,0.05780000,88.60,40328577,40328577,1782864383410486,True,True
13420825,0.05770000,1579.00,40328578,40328578,1782864383412822,True,True
13420826,0.05770000,917.00,40328579,40328579,1782864385560736,True,True
13420827,0.05770000,1088.00,40328580,40328580,1782864385576900,True,True
13420828,0.05770000,609.00,40328581,40328581,1782864385577571,True,True
13420829,0.05770000,1526.00,40328582,40328582,1782864385617421,True,True
13420830,0.05770000,438.00,40328583,40328583,1782864385619507,True,True
13420831,0.05770000,460.00,40328584,40328584,1782864385628463,True,True
13420832,0.05770000,1526.00,40328585,40328585,1782864385628581,True,True
13420833,0.05770000,1066.00,40328586,40328586,1782864385656693,True,True
13420834,0.05770000,944.00,40328587,40328587,1782864385660132,True,True
13420835,0.05770000,582.00,40328588,40328588,1782864385668331,True,True
13420836,0.05770000,626.00,40328589,40328589,1782864385791660,True,True
13420837,0.05770000,900.00,40328590,40328590,1782864386263298,True,True
13420838,0.05770000,744.00,40328591,40328591,1782864386263669,True,True
13420839,0.05770000,782.00,40328592,40328592,1782864386420664,True,True
13420840,0.05770000,1526.00,40328593,40328595,1782864386421276,True,True
13420841,0.05770000,1526.00,40328596,40328602,1782864386428453,True,True
13420842,0.05770000,1349.00,40328603,40328607,1782864386516365,True,True
13420843,0.05770000,170.00,40328608,40328608,1782864386519477,True,True
13420844,0.05770000,177.00,40328609,40328610,1782864386520365,True,True
13420845,0.05770000,347.00,40328611,40328611,1782864386520545,True,True
13420846,0.05770000,347.00,40328612,40328612,1782864386520858,True,True
13420847,0.05770000,347.00,40328613,40328613,1782864386521093,True,True
13420848,0.05770000,180.00,40328614,40328614,1782864386522802,True,True
13420849,0.05770000,135.00,40328615,40328615,1782864386524170,True,True
13420850,0.05770000,1526.00,40328616,40328616,1782864387359001,True,True
13420851,0.05770000,1526.00,40328617,40328622,1782864387360919,True,True
13420852,0.05770000,1185.20,40328623,40328627,1782864387361057,True,True
13420853,0.05760000,340.80,40328628,40328628,1782864387361057,True,True
13420854,0.05760000,6337.10,40328629,40328629,1782864388800752,True,True
13420855,0.05770000,200000.00,40328630,40328652,1782864390770332,False,True
13420856,0.05770000,52121.20,40328653,40328661,1782864390770365,False,True
13420857,0.05770000,17979.10,40328662,40328662,1782864390772083,True,True
13420858,0.05770000,250.00,40328663,40328663,1782864390774102,True,True
13420859,0.05770000,68971.50,40328664,40328669,1782864390779234,True,True
13420860,0.05760000,920.90,40328670,40328670,1782864390789098,True,True
13420861,0.05770000,3466.20,40328671,40328673,1782864390835693,False,True
13420862,0.05770000,2826.10,40328674,40328674,1782864390940212,False,True
13420863,0.05770000,803.00,40328675,40328675,1782864391039715,False,True
13420864,0.05770000,1205.00,40328676,40328676,1782864391147261,False,True
13420865,0.05760000,6337.10,40328677,40328678,1782864396300195,True,True
13420866,0.05760000,71297.80,40328679,40328697,1782864396382432,True,True
13420867,0.05760000,26217.80,40328698,40328705,1782864398411680,False,True
13420868,0.05760000,28773.80,40328706,40328712,1782864400740800,True,True
13420869,0.05750000,609.50,40328713,40328713,1782864400744142,True,True
13420870,0.05750000,919.00,40328714,40328714,1782864400745273,True,True
13420871,0.05760000,577.00,40328715,40328718,1782864400881392,False,True
13420872,0.05760000,94.80,40328719,40328720,1782864400881593,False,True
13420873,0.05770000,482.20,40328721,40328721,1782864400881593,False,True
13420874,0.05760000,6337.10,40328722,40328722,1782864404298919,True,True
13420875,0.05760000,156.00,40328723,40328723,1782864410263417,True,True
13420876,0.05760000,6337.10,40328724,40328724,1782864413110339,True,True
13420877,0.05760000,7500.80,40328725,40328726,1782864414760123,True,True
13420878,0.05760000,9394.20,40328727,40328728,1782864414760615,True,True
13420879,0.05760000,3044.00,40328729,40328729,1782864414777332,False,True
13420880,0.05760000,3044.00,40328730,40328730,1782864414777792,False,True
13420881,0.05760000,3044.00,40328731,40328731,1782864414777822,False,True
13420882,0.05760000,3044.00,40328732,40328732,1782864414777847,False,True
13420883,0.05760000,3044.00,40328733,40328733,1782864414793048,False,True
13420884,0.05760000,3044.00,40328734,40328734,1782864414795795,False,True
13420885,0.05760000,282.90,40328735,40328737,1782864414840657,False,True
13420886,0.05760000,6337.10,40328738,40328738,1782864420699324,True,True
13420887,0.05760000,6337.10,40328739,40328739,1782864428629896,True,True
13420888,0.05760000,6337.10,40328740,40328741,1782864436697796,True,True
13420889,0.05760000,6337.10,40328742,40328742,1782864444214419,True,True
13420890,0.05760000,6337.10,40328743,40328743,1782864451202132,True,True
13420891,0.05760000,6337.10,40328744,40328746,1782864458263882,True,True
13420892,0.05770000,156.20,40328747,40328747,1782864460468976,False,True
13420893,0.05760000,6337.10,40328748,40328751,1782864466101245,True,True
13420894,0.05760000,6337.10,40328752,40328755,1782864473402030,True,True
13420895,0.05760000,5853.70,40328756,40328759,1782864480703696,True,True
13420896,0.05750000,483.40,40328760,40328760,1782864480703696,True,True
13420897,0.05760000,3411.00,40328761,40328761,1782864480720889,False,True
13420898,0.05760000,3411.00,40328762,40328762,1782864480720999,False,True
13420899,0.05760000,3411.00,40328763,40328763,1782864480721047,False,True
13420900,0.05760000,3411.00,40328764,40328764,1782864480721060,False,True
13420901,0.05760000,3411.00,40328765,40328765,1782864480734824,False,True
13420902,0.05760000,3411.00,40328766,40328769,1782864480744677,False,True
13420903,0.05760000,2525.00,40328770,40328770,1782864480961429,False,True
13420904,0.05760000,2525.00,40328771,40328771,1782864480961707,False,True
13420905,0.05760000,2525.00,40328772,40328772,1782864480961775,False,True
13420906,0.05760000,2525.00,40328773,40328775,1782864480975271,False,True
13420907,0.05760000,1515.00,40328776,40328776,1782864480977226,False,True
13420908,0.05760000,1768.00,40328777,40328777,1782864480977830,False,True
13420909,0.05760000,1233.00,40328778,40328778,1782864480978225,False,True
13420910,0.05760000,5580.90,40328779,40328779,1782864481016092,False,True
13420911,0.05760000,5000.00,40328780,40328782,1782864481019807,False,True
13420912,0.05760000,1041.10,40328783,40328783,1782864481021229,False,True
13420913,0.05760000,500.00,40328784,40328784,1782864481169507,False,True
13420914,0.05760000,500.00,40328785,40328785,1782864481169846,False,True
13420915,0.05760000,500.00,40328786,40328786,1782864481169992,False,True
13420916,0.05760000,350.00,40328787,40328787,1782864481173482,False,True
13420917,0.05760000,500.00,40328788,40328788,1782864481184924,False,True
13420918,0.05760000,500.00,40328789,40328789,1782864481186501,False,True
13420919,0.05760000,148.00,40328790,40328790,1782864481189184,False,True
13420920,0.05760000,2002.00,40328791,40328794,1782864481229402,False,True
13420921,0.05760000,1085.00,40328795,40328796,1782864481387359,False,True
13420922,0.05760000,1085.00,40328797,40328797,1782864481387594,False,True
13420923,0.05760000,1085.00,40328798,40328798,1782864481387642,False,True
13420924,0.05760000,1085.00,40328799,40328799,1782864481387661,False,True
13420925,0.05760000,1085.00,40328800,40328800,1782864481402518,False,True
13420926,0.05760000,629.00,40328801,40328801,1782864481405110,False,True
13420927,0.05760000,1085.00,40328802,40328802,1782864481405781,False,True
13420928,0.05760000,372.50,40328803,40328806,1782864481445500,False,True
13420929,0.05770000,3099.50,40328807,40328810,1782864481445500,False,True
13420930,0.05770000,3472.00,40328811,40328811,1782864481446073,False,True
13420931,0.05760000,6337.10,40328812,40328812,1782864488199226,True,True
13420932,0.05760000,138.40,40328813,40328813,1782864490857444,True,True
13420933,0.05760000,6337.10,40328814,40328814,1782864495805652,True,True
13420934,0.05760000,6337.10,40328815,40328815,1782864503502810,True,True
13420935,0.05760000,6337.10,40328816,40328818,1782864511503002,True,True
13420936,0.05760000,6337.10,40328819,40328820,1782864519801587,True,True
13420937,0.05760000,10968.40,40328821,40328824,1782864523597335,True,True
13420938,0.05760000,2193.60,40328825,40328825,1782864523598639,True,True
13420939,0.05750000,6337.10,40328826,40328826,1782864527253019,True,True
13420940,0.05750000,6337.10,40328827,40328827,1782864534899362,True,True
13420941,0.05750000,6337.10,40328828,40328830,1782864541950266,True,True
13420942,0.05750000,14640.00,40328831,40328831,1782864544025646,True,True
13420943,0.05750000,173.70,40328832,40328832,1782864544028470,True,True
13420944,0.05750000,11749.90,40328833,40328842,1782864544031697,True,True
13420945,0.05750000,2453.60,40328843,40328846,1782864544076826,False,True
13420946,0.05760000,3481.00,40328847,40328847,1782864544080236,False,True
13420947,0.05750000,3112.00,40328848,40328849,1782864544160163,True,True
13420948,0.05750000,18217.10,40328850,40328855,1782864544166854,True,True
13420949,0.05740000,6337.10,40328856,40328857,1782864549758864,True,True
13420950,0.05740000,162.80,40328858,40328858,1782864555922826,True,True
13420951,0.05740000,6337.10,40328859,40328859,1782864557401001,True,True
13420952,0.05750000,1697.20,40328860,40328860,1782864564627144,False,True
13420953,0.05740000,6337.10,40328861,40328862,1782864564690357,True,True
13420954,0.05740000,6337.10,40328863,40328863,1782864572613100,True,True
13420955,0.05750000,156.50,40328864,40328864,1782864575607383,False,True
13420956,0.05740000,6337.10,40328865,40328865,1782864579801381,True,True
13420957,0.05740000,6337.10,40328866,40328866,1782864586813183,True,True
13420958,0.05750000,3481.00,40328867,40328867,1782864592667160,False,True
13420959,0.05750000,3481.00,40328868,40328868,1782864592789532,False,True
13420960,0.05750000,6000.00,40328869,40328873,1782864593018530,False,True
13420961,0.05740000,6337.10,40328874,40328876,1782864594899863,True,True
13420962,0.05740000,6337.10,40328877,40328881,1782864603198618,True,True
13420963,0.05750000,173.90,40328882,40328882,1782864608097923,False,True
13420964,0.05740000,6337.10,40328883,40328892,1782864611110633,True,True
13420965,0.05740000,6337.10,40328893,40328894,1782864618901211,True,True
13420966,0.05740000,6337.10,40328895,40328895,1782864626699735,True,True
13420967,0.05740000,6337.10,40328896,40328896,1782864634800045,True,True
13420968,0.05740000,783.80,40328897,40328898,1782864638437440,True,True
13420969,0.05740000,783.80,40328899,40328899,1782864638437683,True,True
13420970,0.05740000,6337.10,40328900,40328904,1782864643700014,True,True
13420971,0.05750000,156.50,40328905,40328906,1782864643893237,False,True
13420972,0.05740000,6337.10,40328907,40328907,1782864651900382,True,True
13420973,0.05740000,6337.10,40328908,40328909,1782864659302417,True,True
13420974,0.05740000,6337.10,40328910,40328910,1782864667299640,True,True
13420975,0.05740000,191.00,40328911,40328911,1782864674276555,True,True
13420976,0.05740000,6337.10,40328912,40328912,1782864674300100,True,True
13420977,0.05740000,6337.10,40328913,40328916,1782864681801739,True,True
13420978,0.05740000,6337.10,40328917,40328917,1782864689603261,True,True
13420979,0.05740000,6337.10,40328918,40328918,1782864697211528,True,True
13420980,0.05740000,6337.10,40328919,40328919,1782864704650775,True,True
13420981,0.05740000,1534.00,40328920,40328922,1782864707533417,True,True
13420982,0.05740000,415.00,40328923,40328923,1782864710512916,True,True
13420983,0.05740000,1533.50,40328924,40328924,1782864710612734,True,True
13420984,0.05740000,1534.00,40328925,40328925,1782864710612809,True,True
13420985,0.05740000,1119.00,40328926,40328926,1782864710613303,True,True
13420986,0.05740000,6337.10,40328927,40328927,1782864712298784,True,True
13420987,0.05750000,289.50,40328928,40328929,1782864713792921,False,True
13420988,0.05740000,1029.00,40328930,40328930,1782864714672793,True,True
13420989,0.05740000,925.00,40328931,40328931,1782864715824809,True,True
13420990,0.05740000,505.00,40328932,40328932,1782864715825092,True,True
13420991,0.05740000,1534.00,40328933,40328933,1782864715825527,True,True
13420992,0.05740000,212.00,40328934,40328934,1782864716762499,True,True
13420993,0.05740000,279.00,40328935,40328935,1782864717423800,True,True
13420994,0.05740000,118.00,40328936,40328936,1782864718035725,True,True
13420995,0.05740000,6337.10,40328937,40328937,1782864719503791,True,True
13420996,0.05740000,593.00,40328938,40328938,1782864720707376,True,True
13420997,0.05740000,109.00,40328939,40328939,1782864721442253,True,True
13420998,0.05740000,165.00,40328940,40328940,1782864724396905,True,True
13420999,0.05740000,510.00,40328941,40328941,1782864724596656,True,True
13421000,0.05740000,157.00,40328942,40328942,1782864725422648,True,True
13421001,0.05740000,6894.60,40328943,40328951,1782864726539561,True,True
13421002,0.05730000,1534.00,40328952,40328952,1782864726540502,True,True
13421003,0.05730000,6337.10,40328953,40328953,1782864726800958,True,True
13421004,0.05740000,3000.00,40328954,40328954,1782864727749198,False,True
13421005,0.05730000,191.60,40328955,40328955,1782864728392173,True,True
13421006,0.05730000,6337.10,40328956,40328957,1782864733901808,True,True
13421007,0.05730000,6337.10,40328958,40328958,1782864741603452,True,True
13421008,0.05730000,6337.10,40328959,40328959,1782864748799190,True,True
13421009,0.05730000,6337.10,40328960,40328961,1782864756402719,True,True
13421010,0.05740000,3487.00,40328962,40328962,1782864761390693,False,True
13421011,0.05730000,6337.10,40328963,40328963,1782864763502439,True,True
13421012,0.05730000,6337.10,40328964,40328964,1782864770476993,True,True
13421013,0.05730000,6337.10,40328965,40328965,1782864777200378,True,True
13421014,0.05730000,6337.10,40328966,40328968,1782864783899574,True,True
13421015,0.05730000,6337.10,40328969,40328971,1782864791299219,True,True
13421016,0.05730000,6337.10,40328972,40328972,1782864799499563,True,True
13421017,0.05740000,50263.60,40328973,40328980,1782864802720922,False,True
13421018,0.05750000,3487.00,40328981,40328981,1782864802723322,False,True
13421019,0.05740000,139.10,40328982,40328982,1782864803244406,True,True
13421020,0.05740000,396.00,40328983,40328983,1782864806057572,True,True
13421021,0.05740000,1534.00,40328984,40328984,1782864806057731,True,True
13421022,0.05740000,1138.00,40328985,40328985,1782864806060969,True,True
13421023,0.05740000,1534.00,40328986,40328986,1782864806061451,True,True
13421024,0.05740000,6337.10,40328987,40328988,1782864807413333,True,True
13421025,0.05740000,1535.00,40328989,40328990,1782864808293946,True,True
13421026,0.05740000,1535.00,40328991,40328991,1782864808293966,True,True
13421027,0.05740000,1535.00,40328992,40328992,1782864808294632,True,True
13421028,0.05740000,6337.10,40328993,40328995,1782864814912445,True,True
13421029,0.05740000,5682.30,40328996,40329001,1782864822100982,True,True
13421030,0.05730000,654.80,40329002,40329002,1782864822100982,True,True
13421031,0.05740000,36729.30,40329003,40329010,1782864828386083,False,True
13421032,0.05740000,6337.10,40329011,40329011,1782864829300210,True,True
13421033,0.05750000,191.30,40329012,40329012,1782864834262716,False,True
13421034,0.05740000,6337.10,40329013,40329013,1782864837199645,True,True
13421035,0.05740000,6337.10,40329014,40329016,1782864844201992,True,True
13421036,0.05740000,6337.10,40329017,40329017,1782864850913415,True,True
13421037,0.05740000,6337.10,40329018,40329020,1782864858513392,True,True
13421038,0.05740000,98.50,40329021,40329021,1782864862881811,True,True
13421039,0.05750000,173.90,40329022,40329022,1782864864359746,False,True
13421040,0.05750000,25544.00,40329023,40329025,1782864877313520,False,True
13421041,0.05750000,50450.70,40329026,40329036,1782864877314719,False,True
13421042,0.05760000,3479.00,40329037,40329037,1782864877317348,False,True
13421043,0.05760000,47000.00,40329038,40329041,1782864893647613,False,True
13421044,0.05760000,43549.30,40329042,40329044,1782864893647824,False,True
13421045,0.05760000,16726.50,40329045,40329052,1782864893647847,False,True
13421046,0.05760000,18293.90,40329053,40329058,1782864895711569,True,True
13421047,0.05760000,11517.70,40329059,40329065,1782864905091863,False,True
13421048,0.05770000,3474.00,40329066,40329066,1782864905092104,False,True
13421049,0.05770000,3474.00,40329067,40329067,1782864905092236,False,True
13421050,0.05770000,3474.00,40329068,40329068,1782864905092269,False,True
13421051,0.05770000,3474.00,40329069,40329069,1782864905092319,False,True
13421052,0.05770000,3474.00,40329070,40329070,1782864905092381,False,True
13421053,0.05770000,3474.00,40329071,40329072,1782864905092441,False,True
13421054,0.05760000,88.80,40329073,40329073,1782864910998753,True,True
13421055,0.05770000,173.30,40329074,40329074,1782864927486841,False,True
13421056,0.05760000,156.00,40329075,40329075,1782864959378519,True,True
13421057,0.05760000,202.00,40329076,40329076,1782864967537255,True,True
13421058,0.05760000,912.00,40329077,40329077,1782864967760136,True,True
13421059,0.05760000,415.00,40329078,40329078,1782864969717978,True,True
13421060,0.05770000,156.00,40329079,40329080,1782865005684056,False,True
13421061,0.05770000,156.20,40329081,40329081,1782865037269783,False,True
13421062,0.05760000,156.00,40329082,40329082,1782865068555612,True,True
13421063,0.05760000,319.70,40329083,40329083,1782865073373740,True,True
13421064,0.05760000,599.90,40329084,40329084,1782865123001365,True,True
13421065,0.05770000,121.30,40329085,40329085,1782865133182749,False,True
13421066,0.05760000,416.00,40329086,40329086,1782865154994165,True,True
13421067,0.05760000,56351.00,40329087,40329096,1782865154996088,True,True
13421068,0.05750000,1530.00,40329097,40329097,1782865154999667,True,True
13421069,0.05760000,126.00,40329098,40329099,1782865203922128,False,True
13421070,0.05760000,556.90,40329100,40329102,1782865203923201,False,True
13421071,0.05770000,762.00,40329103,40329106,1782865222655240,False,True
13421072,0.05770000,156.00,40329107,40329107,1782865227247440,False,True
13421073,0.05770000,156.00,40329108,40329108,1782865267545062,False,True
13421074,0.05760000,28071.00,40329109,40329113,1782865312666535,True,True
13421075,0.05750000,1529.00,40329114,40329114,1782865312677686,True,True
13421076,0.05750000,413.00,40329115,40329115,1782865312681697,True,True
13421077,0.05750000,1169.00,40329116,40329116,1782865312681715,True,True
13421078,0.05760000,191.00,40329117,40329117,1782865317454772,False,True
13421079,0.05760000,173.60,40329118,40329118,1782865348743189,False,True
13421080,0.05760000,59856.30,40329119,40329131,1782865367118522,False,True
13421081,0.05760000,94.30,40329132,40329132,1782865367120022,False,True
13421082,0.05760000,94.30,40329133,40329134,1782865367120410,False,True
13421083,0.05760000,888.20,40329135,40329136,1782865367121412,False,True
13421084,0.05760000,941.90,40329137,40329137,1782865367121507,False,True
13421085,0.05760000,888.20,40329138,40329138,1782865367121637,False,True
13421086,0.05760000,888.20,40329139,40329141,1782865367121686,False,True
13421087,0.05760000,941.90,40329142,40329143,1782865367121848,False,True
13421088,0.05760000,1618.00,40329144,40329144,1782865367122181,False,True
13421089,0.05760000,26777.10,40329145,40329147,1782865367210553,True,True
13421090,0.05760000,1529.00,40329148,40329148,1782865367210807,True,True
13421091,0.05760000,1529.20,40329149,40329149,1782865367211162,True,True
13421092,0.05760000,1530.00,40329150,40329150,1782865367211199,True,True
13421093,0.05760000,94.50,40329151,40329151,1782865367277505,True,True
13421094,0.05760000,156.20,40329152,40329152,1782865379129076,False,True
13421095,0.05760000,1021.90,40329153,40329153,1782865383296410,False,True
13421096,0.05760000,509.00,40329154,40329154,1782865383297354,False,True
13421097,0.05760000,1527.00,40329155,40329155,1782865383298865,False,True
13421098,0.05760000,509.40,40329156,40329156,1782865383298885,False,True
13421099,0.05760000,508.10,40329157,40329157,1782865383300388,False,True
13421100,0.05760000,173.60,40329158,40329158,1782865410415222,False,True
13421101,0.05760000,25883.70,40329159,40329166,1782865423219949,False,True
13421102,0.05760000,1529.00,40329167,40329167,1782865441918306,True,True
13421103,0.05760000,1529.00,40329168,40329168,1782865441918968,True,True
13421104,0.05760000,1529.00,40329169,40329169,1782865441919706,True,True
13421105,0.05760000,1018.80,40329170,40329170,1782865441942084,True,True
13421106,0.05760000,1529.10,40329171,40329171,1782865441946296,True,True
13421107,0.05760000,509.30,40329172,40329172,1782865441950899,True,True
13421108,0.05760000,508.10,40329173,40329173,1782865445903145,True,True
13421109,0.05760000,5374.30,40329174,40329175,1782865486572860,True,True
13421110,0.05760000,1530.00,40329176,40329176,1782865486572942,True,True
13421111,0.05760000,1530.00,40329177,40329177,1782865486573062,True,True
13421112,0.05760000,1530.00,40329178,40329178,1782865486573257,True,True
13421113,0.05760000,173.30,40329179,40329179,1782865487360188,True,True
13421114,0.05760000,20551.50,40329180,40329185,1782865489099843,True,True
13421115,0.05760000,4526.40,40329186,40329186,1782865489101940,True,True
13421116,0.05750000,1530.00,40329187,40329187,1782865489103030,True,True
13421117,0.05750000,1186.00,40329188,40329188,1782865489105270,True,True
13421118,0.05760000,889.90,40329189,40329192,1782865500117439,False,True
13421119,0.05760000,94.30,40329193,40329193,1782865500117462,False,True
13421120,0.05760000,126.50,40329194,40329194,1782865511522486,True,True
13421121,0.05760000,3713.60,40329195,40329195,1782865539925888,True,True
13421122,0.05760000,2201.80,40329196,40329196,1782865539938489,True,True
13421123,0.05760000,1369.80,40329197,40329197,1782865539938504,True,True
13421124,0.05760000,2130.70,40329198,40329198,1782865539950335,True,True
13421125,0.05760000,3615.80,40329199,40329199,1782865539957203,True,True
13421126,0.05760000,19527.90,40329200,40329210,1782865539991716,True,True
13421127,0.05760000,6089.70,40329211,40329216,1782865539991882,True,True
13421128,0.05750000,469.00,40329217,40329217,1782865540191920,True,True
13421129,0.05760000,139.10,40329218,40329218,1782865542673607,False,True
13421130,0.05750000,173.30,40329219,40329219,1782865574265434,True,True
13421131,0.05750000,10866.20,40329220,40329221,1782865601390431,True,True
13421132,0.05760000,191.00,40329222,40329222,1782865609457587,False,True
13421133,0.05760000,20775.00,40329223,40329228,1782865625307592,False,True
13421134,0.05770000,191.00,40329229,40329229,1782865641344904,False,True
13421135,0.05770000,50526.40,40329230,40329236,1782865668203969,False,True
13421136,0.05780000,173.60,40329237,40329237,1782865672631665,False,True
13421137,0.05770000,1526.00,40329238,40329238,1782865681669060,True,True
13421138,0.05770000,1526.00,40329239,40329239,1782865681669304,True,True
13421139,0.05770000,2792.00,40329240,40329241,1782865694074745,True,True
13421140,0.05780000,156.00,40329242,40329242,1782865735455407,False,True
13421141,0.05780000,173.30,40329243,40329243,1782865767340448,False,True
13421142,0.05780000,173.30,40329244,40329244,1782865797423042,False,True
13421143,0.05780000,138.60,40329245,40329245,1782865828412933,False,True
13421144,0.05780000,138.60,40329246,40329246,1782865859441842,False,True
13421145,0.05780000,34886.80,40329247,40329255,1782865860596506,False,True
13421146,0.05790000,3462.00,40329256,40329256,1782865860599594,False,True
13421147,0.05790000,190.00,40329257,40329257,1782865892829067,False,True
13421148,0.05790000,5032.60,40329258,40329264,1782865911301833,False,True
13421149,0.05790000,94.10,40329265,40329265,1782865911302005,False,True
13421150,0.05790000,1521.00,40329266,40329266,1782865913383303,True,True
13421151,0.05790000,1521.00,40329267,40329267,1782865913383386,True,True
13421152,0.05790000,1520.70,40329268,40329269,1782865913383452,True,True
13421153,0.05790000,1521.00,40329270,40329270,1782865914803229,True,True
13421154,0.05790000,1370.00,40329271,40329271,1782865914803282,True,True
13421155,0.05790000,1521.00,40329272,40329275,1782865914803676,True,True
13421156,0.05790000,1522.00,40329276,40329276,1782865917382914,True,True
13421157,0.05790000,1522.00,40329277,40329277,1782865917382920,True,True
13421158,0.05790000,700.40,40329278,40329279,1782865917383119,True,True
13421159,0.05780000,821.60,40329280,40329280,1782865917383119,True,True
13421160,0.05780000,1522.00,40329281,40329281,1782865917385089,True,True
13421161,0.05790000,138.20,40329282,40329282,1782865923516327,False,True
13421162,0.05790000,43263.50,40329283,40329289,1782865930630713,False,True
13421163,0.05790000,1521.00,40329290,40329290,1782865931414663,True,True
13421164,0.05790000,1521.00,40329291,40329291,1782865931414910,True,True
13421165,0.05790000,1521.00,40329292,40329293,1782865931415360,True,True
13421166,0.05790000,562.00,40329294,40329294,1782865938343370,True,True
13421167,0.05790000,118.00,40329295,40329295,1782865939401548,True,True
13421168,0.05790000,9624.30,40329296,40329297,1782865941756669,True,True
13421169,0.05790000,3453.40,40329298,40329299,1782865941765965,True,True
13421170,0.05790000,155.40,40329300,40329301,1782865954503227,False,True
13421171,0.05790000,155.40,40329302,40329303,1782865999305821,False,True
13421172,0.05790000,46138.50,40329304,40329309,1782866016960953,False,True
13421173,0.05790000,137.90,40329310,40329310,1782866029393055,True,True
13421174,0.05790000,1521.00,40329311,40329311,1782866036299589,True,True
13421175,0.05790000,1521.00,40329312,40329312,1782866036299665,True,True
13421176,0.05790000,1521.00,40329313,40329313,1782866036303622,True,True
13421177,0.05790000,1521.00,40329314,40329314,1782866036304064,True,True
13421178,0.05790000,1521.00,40329315,40329315,1782866036309371,True,True
13421179,0.05790000,1521.00,40329316,40329316,1782866036309579,True,True
13421180,0.05800000,10023.60,40329317,40329318,1782866040075716,False,True
13421181,0.05790000,4742.60,40329319,40329320,1782866040671290,True,True
13421182,0.05790000,137.90,40329321,40329321,1782866060388271,True,True
13421183,0.05800000,86.20,40329322,40329322,1782866065335938,False,True
13421184,0.05790000,172.10,40329323,40329323,1782866091975739,True,True
13421185,0.05790000,1521.00,40329324,40329324,1782866104966693,True,True
13421186,0.05790000,55658.50,40329325,40329330,1782866104967393,True,True
13421187,0.05780000,905.00,40329331,40329331,1782866104968380,True,True
13421188,0.05780000,1521.00,40329332,40329332,1782866104970101,True,True
13421189,0.05790000,2115.10,40329333,40329333,1782866105241473,False,True
13421190,0.05780000,47000.00,40329334,40329339,1782866162059118,True,True
13421191,0.05780000,12000.00,40329340,40329340,1782866162059287,True,True
13421192,0.05780000,1524.00,40329341,40329341,1782866162059411,True,True
13421193,0.05780000,51931.40,40329342,40329343,1782866162060301,True,True
13421194,0.05770000,1525.00,40329344,40329344,1782866162062806,True,True
13421195,0.05770000,1525.00,40329345,40329345,1782866162063039,True,True
13421196,0.05770000,1525.00,40329346,40329346,1782866162064103,True,True
13421197,0.05770000,190.30,40329347,40329347,1782866164461153,True,True
13421198,0.05770000,594.20,40329348,40329348,1782866222832972,True,True
13421199,0.05780000,22862.30,40329349,40329356,1782866362519921,False,True
13421200,0.05790000,3462.00,40329357,40329357,1782866362522777,False,True
13421201,0.05790000,3462.00,40329358,40329359,1782866362522864,False,True
13421202,0.05790000,1271.00,40329360,40329360,1782866362523027,False,True
13421203,0.05790000,3462.00,40329361,40329361,1782866362523118,False,True
13421204,0.05790000,3462.00,40329362,40329362,1782866362523440,False,True
13421205,0.05790000,2191.00,40329363,40329364,1782866362523555,False,True
13421206,0.05790000,1161.00,40329365,40329367,1782866362525667,False,True
13421207,0.05790000,2301.00,40329368,40329368,1782866362526246,False,True
13421208,0.05780000,172.40,40329369,40329369,1782866399093560,True,True
13421209,0.05780000,1524.00,40329370,40329370,1782866416152050,True,True
13421210,0.05780000,22862.30,40329371,40329373,1782866416153316,True,True
13421211,0.05780000,26370.20,40329374,40329377,1782866416154580,True,True
13421212,0.05780000,143.00,40329378,40329379,1782866416157324,True,True
13421213,0.05780000,5225.00,40329380,40329380,1782866416157505,True,True
13421214,0.05770000,1524.00,40329381,40329381,1782866416158203,True,True
13421215,0.05770000,380.00,40329382,40329382,1782866416160887,True,True
13421216,0.05780000,128.40,40329383,40329383,1782866437079352,False,True
13421217,0.05780000,982.00,40329384,40329388,1782866444462640,False,True
13421218,0.05790000,3462.00,40329389,40329389,1782866444464915,False,True
13421219,0.05790000,3462.00,40329390,40329390,1782866444465029,False,True
13421220,0.05790000,3462.00,40329391,40329391,1782866444465052,False,True
13421221,0.05790000,3462.00,40329392,40329392,1782866444465282,False,True
13421222,0.05790000,3462.00,40329393,40329393,1782866444465365,False,True
13421223,0.05790000,3462.00,40329394,40329394,1782866444465447,False,True
13421224,0.05780000,155.40,40329395,40329395,1782866445397323,True,True
13421225,0.05790000,114.80,40329396,40329396,1782866464429010,False,True
13421226,0.05780000,172.40,40329397,40329397,1782866476390195,True,True
13421227,0.05790000,155.40,40329398,40329398,1782866508277925,False,True
13421228,0.05790000,155.40,40329399,40329399,1782866538362578,False,True
13421229,0.05790000,155.40,40329400,40329400,1782866573853797,False,True
13421230,0.05790000,23778.60,40329401,40329403,1782866587941960,False,True
13421231,0.05790000,47663.70,40329404,40329416,1782866587943298,False,True
13421232,0.05800000,1712.30,40329417,40329417,1782866677421170,False,True
13421233,0.05790000,467.00,40329418,40329418,1782866708121582,True,True
13421234,0.05790000,246.00,40329419,40329419,1782866710367495,True,True
13421235,0.05790000,663.70,40329420,40329420,1782866728579968,True,True
13421236,0.05790000,1522.00,40329421,40329421,1782866728581399,True,True
13421237,0.05790000,1522.00,40329422,40329422,1782866728581485,True,True
13421238,0.05790000,1522.00,40329423,40329423,1782866728581676,True,True
13421239,0.05790000,47000.00,40329424,40329430,1782866728582745,True,True
13421240,0.05790000,47000.00,40329431,40329435,1782866728583008,True,True
13421241,0.05790000,6331.60,40329436,40329436,1782866728584308,True,True
13421242,0.05790000,47000.00,40329437,40329440,1782866728584443,True,True
13421243,0.05790000,1522.00,40329441,40329441,1782866728587133,True,True
13421244,0.05790000,1522.00,40329442,40329442,1782866728587217,True,True
13421245,0.05790000,1522.00,40329443,40329443,1782866728587337,True,True
13421246,0.05790000,17980.30,40329444,40329444,1782866730172266,True,True
13421247,0.05790000,5469.00,40329445,40329447,1782866730173238,True,True
13421248,0.05790000,1093.70,40329448,40329448,1782866730174664,True,True
13421249,0.05790000,35362.00,40329449,40329459,1782866730793176,False,True
13421250,0.05790000,281.80,40329460,40329462,1782866730794650,False,True
13421251,0.05790000,250.00,40329463,40329463,1782866730797638,True,True
13421252,0.05790000,3344.00,40329464,40329464,1782866760637210,True,True
13421253,0.05790000,1476.40,40329465,40329465,1782866760939309,True,True
13421254,0.05800000,1204.40,40329466,40329466,1782866762510120,False,True
13421255,0.05790000,508.10,40329467,40329467,1782866765822977,True,True
13421256,0.05790000,17371.60,40329468,40329471,1782866786622204,True,True
13421257,0.05790000,19304.00,40329472,40329474,1782866786623497,True,True
13421258,0.05790000,93.80,40329475,40329475,1782866786623610,True,True
13421259,0.05790000,173.00,40329476,40329476,1782866788963222,False,True
13421260,0.05790000,188.00,40329477,40329479,1782866808949654,False,True
13421261,0.05790000,587.00,40329480,40329481,1782866808949784,False,True
13421262,0.05790000,587.00,40329482,40329482,1782866808949850,False,True
13421263,0.05790000,205.00,40329483,40329485,1782866812136619,False,True
13421264,0.05790000,194.00,40329486,40329486,1782866817137936,False,True
13421265,0.05790000,1016.20,40329487,40329488,1782866823333238,False,True
13421266,0.05790000,506.80,40329489,40329489,1782866825782016,False,True
13421267,0.05790000,587.00,40329490,40329490,1782866864315317,False,True
13421268,0.05790000,381.00,40329491,40329491,1782866864315323,False,True
13421269,0.05790000,587.00,40329492,40329492,1782866864315398,False,True
13421270,0.05790000,587.00,40329493,40329493,1782866864315670,False,True
13421271,0.05790000,587.00,40329494,40329494,1782866864316873,False,True
13421272,0.05790000,170.00,40329495,40329495,1782866882014594,False,True
13421273,0.05780000,1040.90,40329496,40329496,1782866909923378,True,True
13421274,0.05780000,137.90,40329497,40329497,1782866938293354,True,True
13421275,0.05780000,1204.40,40329498,40329498,1782866942670073,True,True
13421276,0.05780000,155.20,40329499,40329499,1782866969278729,True,True
13421277,0.05790000,172.70,40329500,40329500,1782867000580555,False,True
13421278,0.05790000,190.00,40329501,40329501,1782867036683572,False,True
13421279,0.05790000,1013.60,40329502,40329505,1782867063352284,False,True
13421280,0.05790000,5344.90,40329506,40329509,1782867065548076,False,True
13421281,0.05790000,298.00,40329510,40329510,1782867081518266,False,True
13421282,0.05790000,299.00,40329511,40329511,1782867082519639,False,True
13421283,0.05790000,300.00,40329512,40329512,1782867083522845,False,True
13421284,0.05790000,178.00,40329513,40329513,1782867084218198,False,True
13421285,0.05790000,2552.00,40329514,40329514,1782867084218228,False,True
13421286,0.05790000,299.00,40329515,40329517,1782867084523268,False,True
13421287,0.05790000,111.00,40329518,40329518,1782867084526947,False,True
13421288,0.05790000,111.00,40329519,40329519,1782867084532128,False,True
13421289,0.05790000,111.00,40329520,40329520,1782867084535015,False,True
13421290,0.05790000,111.00,40329521,40329521,1782867084537790,False,True
13421291,0.05790000,111.00,40329522,40329522,1782867084540551,False,True
13421292,0.05790000,111.00,40329523,40329523,1782867084543244,False,True
13421293,0.05790000,111.00,40329524,40329524,1782867084546380,False,True
13421294,0.05790000,111.00,40329525,40329525,1782867084550307,False,True
13421295,0.05790000,111.00,40329526,40329526,1782867084553037,False,True
13421296,0.05790000,111.00,40329527,40329527,1782867084555729,False,True
13421297,0.05790000,111.00,40329528,40329528,1782867084559803,False,True
13421298,0.05790000,111.00,40329529,40329529,1782867084562567,False,True
13421299,0.05790000,111.00,40329530,40329531,1782867084565952,False,True
13421300,0.05790000,301.00,40329532,40329532,1782867085522177,False,True
13421301,0.05790000,304.00,40329533,40329536,1782867086533161,False,True
13421302,0.05790000,301.00,40329537,40329537,1782867087532229,False,True
13421303,0.05790000,303.00,40329538,40329538,1782867088533258,False,True
13421304,0.05790000,327.00,40329539,40329539,1782867088993994,False,True
13421305,0.05790000,20097.70,40329540,40329545,1782867093393628,False,True
13421306,0.05790000,94.00,40329546,40329546,1782867093395077,False,True
13421307,0.05800000,3456.00,40329547,40329547,1782867093395367,False,True
13421308,0.05800000,3456.00,40329548,40329548,1782867093395423,False,True
13421309,0.05800000,3456.00,40329549,40329550,1782867093395585,False,True
13421310,0.05800000,3456.00,40329551,40329551,1782867093395645,False,True
13421311,0.05800000,3456.00,40329552,40329552,1782867093395693,False,True
13421312,0.05800000,3456.00,40329553,40329553,1782867093395913,False,True
13421313,0.05800000,615.70,40329554,40329554,1782867202876814,False,True
13421314,0.05790000,1520.60,40329555,40329555,1782867255877164,True,True
13421315,0.05790000,127.00,40329556,40329556,1782867277104309,True,True
13421316,0.05790000,506.80,40329557,40329557,1782867303290614,True,True
13421317,0.05790000,508.10,40329558,40329558,1782867303291178,True,True
13421318,0.05790000,508.10,40329559,40329559,1782867303291346,True,True
13421319,0.05790000,507.90,40329560,40329560,1782867303292073,True,True
13421320,0.05790000,1521.00,40329561,40329561,1782867305552074,True,True
13421321,0.05790000,981.00,40329562,40329562,1782867305552996,True,True
13421322,0.05790000,1565.00,40329563,40329563,1782867305553167,True,True
13421323,0.05790000,96.00,40329564,40329565,1782867305555224,True,True
13421324,0.05790000,17374.80,40329566,40329568,1782867306048051,True,True
13421325,0.05790000,10890.70,40329569,40329574,1782867306049147,True,True
13421326,0.05790000,981.40,40329575,40329579,1782867306834004,False,True
13421327,0.05790000,250.00,40329580,40329580,1782867306836637,True,True
13421328,0.05790000,189.70,40329581,40329581,1782867308276858,True,True
13421329,0.05790000,114.60,40329582,40329582,1782867311222322,True,True
13421330,0.05800000,190.00,40329583,40329583,1782867340163316,False,True
13421331,0.05790000,684.70,40329584,40329584,1782867367700159,True,True
13421332,0.05790000,137.90,40329585,40329585,1782867370249601,True,True
13421333,0.05800000,138.20,40329586,40329586,1782867400337670,False,True
13421334,0.05800000,138.20,40329587,40329587,1782867431021712,False,True
13421335,0.05800000,8620.60,40329588,40329588,1782867432276367,False,True
13421336,0.05800000,138.20,40329589,40329589,1782867462308362,False,True
13421337,0.05790000,155.20,40329590,40329590,1782867492996755,True,True
13421338,0.05800000,190.00,40329591,40329591,1782867523989119,False,True
13421339,0.05800000,155.40,40329592,40329592,1782867555278630,False,True
13421340,0.05790000,172.40,40329593,40329593,1782867586265898,True,True
13421341,0.05800000,1190.70,40329594,40329594,1782867597749341,False,True
13421342,0.05790000,155.20,40329595,40329595,1782867616954706,True,True
13421343,0.05800000,236.80,40329596,40329596,1782867639101900,False,True
13421344,0.05800000,3450.00,40329597,40329597,1782867645198740,False,True
13421345,0.05800000,3450.00,40329598,40329600,1782867645198885,False,True
13421346,0.05800000,3450.00,40329601,40329601,1782867645198922,False,True
13421347,0.05800000,3450.00,40329602,40329602,1782867645198935,False,True
13421348,0.05800000,3450.00,40329603,40329603,1782867645199217,False,True
13421349,0.05800000,3450.00,40329604,40329604,1782867645199487,False,True
13421350,0.05800000,2118.10,40329605,40329605,1782867645201288,False,True
13421351,0.05800000,187589.50,40329606,40329613,1782867645201379,False,True
13421352,0.05800000,1425.90,40329614,40329616,1782867645202803,False,True
13421353,0.05810000,3449.00,40329617,40329618,1782867645204208,False,True
13421354,0.05810000,3449.00,40329619,40329619,1782867645204308,False,True
13421355,0.05810000,3449.00,40329620,40329620,1782867645204418,False,True
13421356,0.05810000,693.00,40329621,40329621,1782867645204477,False,True
13421357,0.05810000,3449.00,40329622,40329622,1782867645204542,False,True
13421358,0.05810000,3069.00,40329623,40329623,1782867645204590,False,True
13421359,0.05810000,2756.00,40329624,40329624,1782867645204987,False,True
13421360,0.05810000,3449.00,40329625,40329625,1782867645205061,False,True
13421361,0.05800000,1518.00,40329626,40329626,1782867645480799,True,True
13421362,0.05800000,1518.00,40329627,40329627,1782867645480844,True,True
13421363,0.05800000,1518.00,40329628,40329628,1782867645480908,True,True
13421364,0.05810000,154.90,40329629,40329629,1782867653407052,False,True
13421365,0.05800000,1009.90,40329630,40329630,1782867656713673,True,True
13421366,0.05800000,1596.00,40329631,40329631,1782867660960607,True,True
13421367,0.05800000,1518.00,40329632,40329632,1782867660960687,True,True
13421368,0.05800000,1518.00,40329633,40329633,1782867660961274,True,True
13421369,0.05810000,172.10,40329634,40329634,1782867689201992,False,True
13421370,0.05800000,377.00,40329635,40329635,1782867691581763,True,True
13421371,0.05800000,307.00,40329636,40329636,1782867691584717,True,True
13421372,0.05800000,380.00,40329637,40329637,1782867691585878,True,True
13421373,0.05800000,1518.00,40329638,40329638,1782867691586530,True,True
13421374,0.05800000,761.00,40329639,40329639,1782867691587596,True,True
13421375,0.05800000,1211.00,40329640,40329640,1782867691590297,True,True
13421376,0.05800000,1519.00,40329641,40329641,1782867702752289,True,True
13421377,0.05800000,131.00,40329642,40329642,1782867702752317,True,True
13421378,0.05800000,96.00,40329643,40329643,1782867703006124,True,True
13421379,0.05800000,305.00,40329644,40329644,1782867703898594,True,True
13421380,0.05800000,739.00,40329645,40329645,1782867704446822,True,True
13421381,0.05800000,200.00,40329646,40329646,1782867704734606,True,True
13421382,0.05800000,278.00,40329647,40329647,1782867704894116,True,True
13421383,0.05800000,137.50,40329648,40329648,1782867722596919,True,True
13421384,0.05800000,71835.40,40329649,40329659,1782867727021483,True,True
13421385,0.05800000,83673.30,40329660,40329671,1782867727022920,True,True
13421386,0.05800000,1852.50,40329672,40329677,1782867727022944,True,True
13421387,0.05800000,2070.00,40329678,40329683,1782867727024253,True,True
13421388,0.05800000,217.50,40329684,40329684,1782867727024514,True,True
13421389,0.05800000,6186.70,40329685,40329685,1782867727025602,True,True
13421390,0.05800000,17429.40,40329686,40329687,1782867727026211,True,True
13421391,0.05790000,1567.00,40329688,40329688,1782867727028070,True,True
13421392,0.05790000,1368.00,40329689,40329689,1782867727028372,True,True
13421393,0.05790000,151.00,40329690,40329690,1782867727029732,True,True
13421394,0.05800000,29130.90,40329691,40329701,1782867739852099,False,True
13421395,0.05800000,1519.00,40329702,40329702,1782867749859261,True,True
13421396,0.05800000,64329.80,40329703,40329708,1782867749860984,True,True
13421397,0.05790000,1519.00,40329709,40329709,1782867749864120,True,True
13421398,0.05800000,23677.20,40329710,40329715,1782867760407907,False,True
13421399,0.05810000,1202.50,40329716,40329716,1782867786815538,False,True
13421400,0.05810000,172.10,40329717,40329717,1782867795038967,False,True
13421401,0.05800000,16988.80,40329718,40329721,1782867889494710,False,True
13421402,0.05800000,1202.50,40329722,40329722,1782867902679294,True,True
13421403,0.05810000,3444.00,40329723,40329723,1782867911859925,False,True
13421404,0.05810000,3444.00,40329724,40329724,1782867911860014,False,True
13421405,0.05810000,3444.00,40329725,40329725,1782867911860168,False,True
13421406,0.05810000,3444.00,40329726,40329726,1782867911860346,False,True
13421407,0.05810000,3444.00,40329727,40329727,1782867911860353,False,True
13421408,0.05810000,3444.00,40329728,40329732,1782867911861034,False,True
13421409,0.05810000,33984.40,40329733,40329739,1782867919681965,False,True
13421410,0.05810000,93.80,40329740,40329740,1782867919683450,False,True
13421411,0.05810000,22217.40,40329741,40329744,1782867921113533,True,True
13421412,0.05810000,3443.00,40329745,40329745,1782867921115635,True,True
13421413,0.05810000,154.90,40329746,40329746,1782867921243807,False,True
13421414,0.05810000,3444.00,40329747,40329747,1782867922298719,False,True
13421415,0.05810000,3444.00,40329748,40329748,1782867922298772,False,True
13421416,0.05810000,3444.00,40329749,40329749,1782867922298886,False,True
13421417,0.05810000,280.20,40329750,40329752,1782867922298939,False,True
13421418,0.05820000,3444.00,40329753,40329755,1782867922299057,False,True
13421419,0.05820000,3444.00,40329756,40329756,1782867922299078,False,True
13421420,0.05820000,3444.00,40329757,40329757,1782867922299652,False,True
13421421,0.05820000,189.00,40329758,40329758,1782867951632801,False,True
13421422,0.05820000,378.70,40329759,40329762,1782867954984845,False,True
13421423,0.05820000,1012.30,40329763,40329763,1782867963313411,True,True
13421424,0.05820000,506.80,40329764,40329764,1782867965838691,True,True
13421425,0.05820000,6000.00,40329765,40329765,1782867966338047,True,True
13421426,0.05820000,56970.80,40329766,40329784,1782867972473118,True,True
13421427,0.05810000,188.70,40329785,40329785,1782867982620285,True,True
13421428,0.05810000,1516.00,40329786,40329789,1782868034107704,True,True
13421429,0.05810000,1516.00,40329790,40329790,1782868034108176,True,True
13421430,0.05810000,1516.00,40329791,40329794,1782868034108353,True,True
13421431,0.05820000,137.90,40329795,40329795,1782868036139811,False,True
13421432,0.05810000,1198.60,40329796,40329799,1782868044559550,True,True
13421433,0.05810000,93.40,40329800,40329800,1782868044561641,True,True
13421434,0.05810000,186.80,40329801,40329802,1782868044565174,True,True
13421435,0.05810000,280.20,40329803,40329805,1782868044588233,True,True
13421436,0.05810000,54180.50,40329806,40329814,1782868044599149,False,True
13421437,0.05810000,499.00,40329815,40329815,1782868044601456,True,True
13421438,0.05810000,499.00,40329816,40329816,1782868044601567,True,True
13421439,0.05810000,1516.00,40329817,40329817,1782868054209411,True,True
13421440,0.05810000,19342.80,40329818,40329820,1782868054313954,True,True
13421441,0.05810000,93.40,40329821,40329821,1782868054315686,True,True
13421442,0.05810000,280.20,40329822,40329824,1782868054317571,True,True
13421443,0.05800000,1235.80,40329825,40329825,1782868054317571,True,True
13421444,0.05800000,1516.00,40329826,40329826,1782868054317751,True,True
13421445,0.05800000,1516.00,40329827,40329827,1782868054319165,True,True
13421446,0.05810000,886.80,40329828,40329831,1782868056492868,False,True
13421447,0.05810000,93.40,40329832,40329832,1782868056494295,False,True
13421448,0.05810000,93.60,40329833,40329833,1782868056495437,False,True
13421449,0.05810000,187.00,40329834,40329835,1782868056495486,False,True
13421450,0.05810000,0.20,40329836,40329836,1782868056496419,False,True
13421451,0.05820000,172.10,40329837,40329837,1782868066531350,False,True
13421452,0.05810000,563.00,40329838,40329838,1782868080428157,True,True
13421453,0.05810000,1018.00,40329839,40329839,1782868080945184,True,True
13421454,0.05810000,1012.20,40329840,40329840,1782868081434520,True,True
13421455,0.05810000,505.90,40329841,40329841,1782868085808745,True,True
13421456,0.05810000,154.60,40329842,40329842,1782868096922962,True,True
13421457,0.05810000,15692.70,40329843,40329845,1782868107140444,True,True
13421458,0.05810000,6480.90,40329846,40329850,1782868155025581,False,True
13421459,0.05810000,12726.70,40329851,40329852,1782868155025592,False,True
13421460,0.05810000,7891.00,40329853,40329853,1782868155384111,True,True
13421461,0.05810000,280.80,40329854,40329856,1782868155385881,True,True
13421462,0.05800000,984.60,40329857,40329857,1782868200288605,True,True
13421463,0.05800000,970.30,40329858,40329858,1782868200315770,True,True
13421464,0.05800000,234.20,40329859,40329859,1782868200927145,True,True
13421465,0.05800000,5038.30,40329860,40329860,1782868235021367,True,True
13421466,0.05800000,506.40,40329861,40329861,1782868263295519,True,True
13421467,0.05800000,258.60,40329862,40329862,1782868263513632,True,True
13421468,0.05800000,258.60,40329863,40329863,1782868306449560,True,True
13421469,0.05800000,24072.20,40329864,40329880,1782868365210541,True,True
13421470,0.05800000,3038.40,40329881,40329883,1782868365266881,True,True
13421471,0.05790000,1034.00,40329884,40329884,1782868365319292,True,True
13421472,0.05790000,485.00,40329885,40329885,1782868365319676,True,True
13421473,0.05790000,19698.20,40329886,40329887,1782868365697121,True,True
13421474,0.05790000,1511.80,40329888,40329889,1782868365914497,True,True
13421475,0.05790000,1856.20,40329890,40329890,1782868365914722,True,True
13421476,0.05790000,2936.30,40329891,40329891,1782868365928782,True,True
13421477,0.05790000,1521.00,40329892,40329892,1782868366052671,True,True
13421478,0.05790000,2088.10,40329893,40329893,1782868366076716,True,True
13421479,0.05790000,2291.80,40329894,40329894,1782868366094593,True,True
13421480,0.05790000,4457.30,40329895,40329895,1782868366095289,True,True
13421481,0.05790000,3904.40,40329896,40329896,1782868366107718,True,True
13421482,0.05790000,2521.80,40329897,40329897,1782868366108728,True,True
13421483,0.05790000,3896.00,40329898,40329899,1782868366118440,True,True
13421484,0.05790000,5624.50,40329900,40329903,1782868366119745,True,True
13421485,0.05790000,3020.60,40329904,40329904,1782868366120540,True,True
13421486,0.05790000,6728.80,40329905,40329905,1782868366121135,True,True
13421487,0.05790000,2967.90,40329906,40329906,1782868366128653,True,True
13421488,0.05790000,2051.00,40329907,40329907,1782868366128911,True,True
13421489,0.05790000,190523.60,40329908,40329913,1782868366129731,True,True
13421490,0.05790000,418.50,40329914,40329914,1782868366137552,True,True
13421491,0.05790000,4709.70,40329915,40329915,1782868366138133,True,True
13421492,0.05790000,1871.30,40329916,40329916,1782868366138606,True,True
13421493,0.05790000,3720.50,40329917,40329917,1782868366142121,True,True
13421494,0.05790000,23782.10,40329918,40329919,1782868366146073,True,True
13421495,0.05790000,22345.50,40329920,40329920,1782868366147185,True,True
13421496,0.05790000,2134.10,40329921,40329921,1782868366152151,True,True
13421497,0.05790000,124075.30,40329922,40329930,1782868366155054,True,True
13421498,0.05780000,1522.00,40329931,40329931,1782868366221260,True,True
13421499,0.05790000,32412.20,40329932,40329937,1782868366988896,False,True
13421500,0.05790000,5145.50,40329938,40329938,1782868366989040,False,True
13421501,0.05790000,6627.90,40329939,40329942,1782868366991080,False,True
13421502,0.05790000,1521.00,40329943,40329943,1782868367245046,True,True
13421503,0.05790000,23179.20,40329944,40329948,1782868367999474,False,True
13421504,0.05790000,1304.40,40329949,40329950,1782868368074778,True,True
13421505,0.05780000,217.60,40329951,40329951,1782868368074778,True,True
13421506,0.05780000,19283.60,40329952,40329958,1782868372576413,True,True
13421507,0.05780000,1521.00,40329959,40329959,1782868372608765,True,True
13421508,0.05780000,94.60,40329960,40329960,1782868372664537,True,True
13421509,0.05780000,1524.00,40329961,40329962,1782868372727464,True,True
13421510,0.05780000,1524.00,40329963,40329965,1782868372754844,True,True
13421511,0.05780000,276.60,40329966,40329968,1782868372847208,True,True
13421512,0.05780000,94.00,40329969,40329969,1782868372847307,True,True
13421513,0.05780000,7837.50,40329970,40329974,1782868372997712,False,True
13421514,0.05780000,19506.50,40329975,40329975,1782868372999465,False,True
13421515,0.05780000,9449.40,40329976,40329978,1782868372999894,False,True
13421516,0.05780000,1524.00,40329979,40329979,1782868373934932,True,True
13421517,0.05780000,1524.00,40329980,40329980,1782868373935344,True,True
13421518,0.05780000,1524.00,40329981,40329981,1782868375578932,True,True
13421519,0.05780000,1524.00,40329982,40329982,1782868375579109,True,True
13421520,0.05780000,1524.00,40329983,40329984,1782868375579899,True,True
13421521,0.05780000,1524.00,40329985,40329987,1782868376253280,True,True
13421522,0.05780000,1258.00,40329988,40329988,1782868376253858,True,True
13421523,0.05780000,1524.00,40329989,40329989,1782868376621042,True,True
13421524,0.05780000,1524.00,40329990,40329991,1782868376626311,True,True
13421525,0.05780000,133.20,40329992,40329992,1782868376627920,True,True
13421526,0.05770000,1524.00,40329993,40329993,1782868376628441,True,True
13421527,0.05780000,3329.00,40329994,40329998,1782868377351823,False,True
13421528,0.05790000,3462.00,40329999,40330001,1782868377352069,False,True
13421529,0.05790000,3462.00,40330002,40330003,1782868377352089,False,True
13421530,0.05790000,3462.00,40330004,40330004,1782868377352166,False,True
13421531,0.05790000,3462.00,40330005,40330005,1782868377352222,False,True
13421532,0.05790000,3462.00,40330006,40330007,1782868377352357,False,True
13421533,0.05790000,3462.00,40330008,40330008,1782868377353049,False,True
13421534,0.05780000,968.00,40330009,40330009,1782868378131048,True,True
13421535,0.05780000,1523.50,40330010,40330012,1782868382612170,True,True
13421536,0.05780000,1524.00,40330013,40330013,1782868382612235,True,True
13421537,0.05780000,1523.50,40330014,40330014,1782868382612284,True,True
13421538,0.05780000,1885.00,40330015,40330015,1782868382864604,False,True
13421539,0.05780000,8375.70,40330016,40330021,1782868382864821,False,True
13421540,0.05790000,3462.00,40330022,40330022,1782868382867609,False,True
13421541,0.05790000,3462.00,40330023,40330023,1782868382867745,False,True
13421542,0.05790000,3462.00,40330024,40330024,1782868382867842,False,True
13421543,0.05790000,3462.00,40330025,40330025,1782868382868469,False,True
13421544,0.05790000,3462.00,40330026,40330026,1782868382868580,False,True
13421545,0.05790000,3462.00,40330027,40330027,1782868382869116,False,True
13421546,0.05780000,2777.70,40330028,40330028,1782868394648650,False,True
13421547,0.05780000,3710.40,40330029,40330033,1782868396091000,False,True
13421548,0.05780000,94.00,40330034,40330034,1782868396094179,False,True
13421549,0.05780000,188.20,40330035,40330036,1782868396106420,False,True
13421550,0.05780000,94.10,40330037,40330037,1782868396106620,False,True
13421551,0.05780000,1524.00,40330038,40330039,1782868397231952,True,True
13421552,0.05780000,359.20,40330040,40330040,1782868397232359,True,True
13421553,0.05770000,1164.80,40330041,40330041,1782868397232359,True,True
13421554,0.05770000,1524.00,40330042,40330042,1782868397232488,True,True
13421555,0.05780000,94.30,40330043,40330043,1782868397235448,True,True
13421556,0.05780000,1430.00,40330044,40330044,1782868397235725,True,True
13421557,0.05780000,94.00,40330045,40330045,1782868397236995,True,True
13421558,0.05770000,1430.00,40330046,40330046,1782868397240438,True,True
13421559,0.05770000,1526.00,40330047,40330047,1782868401065485,True,True
13421560,0.05770000,1526.00,40330048,40330048,1782868401065810,True,True
13421561,0.05770000,1527.00,40330049,40330052,1782868401536470,True,True
13421562,0.05770000,94.00,40330053,40330053,1782868401548045,True,True
13421563,0.05770000,1527.00,40330054,40330055,1782868401560164,True,True
13421564,0.05770000,1527.00,40330056,40330056,1782868404181563,True,True
13421565,0.05770000,12180.20,40330057,40330057,1782868405142721,True,True
13421566,0.05770000,18309.90,40330058,40330068,1782868405145241,True,True
13421567,0.05770000,1457.00,40330069,40330071,1782868407700817,True,True
13421568,0.05770000,963.00,40330072,40330072,1782868407757275,True,True
13421569,0.05770000,471.00,40330073,40330075,1782868410654822,True,True
13421570,0.05770000,1527.00,40330076,40330076,1782868410655506,True,True
13421571,0.05770000,282.30,40330077,40330079,1782868410668938,True,True
13421572,0.05760000,1314.70,40330080,40330080,1782868410668938,True,True
13421573,0.05760000,1056.00,40330081,40330081,1782868410668948,True,True
13421574,0.05770000,941.50,40330082,40330086,1782868412517108,False,True
13421575,0.05780000,2526.50,40330087,40330087,1782868412517108,False,True
13421576,0.05780000,3468.00,40330088,40330088,1782868412517156,False,True
13421577,0.05780000,3468.00,40330089,40330089,1782868412517348,False,True
13421578,0.05780000,3468.00,40330090,40330093,1782868412517378,False,True
13421579,0.05780000,3468.00,40330094,40330094,1782868412517380,False,True
13421580,0.05780000,3468.00,40330095,40330095,1782868412517401,False,True
13421581,0.05760000,1365.00,40330096,40330096,1782868419935903,True,True
13421582,0.05770000,2014.00,40330097,40330100,1782868421295459,False,True
13421583,0.05770000,94.80,40330101,40330102,1782868421295476,False,True
13421584,0.05780000,1919.20,40330103,40330103,1782868421295476,False,True
13421585,0.05780000,2014.00,40330104,40330105,1782868421295566,False,True
13421586,0.05780000,2014.00,40330106,40330106,1782868421295732,False,True
13421587,0.05780000,2014.00,40330107,40330107,1782868421295736,False,True
13421588,0.05780000,2014.00,40330108,40330108,1782868421295857,False,True
13421589,0.05780000,374.00,40330109,40330112,1782868428719870,False,True
13421590,0.05780000,374.00,40330113,40330113,1782868428719912,False,True
13421591,0.05780000,374.00,40330114,40330114,1782868428719918,False,True
13421592,0.05780000,374.00,40330115,40330115,1782868428720115,False,True
13421593,0.05780000,183.00,40330116,40330117,1782868428720232,False,True
13421594,0.05790000,374.00,40330118,40330118,1782868428720251,False,True
13421595,0.05780000,172.70,40330119,40330119,1782868429249099,True,True
13421596,0.05790000,1805.00,40330120,40330123,1782868433523120,False,True
13421597,0.05790000,1805.00,40330124,40330124,1782868433523321,False,True
13421598,0.05790000,1805.00,40330125,40330125,1782868433523353,False,True
13421599,0.05790000,1805.00,40330126,40330126,1782868433523508,False,True
13421600,0.05790000,1805.00,40330127,40330127,1782868433523560,False,True
13421601,0.05790000,1805.00,40330128,40330128,1782868433523920,False,True
13421602,0.05800000,3450.00,40330129,40330129,1782868441661948,False,True
13421603,0.05800000,3450.00,40330130,40330131,1782868441662094,False,True
13421604,0.05800000,3450.00,40330132,40330132,1782868441662293,False,True
13421605,0.05800000,3450.00,40330133,40330133,1782868441662316,False,True
13421606,0.05800000,3450.00,40330134,40330136,1782868441662344,False,True
13421607,0.05800000,3450.00,40330137,40330137,1782868441662979,False,True
13421608,0.05800000,24888.90,40330138,40330138,1782868441664397,False,True
13421609,0.05800000,4600.00,40330139,40330139,1782868441666138,False,True
13421610,0.05800000,4600.00,40330140,40330140,1782868441666207,False,True
13421611,0.05800000,4600.00,40330141,40330144,1782868441666258,False,True
13421612,0.05800000,129.50,40330145,40330146,1782868442251914,False,True
13421613,0.05800000,129.50,40330147,40330148,1782868442944125,False,True
13421614,0.05800000,129.50,40330149,40330149,1782868442944382,False,True
13421615,0.05800000,129.50,40330150,40330150,1782868442944387,False,True
13421616,0.05800000,129.50,40330151,40330151,1782868442975085,False,True
13421617,0.05800000,187.60,40330152,40330153,1782868444615472,False,True
13421618,0.05800000,182.20,40330154,40330155,1782868444616738,False,True
13421619,0.05800000,1519.00,40330156,40330156,1782868449405282,True,True
13421620,0.05800000,146.00,40330157,40330157,1782868449405549,True,True
13421621,0.05790000,1373.00,40330158,40330158,1782868449405549,True,True
13421622,0.05790000,1518.90,40330159,40330159,1782868449411477,True,True
13421623,0.05800000,2005.00,40330160,40330163,1782868468700737,False,True
13421624,0.05800000,94.30,40330164,40330165,1782868468700743,False,True
13421625,0.05810000,1910.70,40330166,40330166,1782868468700743,False,True
13421626,0.05810000,2005.00,40330167,40330167,1782868468700766,False,True
13421627,0.05810000,2005.00,40330168,40330168,1782868468700838,False,True
13421628,0.05810000,2005.00,40330169,40330169,1782868468700941,False,True
13421629,0.05810000,2005.00,40330170,40330170,1782868468701566,False,True
13421630,0.05810000,137.70,40330171,40330171,1782868472253965,False,True
13421631,0.05790000,1528.50,40330172,40330172,1782868486489686,True,True
13421632,0.05800000,275.60,40330173,40330175,1782868488726990,False,True
13421633,0.05800000,93.60,40330176,40330176,1782868488728195,False,True
13421634,0.05800000,276.00,40330177,40330179,1782868489268438,False,True
13421635,0.05800000,182.20,40330180,40330181,1782868489427435,False,True
13421636,0.05800000,93.80,40330182,40330182,1782868489428681,False,True
13421637,0.05800000,182.20,40330183,40330184,1782868489430360,False,True
13421638,0.05800000,3658.20,40330185,40330185,1782868489815165,True,True
13421639,0.05810000,1613.90,40330186,40330191,1782868508759980,False,True
13421640,0.05810000,93.80,40330192,40330192,1782868508762221,False,True
13421641,0.05820000,1014.20,40330193,40330193,1782868508762221,False,True
13421642,0.05820000,1108.00,40330194,40330194,1782868508762493,False,True
13421643,0.05820000,1108.00,40330195,40330195,1782868508762494,False,True
13421644,0.05820000,1108.00,40330196,40330196,1782868508762504,False,True
13421645,0.05820000,1196.00,40330197,40330197,1782868508762594,False,True
13421646,0.05820000,1108.00,40330198,40330198,1782868508762879,False,True
13421647,0.05820000,343.60,40330199,40330199,1782868509436926,False,True
13421648,0.05820000,3438.00,40330200,40330201,1782868521754777,False,True
13421649,0.05820000,28614.00,40330202,40330208,1782868521754781,False,True
13421650,0.05830000,3438.00,40330209,40330209,1782868521754833,False,True
13421651,0.05830000,3438.00,40330210,40330210,1782868521754862,False,True
13421652,0.05830000,3438.00,40330211,40330211,1782868521755166,False,True
13421653,0.05830000,3438.00,40330212,40330212,1782868521755169,False,True
13421654,0.05830000,3438.00,40330213,40330215,1782868521755488,False,True
13421655,0.05830000,36714.10,40330216,40330225,1782868533919638,False,True
13421656,0.05830000,84405.90,40330226,40330233,1782868535058984,True,True
13421657,0.05830000,3309.00,40330234,40330236,1782868535060249,True,True
13421658,0.05820000,1330.40,40330237,40330249,1782868536462782,True,True
13421659,0.05810000,183.60,40330250,40330250,1782868536462782,True,True
13421660,0.05810000,1514.00,40330251,40330251,1782868536463422,True,True
13421661,0.05810000,137.20,40330252,40330252,1782868538988780,True,True
13421662,0.05820000,579.90,40330253,40330256,1782868541393333,False,True
13421663,0.05820000,1514.00,40330257,40330257,1782868554624270,True,True
13421664,0.05820000,1514.00,40330258,40330258,1782868554624690,True,True
13421665,0.05820000,1514.00,40330259,40330259,1782868554624860,True,True
13421666,0.05820000,181.30,40330260,40330261,1782868554930894,True,True
13421667,0.05820000,2175.30,40330262,40330263,1782868556226796,False,True
13421668,0.05820000,189.00,40330264,40330266,1782868569079628,False,True
13421669,0.05810000,1516.00,40330267,40330267,1782868581758248,True,True
13421670,0.05810000,1516.00,40330268,40330268,1782868581758300,True,True
13421671,0.05810000,1516.00,40330269,40330269,1782868581758641,True,True
13421672,0.05810000,1516.00,40330270,40330270,1782868583631055,True,True
13421673,0.05810000,1516.00,40330271,40330271,1782868583632272,True,True
13421674,0.05810000,13800.00,40330272,40330275,1782868583632594,True,True
13421675,0.05810000,1516.00,40330276,40330276,1782868583637460,True,True
13421676,0.05810000,1516.00,40330277,40330277,1782868583659539,True,True
13421677,0.05810000,368.30,40330278,40330281,1782868583687181,True,True
13421678,0.05800000,189.30,40330282,40330282,1782868598870023,True,True
13421679,0.05800000,137.40,40330283,40330283,1782868629258167,True,True
13421680,0.05810000,16399.40,40330284,40330286,1782868640443901,False,True
13421681,0.05810000,280.60,40330287,40330289,1782868640446973,False,True
13421682,0.05820000,3163.40,40330290,40330290,1782868640446973,False,True
13421683,0.05820000,3444.00,40330291,40330291,1782868640447021,False,True
13421684,0.05820000,3444.00,40330292,40330292,1782868640447046,False,True
13421685,0.05820000,3444.00,40330293,40330294,1782868640447127,False,True
13421686,0.05820000,3444.00,40330295,40330295,1782868640447351,False,True
13421687,0.05820000,3444.00,40330296,40330296,1782868640448560,False,True
13421688,0.05810000,280.80,40330297,40330299,1782868657922726,True,True
13421689,0.05810000,1126.20,40330300,40330304,1782868666634927,False,True
13421690,0.05810000,93.40,40330305,40330305,1782868666637154,False,True
13421691,0.05810000,1234.70,40330306,40330307,1782868666637432,False,True
13421692,0.05810000,93.40,40330308,40330308,1782868666638716,False,True
13421693,0.05810000,93.40,40330309,40330310,1782868666639007,False,True
13421694,0.05810000,1126.00,40330311,40330312,1782868666639848,False,True
13421695,0.05810000,483.50,40330313,40330314,1782868666639857,False,True
13421696,0.05820000,642.50,40330315,40330315,1782868666639857,False,True
13421697,0.05820000,1126.00,40330316,40330316,1782868666639876,False,True
13421698,0.05820000,1126.00,40330317,40330317,1782868666640100,False,True
13421699,0.05820000,1126.00,40330318,40330318,1782868666640355,False,True
13421700,0.05820000,1126.00,40330319,40330319,1782868666640373,False,True
13421701,0.05810000,3117.00,40330320,40330320,1782868674815554,True,True
13421702,0.05810000,1253.70,40330321,40330321,1782868686571151,True,True
13421703,0.05810000,50906.10,40330322,40330336,1782868688891803,True,True
13421704,0.05800000,153947.40,40330337,40330371,1782868688892591,True,True
13421705,0.05800000,14364.50,40330372,40330376,1782868688894588,False,True
13421706,0.05810000,1127.00,40330377,40330378,1782868688908029,False,True
13421707,0.05800000,200000.00,40330379,40330387,1782868688921816,True,True
13421708,0.05800000,14748.30,40330388,40330390,1782868688921910,True,True
13421709,0.05800000,60445.50,40330391,40330393,1782868688921980,True,True
13421710,0.05790000,3442.00,40330394,40330394,1782868688922546,True,True
13421711,0.05790000,3442.00,40330395,40330396,1782868688922592,True,True
13421712,0.05790000,3442.00,40330397,40330397,1782868688923043,True,True
13421713,0.05800000,10429.20,40330398,40330402,1782868688925239,True,True
13421714,0.05790000,1521.00,40330403,40330403,1782868688925536,True,True
13421715,0.05790000,1520.40,40330404,40330404,1782868688926005,True,True
13421716,0.05790000,1521.00,40330405,40330405,1782868688928785,True,True
13421717,0.05800000,4102.40,40330406,40330406,1782868688937687,False,True
13421718,0.05800000,7686.40,40330407,40330410,1782868688946876,False,True
13421719,0.05800000,12584.50,40330411,40330411,1782868688946887,False,True
13421720,0.05800000,93.40,40330412,40330412,1782868688947883,False,True
13421721,0.05810000,3355.60,40330413,40330413,1782868688947883,False,True
13421722,0.05810000,3449.00,40330414,40330414,1782868688947945,False,True
13421723,0.05810000,3449.00,40330415,40330417,1782868688948041,False,True
13421724,0.05810000,2878.00,40330418,40330418,1782868688948080,False,True
13421725,0.05810000,3449.00,40330419,40330419,1782868688948569,False,True
13421726,0.05810000,571.00,40330420,40330420,1782868688948737,False,True
13421727,0.05800000,8630.90,40330421,40330421,1782868689053751,True,True
13421728,0.05810000,154.60,40330422,40330422,1782868689174741,False,True
13421729,0.05800000,30000.00,40330423,40330429,1782868689482425,True,True
13421730,0.05800000,3013.40,40330430,40330431,1782868690103254,True,True
13421731,0.05800000,280.80,40330432,40330434,1782868710733681,True,True
13421732,0.05790000,1238.20,40330435,40330435,1782868710733681,True,True
13421733,0.05790000,1519.00,40330436,40330437,1782868710733746,True,True
13421734,0.05790000,1519.00,40330438,40330438,1782868710736838,True,True
13421735,0.05800000,33450.20,40330439,40330446,1782868710739236,False,True
13421736,0.05800000,172.10,40330447,40330447,1782868719263876,True,True
13421737,0.05810000,21999.90,40330448,40330457,1782868722823923,False,True
13421738,0.05810000,93.40,40330458,40330458,1782868723700785,True,True
13421739,0.05800000,1516.00,40330459,40330459,1782868726036136,True,True
13421740,0.05800000,1516.00,40330460,40330460,1782868726038830,True,True
13421741,0.05800000,1516.00,40330461,40330461,1782868726039194,True,True
13421742,0.05800000,1203.60,40330462,40330462,1782868729012813,True,True
13421743,0.05810000,16841.10,40330463,40330473,1782868731699136,False,True
13421744,0.05810000,93.40,40330474,40330474,1782868731701077,False,True
13421745,0.05810000,34494.30,40330475,40330477,1782868733017313,True,True
13421746,0.05800000,1516.00,40330478,40330478,1782868733025272,True,True
13421747,0.05800000,1516.00,40330479,40330479,1782868733031725,True,True
13421748,0.05800000,1516.00,40330480,40330480,1782868733036539,True,True
13421749,0.05810000,23548.50,40330481,40330486,1782868740926840,False,True
13421750,0.05810000,93.40,40330487,40330487,1782868740928939,False,True
13421751,0.05810000,1702.70,40330488,40330490,1782868740933025,False,True
13421752,0.05810000,815.30,40330491,40330493,1782868740945264,False,True
13421753,0.05810000,1609.10,40330494,40330496,1782868740953545,False,True
13421754,0.05810000,493.60,40330497,40330500,1782868740989694,False,True
13421755,0.05810000,187.20,40330501,40330501,1782868740992817,False,True
13421756,0.05810000,1515.50,40330502,40330504,1782868740994648,False,True
13421757,0.05810000,187.20,40330505,40330505,1782868741027466,False,True
13421758,0.05810000,26878.70,40330506,40330516,1782868751270923,False,True
13421759,0.05820000,3444.00,40330517,40330517,1782868751282460,False,True
13421760,0.05810000,833.60,40330518,40330518,1782868751817382,True,True
13421761,0.05810000,189.00,40330519,40330519,1782868752358401,True,True
13421762,0.05810000,93.00,40330520,40330520,1782868758454261,True,True
13421763,0.05810000,3968.30,40330521,40330521,1782868767602592,True,True
13421764,0.05810000,2622.30,40330522,40330522,1782868768601614,True,True
13421765,0.05820000,1261.60,40330523,40330528,1782868776321841,False,True
13421766,0.05820000,93.60,40330529,40330529,1782868776325437,False,True
13421767,0.05810000,1513.30,40330530,40330530,1782868781719389,True,True
13421768,0.05810000,1514.00,40330531,40330531,1782868781734494,True,True
13421769,0.05820000,137.70,40330532,40330532,1782868783348422,False,True
13421770,0.05820000,74416.70,40330533,40330547,1782868790495647,False,True
13421771,0.05820000,360.80,40330548,40330548,1782868812666775,True,True
13421772,0.05820000,154.40,40330549,40330549,1782868813436318,True,True
13421773,0.05810000,1514.10,40330550,40330550,1782868821403129,True,True
13421774,0.05810000,1514.00,40330551,40330551,1782868821405683,True,True
13421775,0.05810000,1514.00,40330552,40330552,1782868821406715,True,True
13421776,0.05820000,3513.60,40330553,40330557,1782868832938303,False,True
13421777,0.05820000,93.30,40330558,40330558,1782868832940382,False,True
13421778,0.05820000,93.40,40330559,40330559,1782868832942172,False,True
13421779,0.05820000,186.80,40330560,40330561,1782868832943203,False,True
13421780,0.05820000,186.80,40330562,40330563,1782868832943741,False,True
13421781,0.05820000,154.40,40330564,40330564,1782868843863189,True,True
13421782,0.05830000,171.80,40330565,40330565,1782868874260328,False,True
13421783,0.05830000,3436.80,40330566,40330566,1782868891153001,False,True
13421784,0.05820000,5000.00,40330567,40330567,1782868913101099,True,True
13421785,0.05820000,279.90,40330568,40330570,1782868922287923,True,True
13421786,0.05820000,171.80,40330571,40330571,1782868922972657,False,True
13421787,0.05820000,21897.50,40330572,40330576,1782868930768951,False,True
13421788,0.05820000,93.30,40330577,40330577,1782868930769135,False,True
13421789,0.05830000,3438.00,40330578,40330578,1782868930770450,False,True
13421790,0.05830000,3438.00,40330579,40330580,1782868930770952,False,True
13421791,0.05830000,3438.00,40330581,40330581,1782868930771171,False,True
13421792,0.05830000,3438.00,40330582,40330582,1782868930771227,False,True
13421793,0.05830000,3438.00,40330583,40330584,1782868930771231,False,True
13421794,0.05830000,1896.00,40330585,40330585,1782868930780366,False,True
13421795,0.05830000,1542.00,40330586,40330586,1782868930780869,False,True
13421796,0.05830000,5593.10,40330587,40330590,1782868972098276,False,True
13421797,0.05830000,93.40,40330591,40330591,1782868972100559,False,True
13421798,0.05830000,21357.30,40330592,40330593,1782868976221638,True,True
13421799,0.05830000,171.50,40330594,40330594,1782868985522782,False,True
13421800,0.05820000,171.20,40330595,40330595,1782869021316719,True,True
13421801,0.05830000,1715.20,40330596,40330596,1782869039503312,False,True
13421802,0.05820000,1514.00,40330597,40330600,1782869041400713,True,True
13421803,0.05820000,1513.10,40330601,40330601,1782869041400969,True,True
13421804,0.05820000,3549.20,40330602,40330606,1782869041487086,True,True
13421805,0.05810000,3436.00,40330607,40330607,1782869041490439,True,True
13421806,0.05810000,3436.00,40330608,40330609,1782869041490684,True,True
13421807,0.05810000,3436.00,40330610,40330610,1782869041491378,True,True
13421808,0.05810000,3436.00,40330611,40330611,1782869041491490,True,True
13421809,0.05810000,3436.00,40330612,40330613,1782869041491820,True,True
13421810,0.05820000,189.30,40330614,40330614,1782869088353718,False,True
13421811,0.05810000,8893.80,40330615,40330615,1782869089153785,True,True
13421812,0.05810000,17631.30,40330616,40330622,1782869089157704,True,True
13421813,0.05810000,93.30,40330623,40330623,1782869089168924,True,True
13421814,0.05800000,1516.00,40330624,40330624,1782869089190059,True,True
13421815,0.05800000,1515.50,40330625,40330625,1782869089206784,True,True
13421816,0.05800000,172.10,40330626,40330627,1782869125948104,True,True
13421817,0.05800000,189.30,40330628,40330630,1782869165346703,True,True
13421818,0.05800000,200.00,40330631,40330631,1782869185518469,True,True
13421819,0.05800000,189.30,40330632,40330632,1782869197541376,True,True
13421820,0.05810000,155.20,40330633,40330633,1782869228529806,False,True
13421821,0.05800000,1223.40,40330634,40330636,1782869229344070,True,True
13421822,0.05800000,1654.40,40330637,40330640,1782869234638716,True,True
13421823,0.05800000,137.70,40330641,40330641,1782869259817325,True,True
13421824,0.05810000,154.90,40330642,40330642,1782869309429573,False,True
13421825,0.05810000,16256.50,40330643,40330649,1782869310516770,False,True
13421826,0.05810000,24823.60,40330650,40330654,1782869310519227,False,True
13421827,0.05820000,3444.00,40330655,40330655,1782869310541231,False,True
13421828,0.05820000,3444.00,40330656,40330657,1782869310548905,False,True
13421829,0.05820000,3444.00,40330658,40330658,1782869310553638,False,True
13421830,0.05820000,3444.00,40330659,40330660,1782869310553641,False,True
13421831,0.05820000,3444.00,40330661,40330661,1782869310561515,False,True
13421832,0.05820000,3444.00,40330662,40330662,1782869310565983,False,True
13421833,0.05810000,137.20,40330663,40330663,1782869396283156,True,True
13421834,0.05820000,9355.30,40330664,40330666,1782869411823146,False,True
13421835,0.05820000,1035.60,40330667,40330671,1782869428535653,False,True
13421836,0.05820000,93.60,40330672,40330672,1782869428537171,False,True
13421837,0.05820000,93.40,40330673,40330673,1782869428538302,False,True
13421838,0.05820000,186.80,40330674,40330675,1782869428538344,False,True
13421839,0.05820000,188.70,40330676,40330676,1782869429369827,True,True
13421840,0.05830000,137.50,40330677,40330677,1782869490399991,False,True
13421841,0.05830000,189.00,40330678,40330678,1782869551423233,False,True
13421842,0.05830000,10381.10,40330679,40330689,1782869570338024,False,True
13421843,0.05820000,171.50,40330690,40330690,1782869582714741,True,True
13421844,0.05820000,171.50,40330691,40330691,1782869614006701,True,True
13421845,0.05820000,58944.50,40330692,40330697,1782869655790569,True,True
13421846,0.05820000,39147.80,40330698,40330709,1782869655790627,True,True
13421847,0.05820000,93.30,40330710,40330710,1782869655790908,True,True
13421848,0.05810000,84850.30,40330711,40330717,1782869655819744,True,True
13421849,0.05810000,17210.80,40330718,40330721,1782869655823205,False,True
13421850,0.05810000,31101.20,40330722,40330723,1782869655823441,False,True
13421851,0.05810000,1608.90,40330724,40330725,1782869655824155,False,True
13421852,0.05820000,1308.40,40330726,40330726,1782869655838854,False,True
13421853,0.05820000,1308.40,40330727,40330727,1782869655841949,False,True
13421854,0.05820000,7356.10,40330728,40330728,1782869655913178,False,True
13421855,0.05810000,4113.00,40330729,40330729,1782869656000366,True,True
13421856,0.05820000,137.50,40330730,40330730,1782869678334827,False,True
13421857,0.05820000,29342.20,40330731,40330741,1782869698162239,False,True
13421858,0.05820000,154.10,40330742,40330742,1782869708722953,True,True
13421859,0.05820000,113.60,40330743,40330743,1782869711422627,True,True
13421860,0.05830000,908.10,40330744,40330748,1782869737912630,False,True
13421861,0.05830000,93.40,40330749,40330749,1782869737914471,False,True
13421862,0.05840000,188.70,40330750,40330750,1782869738808977,False,True
13421863,0.05830000,1510.50,40330751,40330751,1782869739988635,True,True
13421864,0.05830000,1511.00,40330752,40330752,1782869739988904,True,True
13421865,0.05830000,3207.20,40330753,40330756,1782869761753888,False,True
13421866,0.05830000,186.60,40330757,40330758,1782869761756748,False,True
13421867,0.05830000,93.30,40330759,40330759,1782869761756750,False,True
13421868,0.05830000,137.00,40330760,40330760,1782869769496367,True,True
13421869,0.05840000,172.10,40330761,40330761,1782869780606082,False,True
13421870,0.05830000,128.60,40330762,40330762,1782869784317530,True,True
13421871,0.05830000,128.60,40330763,40330763,1782869784317560,True,True
13421872,0.05830000,128.60,40330764,40330764,1782869784317589,True,True
13421873,0.05830000,128.60,40330765,40330765,1782869784317616,True,True
13421874,0.05830000,6559.30,40330766,40330768,1782869784317621,True,True
13421875,0.05830000,87.80,40330769,40330769,1782869784317675,True,True
13421876,0.05820000,1510.50,40330770,40330770,1782869784318393,True,True
13421877,0.05820000,1511.00,40330771,40330771,1782869784318511,True,True
13421878,0.05820000,1510.50,40330772,40330772,1782869784319839,True,True
13421879,0.05820000,10013.50,40330773,40330773,1782869792742438,True,True
13421880,0.05820000,188.70,40330774,40330774,1782869801684972,True,True
13421881,0.05820000,131.40,40330775,40330775,1782869836677757,True,True
13421882,0.05820000,1514.00,40330776,40330776,1782869838745736,True,True
13421883,0.05820000,1514.00,40330777,40330777,1782869838746032,True,True
13421884,0.05820000,1514.00,40330778,40330782,1782869838746914,True,True
13421885,0.05820000,280.00,40330783,40330785,1782869838794624,True,True
13421886,0.05810000,1234.00,40330786,40330786,1782869838794624,True,True
13421887,0.05820000,18908.20,40330787,40330789,1782869847309166,False,True
13421888,0.05820000,93.30,40330790,40330790,1782869847311166,False,True
13421889,0.05820000,188.70,40330791,40330791,1782869848293117,True,True
13421890,0.05820000,18720.20,40330792,40330793,1782869869281442,True,True
13421891,0.05810000,2578.00,40330794,40330794,1782869869285909,True,True
13421892,0.05820000,5726.80,40330795,40330795,1782869908946862,False,True
13421893,0.05820000,579.90,40330796,40330799,1782869908973995,False,True
13421894,0.05820000,188.70,40330800,40330800,1782869941156962,True,True
13421895,0.05830000,507.50,40330801,40330804,1782869946254731,False,True
13421896,0.05830000,93.10,40330805,40330805,1782869946258389,False,True
13421897,0.05840000,507.00,40330806,40330806,1782869946342628,False,True
13421898,0.05840000,507.00,40330807,40330807,1782869946353538,False,True
13421899,0.05840000,74635.10,40330808,40330821,1782869965323659,False,True
13421900,0.05840000,1508.00,40330822,40330822,1782869978057640,True,True
13421901,0.05840000,1508.00,40330823,40330823,1782869978058004,True,True
13421902,0.05840000,1508.00,40330824,40330824,1782869978058252,True,True
13421903,0.05840000,113.00,40330825,40330826,1782870002122246,True,True
13421904,0.05840000,1508.00,40330827,40330829,1782870002123429,True,True
13421905,0.05840000,1395.00,40330830,40330832,1782870002123738,True,True
13421906,0.05840000,10961.00,40330833,40330837,1782870002132254,True,True
13421907,0.05840000,467.10,40330838,40330838,1782870002133552,True,True
13421908,0.05840000,119.00,40330839,40330839,1782870004844645,True,True
13421909,0.05840000,498.00,40330840,40330840,1782870049483545,True,True
13421910,0.05850000,56616.70,40330841,40330851,1782870057185080,False,True
13421911,0.05850000,96.70,40330852,40330852,1782870058019274,True,True
13421912,0.05860000,15554.30,40330853,40330858,1782870068486895,False,True
13421913,0.05860000,92.90,40330859,40330859,1782870068487181,False,True
13421914,0.05860000,5063.00,40330860,40330860,1782870071136987,True,True
13421915,0.05860000,1503.00,40330861,40330861,1782870074727753,True,True
13421916,0.05860000,1503.00,40330862,40330862,1782870074727982,True,True
13421917,0.05860000,1503.00,40330863,40330863,1782870074728244,True,True
13421918,0.05860000,1503.00,40330864,40330864,1782870075059402,True,True
13421919,0.05860000,1503.00,40330865,40330865,1782870075059409,True,True
13421920,0.05860000,1503.00,40330866,40330866,1782870075059437,True,True
13421921,0.05870000,851.80,40330867,40330869,1782870076556906,False,True
13421922,0.05860000,1503.00,40330870,40330870,1782870078942847,True,True
13421923,0.05860000,1503.00,40330871,40330871,1782870078942935,True,True
13421924,0.05860000,1503.00,40330872,40330872,1782870078943139,True,True
13421925,0.05860000,1503.00,40330873,40330873,1782870080127622,True,True
13421926,0.05860000,1503.00,40330874,40330874,1782870080130739,True,True
13421927,0.05860000,1503.00,40330875,40330875,1782870080130996,True,True
13421928,0.05860000,187.40,40330876,40330876,1782870100704398,True,True
13421929,0.05860000,1503.00,40330877,40330877,1782870104493860,True,True
13421930,0.05860000,1271.00,40330878,40330878,1782870104494136,True,True
13421931,0.05860000,211.00,40330879,40330879,1782870104527334,True,True
13421932,0.05860000,1292.00,40330880,40330880,1782870104527669,True,True
13421933,0.05860000,1504.00,40330881,40330881,1782870104535334,True,True
13421934,0.05860000,1504.00,40330882,40330882,1782870104537336,True,True
