13352,200.72000000,0.12000000,13877,13877,1782864001759931,True,True
13353,200.72000000,0.12000000,13878,13878,1782864001812979,True,True
13354,200.72000000,0.12000000,13879,13879,1782864001813135,True,True
13355,200.72000000,0.24000000,13880,13880,1782864001813400,True,True
13356,200.72000000,0.84000000,13881,13881,1782864001892076,True,True
13357,200.59000000,0.31900000,13882,13882,1782864083998336,True,True
13358,200.55000000,0.05800000,13883,13883,1782864091157415,True,True
13359,200.34000000,0.65700000,13884,13884,1782864094095958,True,True
13360,200.47000000,0.08200000,13885,13885,1782864094663397,True,True
13361,200.55000000,0.61200000,13886,13886,1782864096205694,True,True
13362,200.64000000,0.59600000,13887,13887,1782864098254534,True,True
13363,200.76000000,0.15500000,13888,13888,1782864106906792,True,True
13364,200.72000000,0.36300000,13889,13889,1782864112662313,True,True
13365,200.34000000,0.06500000,13890,13890,1782864115642669,True,True
13366,200.34000000,0.17200000,13891,13891,1782864117124562,True,True
13367,200.55000000,1.41800000,13892,13892,1782864127539150,True,True
13368,200.58000000,0.06500000,13893,13893,1782864128821309,True,True
13369,200.55000000,1.06000000,13894,13894,1782864129652672,True,True
13370,200.35000000,0.07400000,13895,13895,1782864129652672,True,True
13371,200.55000000,0.05800000,13896,13896,1782864130825506,True,True
13372,200.69000000,0.31900000,13897,13897,1782864131766674,True,True
13373,201.02000000,0.05800000,13898,13898,1782864141436994,False,True
13374,201.09000000,0.13500000,13899,13899,1782864141436994,False,True
13375,201.22000000,1.71900000,13900,13900,1782864141436994,False,True
13376,201.29000000,0.21800000,13901,13901,1782864141436994,False,True
13377,201.30000000,0.08700000,13902,13902,1782864141436994,False,True
13378,201.33000000,8.88400000,13903,13903,1782864141436994,False,True
13379,200.47000000,0.17700000,13904,13904,1782864169318836,True,True
13380,200.47000000,0.27800000,13905,13905,1782864170182118,True,True
13381,200.47000000,0.18600000,13906,13907,1782864170193244,True,True
13382,200.47000000,0.09200000,13908,13908,1782864182241063,True,True
13383,200.47000000,0.76100000,13909,13910,1782864204939958,True,True
13384,200.31000000,0.26500000,13911,13911,1782864227612686,True,True
13385,200.19000000,0.29800000,13912,13912,1782864228171267,True,True
13386,200.30000000,0.08400000,13913,13913,1782864229772995,True,True
13387,200.44000000,0.12700000,13914,13914,1782864234886801,True,True
13388,200.22000000,1.12800000,13915,13915,1782864240001407,True,True
13389,200.28000000,0.65900000,13916,13916,1782864242175044,True,True
13390,200.29000000,0.60600000,13917,13917,1782864244226029,True,True
13391,200.25000000,0.45900000,13918,13918,1782864246275354,True,True
13392,200.19000000,0.20100000,13919,13919,1782864254217230,True,True
13393,200.17000000,0.10100000,13920,13920,1782864254217230,True,True
13394,200.33000000,0.31800000,13921,13921,1782864264524042,True,True
13395,200.42000000,0.18500000,13922,13922,1782864293255378,True,True
13396,200.20000000,0.02500000,13923,13923,1782864317396585,True,True
13397,200.07000000,0.04900000,13924,13924,1782864317396585,True,True
13398,200.07000000,0.16000000,13925,13925,1782864332668749,True,True
13399,200.07000000,0.29000000,13926,13926,1782864332676038,True,True
13400,200.00000000,0.08400000,13927,13927,1782864335955520,True,True
13401,199.96000000,0.09900000,13928,13928,1782864336118047,True,True
13402,199.84000000,0.50000000,13929,13929,1782864346962002,True,True
13403,199.49000000,0.39900000,13930,13930,1782864346962002,True,True
13404,200.20000000,0.06400000,13931,13931,1782864382680866,False,True
13405,199.86000000,0.56100000,13932,13932,1782864398469196,True,True
13406,199.90000000,1.03000000,13933,13933,1782864408427910,True,True
13407,200.12000000,0.11500000,13934,13934,1782864409608390,True,True
13408,199.76000000,0.18100000,13935,13935,1782864448541889,True,True
13409,199.76000000,0.17500000,13936,13936,1782864455394061,True,True
13410,199.76000000,0.10700000,13937,13937,1782864460177618,True,True
13411,199.76000000,0.19300000,13938,13938,1782864460413617,True,True
13412,199.76000000,0.18500000,13939,13939,1782864461533603,True,True
13413,199.76000000,0.05900000,13940,13940,1782864478438915,True,True
13414,199.76000000,0.18100000,13941,13941,1782864490831978,True,True
13415,199.78000000,0.17200000,13942,13942,1782864492382627,True,True
13416,199.76000000,0.17500000,13943,13943,1782864504202001,True,True
13417,199.83000000,0.08300000,13944,13944,1782864570855806,True,True
13418,199.76000000,0.05300000,13945,13945,1782864572873627,True,True
13419,199.76000000,0.06200000,13946,13946,1782864587306587,True,True
13420,199.76000000,0.10800000,13947,13947,1782864588115510,True,True
13421,199.96000000,0.03500000,13948,13948,1782864592517861,False,True
13422,199.76000000,0.56000000,13949,13949,1782864623824435,True,True
13423,199.76000000,0.16000000,13950,13950,1782864647868794,True,True
13424,199.76000000,0.32000000,13951,13951,1782864647872759,True,True
13425,199.76000000,1.13000000,13952,13952,1782864647877317,True,True
13426,199.76000000,1.01500000,13953,13953,1782864647881277,True,True
13427,199.69000000,0.50000000,13954,13954,1782864661668041,True,True
13428,199.27000000,0.14300000,13955,13955,1782864669541321,True,True
13429,199.27000000,0.25300000,13956,13956,1782864670130041,True,True
13430,199.31000000,0.06000000,13957,13957,1782864690680529,True,True
13431,199.84000000,0.10000000,13958,13958,1782864748068959,True,True
13432,199.48000000,0.25000000,13959,13959,1782864764034468,True,True
13433,199.67000000,0.49500000,13960,13960,1782864768039303,True,True
13434,199.64000000,0.26900000,13961,13961,1782864770110108,True,True
13435,199.74000000,0.07600000,13962,13962,1782864772201554,True,True
13436,199.61000000,0.11800000,13963,13963,1782864779229177,True,True
13437,199.79000000,0.70700000,13964,13964,1782864820761147,True,True
13438,199.34000000,0.50100000,13965,13965,1782864879758480,True,True
13439,199.41000000,0.05100000,13966,13966,1782864949072272,False,True
13440,199.10000000,0.16000000,13967,13967,1782864968673062,True,True
13441,199.10000000,0.16000000,13968,13968,1782864968682222,True,True
13442,199.10000000,0.32000000,13969,13969,1782864968687106,True,True
13443,199.10000000,0.16000000,13970,13970,1782864970377767,True,True
13444,199.10000000,0.32000000,13971,13971,1782864970382716,True,True
13445,199.10000000,1.13000000,13972,13972,1782864970387476,True,True
13446,199.10000000,1.39000000,13973,13974,1782864970398869,True,True
13447,199.00000000,0.08500000,13975,13975,1782865045979235,True,True
13448,198.84000000,2.44500000,13976,13976,1782865045979235,True,True
13449,198.75000000,8.56000000,13977,13977,1782865045979235,True,True
13450,199.00000000,0.16000000,13978,13978,1782865045983632,False,True
13451,199.00000000,0.16000000,13979,13979,1782865045984028,False,True
13452,199.00000000,0.16000000,13980,13980,1782865045984148,False,True
13453,199.00000000,0.09000000,13981,13981,1782865045990317,False,True
13454,199.00000000,0.06600000,13982,13982,1782865045990691,False,True
13455,198.40000000,0.21300000,13983,13983,1782865193704353,True,True
13456,198.40000000,2.28000000,13984,13984,1782865276079940,True,True
13457,198.10000000,2.30400000,13985,13985,1782865311008383,True,True
13458,198.10000000,0.16000000,13986,13986,1782865325845006,True,True
13459,198.10000000,0.32000000,13987,13987,1782865325850751,True,True
13460,198.10000000,0.49700000,13988,13988,1782865325855047,True,True
13461,198.00000000,0.08500000,13989,13989,1782865332608503,True,True
13462,197.44000000,0.33300000,13990,13990,1782865432293094,False,True
13463,197.51000000,1.19200000,13991,13991,1782865432293094,False,True
13464,197.18000000,0.13900000,13992,13992,1782865438994410,True,True
13465,197.40000000,2.13100000,13993,13993,1782865523214548,False,True
13466,197.98000000,0.09000000,13994,13994,1782865719168714,False,True
13467,198.28000000,0.16600000,13995,13995,1782865792034073,False,True
13468,198.21000000,0.36400000,13996,13996,1782865818811518,False,True
13469,197.61000000,0.16000000,13997,13997,1782865943107825,True,True
13470,197.61000000,0.32000000,13998,13998,1782865943124187,True,True
13471,197.61000000,1.13000000,13999,13999,1782865943199719,True,True
13472,197.61000000,0.17900000,14000,14000,1782865943224167,True,True
13473,197.60000000,3.02100000,14001,14001,1782865943224167,True,True
13474,197.61000000,1.00600000,14002,14002,1782865943251105,True,True
13475,197.61000000,0.50300000,14003,14003,1782865943263706,True,True
13476,197.60000000,5.89700000,14004,14004,1782865943263706,True,True
13477,197.61000000,0.25100000,14005,14005,1782865943277915,True,True
13478,197.60000000,0.87900000,14006,14006,1782865943277915,True,True
13479,197.61000000,0.25200000,14007,14007,1782865943290625,True,True
13480,197.60000000,2.94800000,14008,14008,1782865943290625,True,True
13481,197.60000000,6.40000000,14009,14009,1782865943300491,True,True
13482,197.60000000,6.40000000,14010,14010,1782865943308840,True,True
13483,197.60000000,1.13000000,14011,14011,1782865943331407,True,True
13484,197.60000000,0.16000000,14012,14012,1782865943399784,True,True
13485,197.60000000,0.16000000,14013,14013,1782865943402001,True,True
13486,197.60000000,0.16000000,14014,14014,1782865943402212,True,True
13487,197.60000000,0.32000000,14015,14015,1782865943407890,True,True
13488,197.60000000,0.32000000,14016,14016,1782865943411831,True,True
13489,197.60000000,0.32000000,14017,14017,1782865943412160,True,True
13490,197.60000000,1.13000000,14018,14018,1782865943414199,True,True
13491,197.60000000,3.20000000,14019,14019,1782865943419512,True,True
13492,197.60000000,1.13000000,14020,14020,1782865943419701,True,True
13493,197.60000000,1.13000000,14021,14021,1782865944050213,True,True
13494,197.60000000,0.16000000,14022,14022,1782865944050231,True,True
13495,197.60000000,6.40000000,14023,14023,1782865944050604,True,True
13496,197.60000000,6.40000000,14024,14024,1782865944072810,True,True
13497,197.60000000,2.33500000,14025,14025,1782865944084583,True,True
13498,197.68000000,0.34700000,14026,14026,1782866032275110,True,True
13499,197.67000000,0.24200000,14027,14027,1782866034334068,True,True
13500,197.40000000,0.20200000,14028,14028,1782866105921560,True,True
13501,197.40000000,0.29600000,14029,14029,1782866145206373,True,True
13502,197.65000000,0.12800000,14030,14030,1782866199756589,False,True
13503,197.98000000,0.16000000,14031,14031,1782866302132705,False,True
13504,197.97000000,0.16000000,14032,14032,1782866342758272,False,True
13505,197.97000000,0.32000000,14033,14033,1782866342763298,False,True
13506,198.14000000,0.16000000,14034,14034,1782866483146707,False,True
13507,198.14000000,0.32000000,14035,14035,1782866483153676,False,True
13508,197.81000000,0.39600000,14036,14036,1782866526706316,True,True
13509,197.81000000,0.05500000,14037,14037,1782866533815908,True,True
13510,197.81000000,0.07300000,14038,14038,1782866539059002,True,True
13511,197.81000000,0.16000000,14039,14039,1782866594438267,True,True
13512,197.81000000,0.16000000,14040,14040,1782866594438625,True,True
13513,197.81000000,0.00700000,14041,14041,1782866594445294,True,True
13514,197.81000000,0.32000000,14042,14042,1782866594449298,True,True
13515,197.81000000,0.07900000,14043,14043,1782866594450994,True,True
13516,197.80000000,1.05100000,14044,14044,1782866594450994,True,True
13517,197.80000000,3.20000000,14045,14045,1782866594464624,True,True
13518,197.80000000,1.13000000,14046,14046,1782866594464963,True,True
13519,197.80000000,3.20000000,14047,14047,1782866594511914,True,True
13520,197.80000000,0.32000000,14048,14048,1782866594512163,True,True
13521,197.80000000,1.13000000,14049,14049,1782866594555264,True,True
13522,197.80000000,4.84000000,14050,14050,1782866594555520,True,True
13523,197.80000000,0.32000000,14051,14051,1782866594583640,True,True
13524,197.80000000,1.13000000,14052,14052,1782866594588604,True,True
13525,197.80000000,0.24000000,14053,14053,1782866594593345,True,True
13526,197.80000000,3.20000000,14054,14054,1782866595013818,True,True
13527,197.80000000,5.52000000,14055,14055,1782866595018224,True,True
13528,197.80000000,0.32000000,14056,14056,1782866595053600,True,True
13529,197.80000000,1.13000000,14057,14057,1782866595060129,True,True
13530,197.80000000,2.08000000,14058,14058,1782866595069681,True,True
13531,197.80000000,0.69100000,14059,14059,1782866612617518,True,True
13532,197.17000000,0.16000000,14060,14060,1782866668070764,False,True
13533,197.16000000,0.32000000,14061,14061,1782866668077135,False,True
13534,197.17000000,1.13000000,14062,14062,1782866668106061,False,True
13535,197.56000000,2.02900000,14063,14063,1782866670312589,False,True
13536,197.01000000,0.32100000,14064,14064,1782866721060637,True,True
13537,197.11000000,0.16000000,14065,14065,1782866963398339,False,True
13538,197.11000000,0.32000000,14066,14066,1782866963406034,False,True
13539,197.11000000,1.13000000,14067,14067,1782866963409883,False,True
13540,197.11000000,0.41900000,14068,14068,1782866963415753,False,True
13541,197.12000000,2.78100000,14069,14069,1782866963415753,False,True
13542,197.11000000,1.68000000,14070,14070,1782866963422350,False,True
13543,197.12000000,6.40000000,14071,14071,1782866963756696,False,True
13544,197.12000000,0.16000000,14072,14072,1782866963763933,False,True
13545,197.12000000,6.40000000,14073,14073,1782866963767255,False,True
13546,197.12000000,0.32000000,14074,14074,1782866963771451,False,True
13547,197.12000000,6.40000000,14075,14075,1782866963774175,False,True
13548,197.12000000,6.40000000,14076,14077,1782866963778017,False,True
13549,197.18000000,6.40000000,14078,14078,1782866967484344,False,True
13550,197.11000000,6.40000000,14079,14079,1782866971930239,False,True
13551,197.11000000,6.40000000,14080,14080,1782866971935578,False,True
13552,197.11000000,6.40000000,14081,14082,1782866971939770,False,True
13553,197.11000000,6.40000000,14083,14083,1782866971943552,False,True
13554,197.11000000,2.81400000,14084,14084,1782866971949923,False,True
13555,197.01000000,6.40000000,14085,14085,1782867001145518,False,True
13556,197.01000000,6.40000000,14086,14086,1782867001166852,False,True
13557,197.27000000,0.05100000,14087,14087,1782867061389739,False,True
13558,197.13000000,0.53300000,14088,14088,1782867077371306,True,True
13559,197.58000000,0.81400000,14089,14089,1782867094605742,False,True
13560,197.00000000,0.08500000,14090,14090,1782867157456084,True,True
13561,196.85000000,0.16800000,14091,14091,1782867157456084,True,True
13562,196.85000000,0.55200000,14092,14092,1782867163475279,True,True
13563,196.85000000,0.10700000,14093,14093,1782867165525542,True,True
13564,196.87000000,0.53300000,14094,14094,1782867185069144,False,True
13565,196.85000000,0.16000000,14095,14095,1782867191480073,True,True
13566,196.85000000,0.16000000,14096,14096,1782867191486572,True,True
13567,196.85000000,0.16000000,14097,14097,1782867191492530,True,True
13568,196.85000000,0.05000000,14098,14098,1782867191966418,True,True
13569,196.85000000,0.16000000,14099,14099,1782867192194586,True,True
13570,196.85000000,0.16000000,14100,14100,1782867192313385,True,True
13571,196.85000000,0.16000000,14101,14101,1782867192342275,True,True
13572,196.85000000,0.32000000,14102,14102,1782867192346616,True,True
13573,196.85000000,0.05500000,14103,14103,1782867192350912,True,True
13574,196.84000000,1.07500000,14104,14104,1782867192350912,True,True
13575,196.85000000,0.16000000,14105,14105,1782867192355588,True,True
13576,196.85000000,0.32000000,14106,14106,1782867192361880,True,True
13577,196.85000000,1.13000000,14107,14107,1782867192368363,True,True
13578,196.85000000,0.27300000,14108,14108,1782867192376255,True,True
13579,196.85000000,1.26100000,14109,14109,1782867192381429,True,True
13580,196.85000000,0.10100000,14110,14110,1782867192410324,True,True
13581,196.85000000,0.05000000,14111,14111,1782867192410415,True,True
13582,196.85000000,0.05000000,14112,14112,1782867192410504,True,True
13583,196.85000000,0.10000000,14113,14113,1782867192412041,True,True
13584,196.85000000,0.05000000,14114,14114,1782867192413487,True,True
13585,196.85000000,0.05000000,14115,14115,1782867192414885,True,True
13586,196.85000000,0.22900000,14116,14116,1782867192419728,True,True
13587,196.84000000,0.09100000,14117,14117,1782867192419728,True,True
13588,196.85000000,0.31700000,14118,14118,1782867192425895,True,True
13589,196.84000000,0.81300000,14119,14119,1782867192425895,True,True
13590,196.85000000,0.05000000,14120,14120,1782867192427003,True,True
13591,196.85000000,0.05000000,14121,14121,1782867192428665,True,True
13592,196.85000000,0.05000000,14122,14122,1782867192429842,True,True
13593,196.85000000,0.16700000,14123,14123,1782867192433882,True,True
13594,196.84000000,0.43600000,14124,14124,1782867192433882,True,True
13595,196.40000000,1.53300000,14125,14125,1782867245571964,False,True
13596,196.00000000,0.08600000,14126,14126,1782867338181001,True,True
13597,195.93000000,0.59300000,14127,14127,1782867338181001,True,True
13598,195.98000000,1.13000000,14128,14128,1782867358518038,False,True
13599,195.98000000,3.20000000,14129,14129,1782867358521752,False,True
13600,195.98000000,6.40000000,14130,14130,1782867358526500,False,True
13601,195.98000000,6.40000000,14131,14131,1782867358628505,False,True
13602,195.98000000,6.40000000,14132,14132,1782867358634424,False,True
13603,195.98000000,1.33000000,14133,14133,1782867358687126,False,True
13604,195.90000000,0.14600000,14134,14134,1782867360376868,True,True
13605,195.90000000,0.16000000,14135,14135,1782867364820792,False,True
13606,195.90000000,0.32000000,14136,14136,1782867364836174,False,True
13607,195.90000000,1.13000000,14137,14137,1782867364847629,False,True
13608,195.90000000,3.20000000,14138,14138,1782867364858428,False,True
13609,195.90000000,6.40000000,14139,14139,1782867364867998,False,True
13610,195.90000000,4.08000000,14140,14140,1782867364879912,False,True
13611,195.71000000,0.32000000,14141,14141,1782867380107176,False,True
13612,195.11000000,0.55200000,14142,14142,1782867412258932,True,True
13613,195.06000000,0.46800000,14143,14143,1782867490545951,True,True
13614,195.09000000,0.31000000,14144,14144,1782867492687135,True,True
13615,195.05000000,1.00000000,14145,14145,1782867602223847,True,True
13616,195.13000000,0.86000000,14146,14146,1782867614288215,False,True
13617,195.00000000,0.08600000,14147,14147,1782867655719336,True,True
13618,194.93000000,0.01400000,14148,14148,1782867655719336,True,True
13619,195.35000000,1.53800000,14149,14149,1782867661960391,False,True
13620,195.19000000,0.07000000,14150,14150,1782867686474992,False,True
13621,195.13000000,0.07000000,14151,14151,1782867701943085,False,True
13622,195.43000000,0.36500000,14152,14152,1782867714773089,False,True
13623,195.62000000,0.10400000,14153,14153,1782867721582869,False,True
13624,195.65000000,0.07300000,14154,14154,1782867734963916,False,True
13625,195.44000000,0.07900000,14155,14155,1782867768044185,True,True
13626,195.44000000,0.13100000,14156,14156,1782867773074929,True,True
13627,195.91000000,0.06000000,14157,14157,1782867779422782,False,True
13628,195.46000000,0.06200000,14158,14158,1782867786131598,True,True
13629,195.27000000,0.33200000,14159,14159,1782867849572527,True,True
13630,195.48000000,0.44000000,14160,14160,1782867863319899,False,True
13631,195.02000000,0.14900000,14161,14161,1782867870866433,True,True
13632,194.79000000,0.09700000,14162,14162,1782867890940364,True,True
13633,194.75000000,0.21000000,14163,14163,1782867901267833,True,True
13634,194.76000000,0.07100000,14164,14164,1782867945151232,True,True
13635,194.79000000,0.07500000,14165,14165,1782868041998486,False,True
13636,194.47000000,2.06100000,14166,14166,1782868112161574,False,True
13637,194.19000000,0.13500000,14167,14167,1782868146336798,False,True
13638,194.20000000,1.41500000,14168,14168,1782868146336798,False,True
13639,194.32000000,0.13600000,14169,14169,1782868152252487,False,True
13640,194.00000000,0.16000000,14170,14171,1782868202311618,True,True
13641,194.00000000,0.32000000,14172,14172,1782868202317071,True,True
13642,194.00000000,0.12200000,14173,14173,1782868202335446,True,True
13643,193.53000000,0.16000000,14174,14174,1782868254243035,False,True
13644,193.50000000,0.16000000,14175,14175,1782868299946016,True,True
13645,193.50000000,0.32000000,14176,14176,1782868299953306,True,True
13646,193.50000000,0.03600000,14177,14177,1782868299959623,True,True
13647,193.49000000,0.06400000,14178,14178,1782868309591237,False,True
13648,193.00000000,0.08700000,14179,14179,1782868358722289,True,True
13649,192.85000000,0.41700000,14180,14180,1782868358722289,True,True
13650,192.84000000,0.12300000,14181,14181,1782868360773060,True,True
13651,192.86000000,0.16000000,14182,14182,1782868364759563,False,True
13652,192.86000000,0.32000000,14183,14183,1782868365188192,False,True
13653,193.08000000,0.16000000,14184,14184,1782868430775183,False,True
13654,193.08000000,0.32000000,14185,14185,1782868430819586,False,True
13655,193.62000000,0.75000000,14186,14186,1782868455634463,False,True
13656,193.47000000,0.07000000,14187,14187,1782868462104702,False,True
13657,193.47000000,0.16000000,14188,14188,1782868462733927,False,True
13658,193.47000000,0.32000000,14189,14189,1782868462752169,False,True
13659,193.47000000,0.75000000,14190,14190,1782868462765030,False,True
13660,193.27000000,0.36000000,14191,14191,1782868479830409,False,True
13661,192.84000000,0.08200000,14192,14192,1782868621078711,True,True
13662,192.84000000,0.16000000,14193,14193,1782868665949247,True,True
13663,192.84000000,0.16000000,14194,14194,1782868667555541,True,True
13664,192.84000000,0.32000000,14195,14195,1782868667565167,True,True
13665,192.84000000,0.15500000,14196,14196,1782868667573477,True,True
13666,192.93000000,1.56000000,14197,14197,1782868675222559,False,True
13667,192.22000000,0.09600000,14198,14198,1782868685159380,True,True
13668,192.67000000,0.18200000,14199,14199,1782868787216579,True,True
13669,193.07000000,0.16000000,14200,14200,1782868835041314,False,True
13670,193.07000000,0.32000000,14201,14201,1782868835059598,False,True
13671,193.76000000,0.14900000,14202,14202,1782868930325475,False,True
13672,193.25000000,0.15400000,14203,14203,1782868931345417,True,True
13673,194.20000000,0.51400000,14204,14204,1782869012406830,False,True
13674,194.20000000,0.50500000,14205,14205,1782869014455173,False,True
13675,194.20000000,0.12000000,14206,14206,1782869016503749,False,True
13676,193.72000000,0.40600000,14207,14207,1782869115426364,True,True
13677,193.99000000,0.16000000,14208,14208,1782869137787217,False,True
13678,193.99000000,0.32000000,14209,14209,1782869137797135,False,True
13679,193.99000000,0.29000000,14210,14210,1782869137812725,False,True
13680,193.99000000,0.16000000,14211,14211,1782869141892527,False,True
13681,193.99000000,0.32000000,14212,14212,1782869141897058,False,True
13682,193.99000000,0.36700000,14213,14213,1782869141901222,False,True
13683,193.99000000,0.16000000,14214,14214,1782869141908176,False,True
13684,193.99000000,0.16000000,14215,14215,1782869141967626,False,True
13685,193.99000000,0.32000000,14216,14216,1782869141975267,False,True
13686,193.99000000,0.16900000,14217,14217,1782869141983398,False,True
13687,194.00000000,0.96100000,14218,14218,1782869141983398,False,True
13688,193.99000000,0.40400000,14219,14219,1782869141988126,False,True
13689,193.99000000,0.40500000,14220,14220,1782869141992551,False,True
13690,194.00000000,5.99500000,14221,14221,1782869141992551,False,True
13691,194.00000000,0.32000000,14222,14222,1782869142065414,False,True
13692,194.00000000,1.13000000,14223,14223,1782869142072358,False,True
13693,194.00000000,0.16000000,14224,14224,1782869142392374,False,True
13694,194.00000000,0.32000000,14225,14225,1782869142399943,False,True
13695,194.00000000,1.13000000,14226,14226,1782869142405041,False,True
13696,194.00000000,3.20000000,14227,14227,1782869142410791,False,True
13697,194.00000000,0.32000000,14228,14228,1782869142424074,False,True
13698,194.00000000,1.13000000,14229,14229,1782869142431607,False,True
13699,194.00000000,0.16000000,14230,14230,1782869142442159,False,True
13700,194.00000000,0.32000000,14231,14231,1782869142447834,False,True
13701,194.00000000,1.13000000,14232,14232,1782869142452598,False,True
13702,194.00000000,0.16000000,14233,14233,1782869142460594,False,True
13703,194.00000000,0.32000000,14234,14234,1782869142467305,False,True
13704,194.00000000,1.13000000,14235,14235,1782869142471498,False,True
13705,194.00000000,0.16000000,14236,14236,1782869142485677,False,True
13706,194.00000000,0.07000000,14237,14237,1782869143037404,False,True
13707,193.99000000,0.02800000,14238,14238,1782869153638363,False,True
13708,194.13000000,0.14700000,14239,14239,1782869233613657,False,True
13709,193.50000000,0.13000000,14240,14240,1782869270687717,True,True
13710,193.45000000,0.06700000,14241,14241,1782869388328573,True,True
13711,193.92000000,0.08300000,14242,14243,1782869402957593,False,True
13712,193.71000000,2.12800000,14244,14244,1782869639912668,True,True
13713,193.86000000,0.25700000,14245,14245,1782869729135355,False,True
13714,194.31000000,0.13500000,14246,14246,1782869814384710,False,True
13715,193.91000000,0.16000000,14247,14247,1782870069397514,True,True
13716,193.91000000,0.32000000,14248,14248,1782870069523224,True,True
13717,193.91000000,0.60000000,14249,14249,1782870069603382,True,True
13718,193.91000000,0.16000000,14250,14250,1782870079209667,True,True
13719,193.91000000,0.16000000,14251,14251,1782870079209923,True,True
13720,193.91000000,0.32000000,14252,14252,1782870079229744,True,True
13721,193.91000000,0.32000000,14253,14253,1782870079230184,True,True
13722,193.91000000,0.09500000,14254,14254,1782870079243776,True,True
13723,193.90000000,1.03500000,14255,14255,1782870079243776,True,True
13724,193.90000000,1.13000000,14256,14256,1782870079244016,True,True
13725,193.91000000,0.16000000,14257,14257,1782870079262207,True,True
13726,193.91000000,1.44100000,14258,14258,1782870079262522,True,True
13727,193.91000000,0.16000000,14259,14259,1782870079305058,True,True
13728,193.91000000,0.32000000,14260,14260,1782870079305318,True,True
13729,193.91000000,0.32000000,14261,14261,1782870079316783,True,True
13730,193.91000000,0.40000000,14262,14262,1782870079356780,True,True
13731,193.91000000,0.32000000,14263,14263,1782870079371021,True,True
13732,193.91000000,0.08100000,14264,14264,1782870079388942,True,True
13733,193.90000000,0.16000000,14265,14265,1782870079483300,True,True
13734,193.90000000,0.32000000,14266,14266,1782870079483777,True,True
13735,193.90000000,1.13000000,14267,14267,1782870079488213,True,True
13736,193.90000000,3.20000000,14268,14268,1782870080013526,True,True
13737,193.90000000,0.32000000,14269,14269,1782870080014059,True,True
13738,193.90000000,0.16000000,14270,14270,1782870080193381,True,True
13739,193.90000000,0.32000000,14271,14271,1782870080194053,True,True
13740,193.90000000,1.13000000,14272,14272,1782870080855283,True,True
13741,193.90000000,0.32000000,14273,14273,1782870080855342,True,True
13742,193.90000000,1.13000000,14274,14274,1782870080877227,True,True
13743,193.90000000,3.20000000,14275,14275,1782870080877870,True,True
13744,193.90000000,3.20000000,14276,14276,1782870080887127,True,True
13745,193.90000000,0.32000000,14277,14277,1782870080937234,True,True
13746,193.90000000,0.32000000,14278,14278,1782870080937581,True,True
13747,193.90000000,1.13000000,14279,14279,1782870080949144,True,True
13748,193.90000000,0.47500000,14280,14280,1782870080961617,True,True
13749,193.59000000,0.16000000,14281,14281,1782870096849949,False,True
13750,193.59000000,0.14000000,14282,14282,1782870096855634,False,True
13751,193.64000000,0.16000000,14283,14283,1782870143965761,False,True
13752,193.64000000,0.32000000,14284,14284,1782870143974810,False,True
13753,193.64000000,1.13000000,14285,14285,1782870143979245,False,True
13754,193.64000000,0.84700000,14286,14286,1782870143987622,False,True
13755,193.65000000,2.35300000,14287,14287,1782870143987622,False,True
13756,193.77000000,0.34400000,14288,14288,1782870183915936,False,True
13757,193.77000000,0.07400000,14289,14289,1782870185967074,False,True
13758,193.35000000,0.06800000,14290,14290,1782870279126752,True,True
13759,193.52000000,2.10100000,14291,14291,1782870319805616,False,True
13760,193.53000000,1.27500000,14292,14292,1782870319805616,False,True
13761,193.67000000,1.48700000,14293,14293,1782870368156906,False,True
13762,193.69000000,0.30400000,14294,14294,1782870368156906,False,True
13763,193.80000000,0.03400000,14295,14295,1782870432951471,False,True
13764,192.84000000,0.02700000,14296,14296,1782870655939008,False,True
13765,192.53000000,0.03400000,14297,14297,1782870741799600,True,True
13766,192.86000000,0.16000000,14298,14298,1782871038285997,False,True
13767,192.86000000,0.32000000,14299,14299,1782871038290332,False,True
13768,192.86000000,0.11200000,14300,14300,1782871038293828,False,True
13769,192.86000000,0.29600000,14301,14301,1782871038298723,False,True
13770,192.87000000,0.02400000,14302,14302,1782871038298723,False,True
13771,192.68000000,0.29600000,14303,14303,1782871110001116,False,True
13772,192.69000000,0.14400000,14304,14304,1782871110001116,False,True
13773,192.83000000,0.62200000,14305,14305,1782871112631208,False,True
13774,192.85000000,0.10000000,14306,14306,1782871165717236,False,True
13775,192.67000000,0.08000000,14307,14307,1782871181823824,True,True
13776,192.70000000,0.04900000,14308,14308,1782871232098541,False,True
13777,192.67000000,0.16000000,14309,14309,1782871235167089,True,True
13778,192.67000000,0.16000000,14310,14310,1782871235167599,True,True
13779,192.67000000,0.32000000,14311,14311,1782871235181891,True,True
13780,192.67000000,0.32000000,14312,14312,1782871235182359,True,True
13781,192.67000000,1.13000000,14313,14313,1782871235194092,True,True
13782,192.67000000,0.29800000,14314,14314,1782871235194847,True,True
13783,192.67000000,2.10600000,14315,14315,1782871235211221,True,True
13784,192.67000000,1.48500000,14316,14316,1782871235221704,True,True
13785,192.67000000,0.74300000,14317,14317,1782871235226281,True,True
13786,192.67000000,0.32000000,14318,14318,1782871236848496,True,True
13787,192.67000000,0.05100000,14319,14319,1782871236848701,True,True
13788,192.67000000,0.37300000,14320,14320,1782871236852704,True,True
13789,192.66000000,0.75700000,14321,14321,1782871236852704,True,True
13790,192.66000000,0.24000000,14322,14322,1782871236853065,True,True
13791,192.66000000,0.16000000,14323,14323,1782871237842984,True,True
13792,192.66000000,0.16000000,14324,14324,1782871237843300,True,True
13793,192.66000000,0.32000000,14325,14325,1782871237876521,True,True
13794,192.66000000,1.13000000,14326,14326,1782871238614413,True,True
13795,192.66000000,0.37200000,14327,14327,1782871238629094,True,True
13796,192.34000000,0.51900000,14328,14328,1782871295764612,True,True
13797,192.00000000,1.60800000,14329,14331,1782871320690149,True,True
13798,191.92000000,3.20000000,14332,14332,1782871332976239,True,True
13799,191.92000000,1.64000000,14333,14333,1782871333035090,True,True
13800,191.93000000,0.04000000,14334,14334,1782871372691923,False,True
13801,191.93000000,0.04000000,14335,14335,1782871372810777,False,True
13802,191.93000000,0.04000000,14336,14336,1782871372811954,False,True
13803,191.93000000,0.04000000,14337,14337,1782871372833824,False,True
13804,191.93000000,0.04000000,14338,14338,1782871372834042,False,True
13805,191.93000000,0.04000000,14339,14339,1782871372834070,False,True
13806,192.22000000,0.13600000,14340,14340,1782871380861629,False,True
13807,192.03000000,0.08100000,14341,14341,1782871397355781,False,True
13808,191.93000000,0.07900000,14342,14342,1782871409236978,True,True
13809,191.93000000,1.04200000,14343,14343,1782871459725833,False,True
13810,191.93000000,0.15400000,14344,14344,1782871462974253,False,True
13811,191.94000000,0.52000000,14345,14345,1782871464914528,False,True
13812,191.92000000,0.04100000,14346,14346,1782871470084186,True,True
13813,191.92000000,0.04100000,14347,14347,1782871470085571,True,True
13814,191.92000000,0.04100000,14348,14348,1782871470085835,True,True
13815,191.92000000,0.04100000,14349,14350,1782871470085968,True,True
13816,191.92000000,0.04100000,14351,14351,1782871470087146,True,True
13817,191.92000000,0.08200000,14352,14352,1782871470087179,True,True
13818,191.92000000,0.04100000,14353,14353,1782871470088606,True,True
13819,191.92000000,0.04100000,14354,14354,1782871470088752,True,True
13820,191.93000000,0.52100000,14355,14355,1782871491389795,False,True
13821,191.92000000,0.04100000,14356,14356,1782871494759532,True,True
13822,191.92000000,0.04100000,14357,14357,1782871494760353,True,True
13823,191.92000000,0.04100000,14358,14358,1782871494763743,True,True
13824,191.92000000,0.04100000,14359,14359,1782871494764607,True,True
13825,191.92000000,0.04100000,14360,14360,1782871494766042,True,True
13826,191.92000000,0.04100000,14361,14361,1782871494767207,True,True
13827,191.93000000,0.04100000,14362,14362,1782871507646864,False,True
13828,191.93000000,0.04100000,14363,14363,1782871507717403,False,True
13829,191.93000000,0.04100000,14364,14364,1782871507717502,False,True
13830,191.93000000,0.04100000,14365,14365,1782871507718274,False,True
13831,191.92000000,0.04100000,14366,14366,1782871512735010,True,True
13832,191.92000000,0.02500000,14367,14367,1782871512736297,True,True
13833,191.41000000,0.16000000,14368,14368,1782871573922843,True,True
13834,191.41000000,0.16000000,14369,14370,1782871574333786,True,True
13835,191.41000000,0.32000000,14371,14371,1782871574343597,True,True
13836,191.41000000,0.14300000,14372,14372,1782871574361152,True,True
13837,191.38000000,0.32000000,14373,14373,1782871608945472,True,True
13838,191.38000000,0.80500000,14374,14375,1782871608954173,True,True
13839,191.37000000,0.16000000,14376,14376,1782871613737929,True,True
13840,191.37000000,0.32000000,14377,14377,1782871613744991,True,True
13841,191.37000000,1.13000000,14378,14378,1782871613750678,True,True
13842,191.37000000,1.66500000,14379,14380,1782871613760164,True,True
13843,191.02000000,0.04300000,14381,14381,1782871620096230,False,True
13844,191.02000000,0.08700000,14382,14382,1782871620097526,False,True
13845,191.02000000,0.04300000,14383,14383,1782871620201016,False,True
13846,191.02000000,0.04300000,14384,14384,1782871620202432,False,True
13847,191.02000000,0.08700000,14385,14385,1782871621794892,False,True
13848,191.02000000,0.04300000,14386,14386,1782871621795022,False,True
13849,191.02000000,0.04300000,14387,14387,1782871621796001,False,True
13850,191.26000000,1.57500000,14388,14388,1782871625022796,False,True
13851,191.08000000,0.05800000,14389,14389,1782871635489959,False,True
13852,191.00000000,0.61100000,14390,14391,1782871664288553,True,True
13853,190.40000000,0.48400000,14392,14392,1782871670487388,True,True
13854,190.40000000,0.27700000,14393,14393,1782871672572736,True,True
13855,190.83000000,2.10300000,14394,14394,1782871705478387,False,True
13856,190.40000000,0.03800000,14395,14395,1782871839604386,True,True
13857,190.40000000,0.07600000,14396,14396,1782871839605581,True,True
13858,190.40000000,0.07600000,14397,14397,1782871839606652,True,True
13859,190.40000000,0.03800000,14398,14398,1782871840009312,True,True
13860,190.40000000,0.07600000,14399,14399,1782871840009580,True,True
13861,190.40000000,0.03800000,14400,14400,1782871840010319,True,True
13862,190.40000000,0.18300000,14401,14401,1782871852480013,True,True
13863,190.27000000,1.58300000,14402,14402,1782871862006169,False,True
13864,190.21000000,0.03600000,14403,14403,1782871919424683,True,True
13865,190.20000000,0.03600000,14404,14404,1782871919427010,True,True
13866,190.20000000,0.03600000,14405,14405,1782871919428526,True,True
13867,190.20000000,0.03600000,14406,14406,1782871919428807,True,True
13868,190.20000000,0.03600000,14407,14407,1782871919429290,True,True
13869,190.20000000,0.03600000,14408,14408,1782871919430437,True,True
13870,190.20000000,0.03600000,14409,14409,1782871919431532,True,True
13871,190.20000000,0.03600000,14410,14410,1782871919432626,True,True
13872,190.20000000,0.03600000,14411,14411,1782871919432994,True,True
13873,190.20000000,0.03600000,14412,14412,1782871919527322,True,True
13874,190.20000000,0.07300000,14413,14413,1782871919527920,True,True
13875,190.20000000,0.03600000,14414,14414,1782871919528563,True,True
13876,190.20000000,0.07300000,14415,14415,1782871919529633,True,True
13877,190.20000000,0.01900000,14416,14416,1782871919719132,True,True
13878,190.64000000,0.16000000,14417,14417,1782872184420495,False,True
13879,190.64000000,0.32000000,14418,14418,1782872184429261,False,True
13880,190.64000000,1.13000000,14419,14419,1782872184433708,False,True
13881,190.64000000,0.40000000,14420,14420,1782872184439936,False,True
13882,191.28000000,0.13200000,14421,14421,1782872346184642,False,True
13883,191.37000000,0.14900000,14422,14422,1782872518072906,True,True
13884,191.69000000,0.06000000,14423,14423,1782872553809239,False,True
13885,191.80000000,0.26000000,14424,14424,1782872608335894,False,True
13886,191.71000000,0.03600000,14425,14425,1782872760243807,False,True
13887,191.92000000,0.16000000,14426,14426,1782872790231074,False,True
13888,191.92000000,0.32000000,14427,14427,1782872790269698,False,True
13889,191.92000000,0.48200000,14428,14428,1782872790326326,False,True
13890,191.99000000,0.15400000,14429,14429,1782872832521307,False,True
13891,191.98000000,0.78100000,14430,14431,1782872928278608,False,True
13892,191.93000000,0.06400000,14432,14432,1782873132977534,False,True
13893,192.92000000,0.16000000,14433,14433,1782873375545181,False,True
13894,192.92000000,0.18000000,14434,14434,1782873375586075,False,True
13895,192.96000000,0.08800000,14435,14435,1782873391267537,False,True
13896,193.32000000,0.16000000,14436,14436,1782873680850210,False,True
13897,193.32000000,0.32000000,14437,14437,1782873680857246,False,True
13898,193.32000000,1.13000000,14438,14438,1782873680860921,False,True
13899,193.32000000,0.30000000,14439,14439,1782873680864457,False,True
13900,193.32000000,0.16000000,14440,14440,1782873699501224,False,True
13901,193.32000000,0.32000000,14441,14441,1782873699508218,False,True
13902,193.32000000,0.36300000,14442,14442,1782873699514192,False,True
13903,193.37000000,0.16000000,14443,14443,1782873706519187,False,True
13904,193.37000000,0.32000000,14444,14444,1782873706528987,False,True
13905,193.37000000,0.04300000,14445,14445,1782873706537296,False,True
13906,193.49000000,0.34200000,14446,14446,1782873717582246,False,True
13907,193.50000000,0.18300000,14447,14447,1782873729894823,False,True
13908,193.52000000,0.52200000,14448,14448,1782873730432576,False,True
13909,193.54000000,1.02800000,14449,14451,1782873732253247,False,True
13910,193.57000000,0.52200000,14452,14452,1782873732401228,False,True
13911,193.78000000,0.06600000,14453,14453,1782873798840848,False,True
13912,193.80000000,3.13900000,14454,14454,1782873802922426,False,True
13913,193.83000000,0.24600000,14455,14455,1782873804652813,False,True
13914,193.89000000,0.20900000,14456,14456,1782873807075726,False,True
13915,193.65000000,2.09800000,14457,14457,1782873809216870,True,True
13916,193.96000000,0.08800000,14458,14458,1782873816621836,False,True
13917,193.75000000,0.05600000,14459,14459,1782873983756396,True,True
13918,193.54000000,1.57900000,14460,14460,1782873999644594,True,True
13919,193.61000000,0.06300000,14461,14461,1782874007768485,True,True
13920,194.13000000,0.02900000,14462,14462,1782874189221475,False,True
13921,194.00000000,0.02700000,14463,14463,1782874243894842,False,True
13922,193.65000000,0.05400000,14464,14464,1782874343908091,False,True
13923,193.57000000,0.47500000,14465,14465,1782874621581257,False,True
13924,193.57000000,0.16400000,14466,14466,1782874623731688,False,True
13925,194.21000000,0.19200000,14467,14467,1782875004026099,False,True
13926,194.16000000,0.34800000,14468,14468,1782875062701485,False,True
13927,194.42000000,0.16000000,14469,14469,1782875254602232,False,True
13928,194.42000000,0.32000000,14470,14470,1782875254610097,False,True
13929,194.42000000,0.77300000,14471,14471,1782875254615347,False,True
13930,194.43000000,0.35700000,14472,14472,1782875254615347,False,True
13931,194.42000000,0.62700000,14473,14473,1782875254620739,False,True
13932,194.43000000,0.16300000,14474,14474,1782875254620739,False,True
13933,194.44000000,0.51900000,14475,14475,1782875255140191,False,True
13934,194.04000000,0.05400000,14476,14476,1782875525461992,True,True
13935,194.38000000,0.04500000,14477,14477,1782875538492532,False,True
13936,194.45000000,0.10900000,14478,14478,1782875545465029,False,True
13937,194.69000000,0.12300000,14479,14479,1782875574111712,False,True
13938,194.70000000,0.07700000,14480,14480,1782875612328137,False,True
13939,194.81000000,0.10000000,14481,14481,1782875639571212,False,True
13940,193.69000000,0.11800000,14482,14482,1782875933716215,True,True
13941,193.85000000,0.04700000,14483,14483,1782875996476807,True,True
13942,193.83000000,0.11300000,14484,14484,1782876276701147,False,True
13943,193.70000000,0.16000000,14485,14485,1782876296295049,True,True
13944,193.70000000,0.32000000,14486,14486,1782876296300351,True,True
13945,193.70000000,0.08000000,14487,14487,1782876330207505,True,True
13946,193.76000000,0.07200000,14488,14488,1782876608641824,False,True
13947,193.69000000,0.16000000,14489,14489,1782876688309729,True,True
13948,193.69000000,0.24000000,14490,14490,1782876688341530,True,True
13949,193.52000000,0.51600000,14491,14491,1782876723052787,True,True
13950,193.59000000,0.02900000,14492,14492,1782876856924691,True,True
13951,194.84000000,0.16000000,14493,14493,1782877109515431,False,True
13952,194.84000000,0.23800000,14494,14494,1782877109522223,False,True
13953,194.85000000,0.08200000,14495,14495,1782877109522223,False,True
13954,194.84000000,0.16000000,14496,14496,1782877109543129,False,True
13955,194.84000000,0.23800000,14497,14497,1782877109546815,False,True
13956,194.85000000,0.45300000,14498,14498,1782877111583750,False,True
13957,194.97000000,0.08700000,14499,14499,1782877137647079,False,True
13958,195.00000000,0.13100000,14500,14500,1782877206782151,True,True
13959,194.40000000,1.57100000,14501,14501,1782877365855802,True,True
13960,194.88000000,0.13900000,14502,14502,1782877442851638,False,True
13961,194.55000000,0.08100000,14503,14503,1782877548551151,True,True
13962,195.96000000,0.16000000,14504,14504,1782877961063129,False,True
13963,195.96000000,0.32000000,14505,14505,1782877961072205,False,True
13964,195.96000000,0.27600000,14506,14506,1782877961078809,False,True
13965,195.96000000,0.37800000,14507,14507,1782877961098788,False,True
13966,195.97000000,0.08700000,14508,14508,1782878000397788,False,True
13967,195.99000000,0.32000000,14509,14509,1782878002536377,False,True
13968,195.99000000,0.05900000,14510,14510,1782878002550445,False,True
13969,196.00000000,0.13000000,14511,14511,1782878002550445,False,True
13970,195.99000000,0.04800000,14512,14512,1782878032117972,False,True
13971,195.28000000,0.51200000,14513,14513,1782878445501817,False,True
13972,194.64000000,0.07800000,14514,14514,1782878479087177,True,True
13973,194.80000000,0.15900000,14515,14515,1782878505964433,True,True
13974,194.68000000,0.12900000,14516,14516,1782878589240397,True,True
13975,194.62000000,2.46700000,14517,14517,1782878629627937,True,True
13976,194.56000000,4.02900000,14518,14518,1782878629627937,True,True
13977,194.55000000,5.41300000,14519,14520,1782878629627937,True,True
13978,194.81000000,0.30200000,14521,14521,1782878650080547,False,True
13979,195.22000000,2.61300000,14522,14523,1782878703948413,False,True
13980,195.38000000,0.16000000,14524,14524,1782878863252476,False,True
13981,195.38000000,0.32000000,14525,14525,1782878863261748,False,True
13982,195.38000000,0.96900000,14526,14526,1782878863301090,False,True
13983,195.38000000,0.72400000,14527,14527,1782878863314434,False,True
13984,195.38000000,0.29000000,14528,14528,1782878863325671,False,True
13985,195.38000000,0.07200000,14529,14529,1782878899889868,False,True
13986,195.38000000,0.16000000,14530,14530,1782878922224951,False,True
13987,195.38000000,0.20300000,14531,14531,1782878922240282,False,True
13988,195.15000000,0.02600000,14532,14532,1782878972306296,False,True
13989,194.27000000,0.03300000,14533,14533,1782879353718768,True,True
13990,194.71000000,0.17100000,14534,14534,1782879841625671,False,True
13991,194.92000000,0.02600000,14535,14535,1782879964318787,False,True
13992,195.00000000,0.14800000,14536,14536,1782880006334212,False,True
13993,195.39000000,0.32900000,14537,14537,1782880339396420,False,True
13994,194.97000000,0.32800000,14538,14538,1782880343486127,True,True
13995,195.38000000,0.16000000,14539,14539,1782880370877393,False,True
13996,195.38000000,0.20100000,14540,14540,1782880370886263,False,True
13997,195.39000000,0.16000000,14541,14541,1782880370944994,False,True
13998,195.39000000,0.16000000,14542,14542,1782880371145348,False,True
13999,195.39000000,0.32000000,14543,14543,1782880371154643,False,True
14000,195.39000000,1.13000000,14544,14544,1782880371164366,False,True
14001,195.39000000,0.51100000,14545,14545,1782880371200097,False,True
14002,195.41000000,0.31700000,14546,14546,1782880504675072,False,True
14003,194.86000000,0.31700000,14547,14547,1782880507753216,True,True
14004,195.47000000,0.31600000,14548,14548,1782880514327779,False,True
14005,194.86000000,0.31600000,14549,14549,1782880518576214,True,True
14006,195.47000000,0.16000000,14550,14550,1782880851400403,False,True
14007,195.49000000,0.08800000,14551,14551,1782880851679329,False,True
14008,195.60000000,0.05100000,14552,14552,1782880907054802,False,True
14009,195.39000000,0.94600000,14553,14553,1782880951646461,True,True
14010,195.63000000,0.10300000,14554,14554,1782881107596575,False,True
14011,196.35000000,0.04000000,14555,14555,1782881452791692,False,True
14012,195.02000000,0.16000000,14556,14556,1782882112079493,True,True
14013,195.02000000,0.32000000,14557,14557,1782882112116859,True,True
14014,195.02000000,1.13000000,14558,14558,1782882112138983,True,True
14015,195.01000000,0.16000000,14559,14559,1782882122581829,True,True
14016,195.01000000,0.16000000,14560,14560,1782882122581831,True,True
14017,195.01000000,0.19200000,14561,14561,1782882122591660,True,True
14018,195.32000000,0.16000000,14562,14562,1782882797209987,False,True
14019,195.38000000,0.05100000,14563,14563,1782882832384034,False,True
14020,195.31000000,0.07000000,14564,14564,1782883001916533,False,True
14021,195.39000000,0.06900000,14565,14565,1782883050369464,False,True
14022,194.61000000,0.16000000,14566,14566,1782883428368900,False,True
14023,194.65000000,0.25000000,14567,14567,1782883437369759,False,True
14024,194.91000000,0.16000000,14568,14568,1782883491928054,False,True
14025,195.01000000,0.03500000,14569,14569,1782883532420861,False,True
14026,194.91000000,0.02700000,14570,14570,1782883581088012,False,True
14027,194.64000000,0.08000000,14571,14571,1782883646446763,False,True
14028,194.84000000,0.07500000,14572,14572,1782883756599266,False,True
14029,194.64000000,0.16000000,14573,14573,1782883756892364,True,True
14030,194.67000000,0.07100000,14574,14574,1782883804068699,False,True
14031,194.64000000,2.57600000,14575,14576,1782883818429416,False,True
14032,194.63000000,0.16000000,14577,14577,1782883920425825,True,True
14033,194.63000000,0.16000000,14578,14578,1782883920425917,True,True
14034,194.63000000,0.16000000,14579,14579,1782883921874192,True,True
14035,194.63000000,0.03300000,14580,14580,1782883921874694,True,True
14036,194.51000000,0.05700000,14581,14581,1782884247601280,False,True
14037,194.00000000,0.05300000,14582,14582,1782884804251118,True,True
14038,194.22000000,0.03200000,14583,14583,1782884886652208,False,True
14039,194.38000000,0.02800000,14584,14584,1782885054835046,False,True
14040,194.67000000,0.05000000,14585,14585,1782885385426208,False,True
14041,194.57000000,0.51300000,14586,14586,1782885511961202,False,True
14042,194.00000000,0.03400000,14587,14587,1782885728192662,True,True
14043,194.24000000,0.05400000,14588,14588,1782885909770603,False,True
14044,194.02000000,0.16000000,14589,14589,1782885930139134,False,True
14045,194.02000000,0.32000000,14590,14590,1782885930181446,False,True
14046,194.13000000,0.19000000,14591,14591,1782885941725068,False,True
14047,193.50000000,0.56500000,14592,14592,1782886079302817,True,True
14048,194.90000000,0.07000000,14593,14593,1782886293461531,False,True
14049,194.62000000,0.15800000,14594,14594,1782886320299048,False,True
14050,194.09000000,0.18900000,14595,14595,1782886428272029,True,True
14051,193.81000000,0.22900000,14596,14596,1782886964208454,False,True
14052,193.75000000,0.05700000,14597,14597,1782887052745680,False,True
14053,193.69000000,0.03500000,14598,14598,1782887190540975,False,True
14054,193.55000000,0.16000000,14599,14599,1782887278502257,False,True
14055,193.55000000,0.11200000,14600,14600,1782887278509533,False,True
14056,193.58000000,0.27200000,14601,14601,1782887281185250,False,True
14057,193.69000000,0.51600000,14602,14602,1782887306718903,False,True
14058,193.66000000,3.42100000,14603,14603,1782888130536125,False,True
14059,193.69000000,0.13100000,14604,14604,1782888130536125,False,True
14060,194.10000000,0.11900000,14605,14605,1782888140023620,False,True
14061,194.01000000,0.09300000,14606,14606,1782888220356680,False,True
14062,194.24000000,0.13500000,14607,14607,1782888728629593,False,True
14063,193.70000000,0.49700000,14608,14608,1782888815294737,True,True
14064,193.70000000,0.16000000,14609,14609,1782888972378198,True,True
14065,193.70000000,0.16000000,14610,14610,1782888972378648,True,True
14066,193.70000000,0.32000000,14611,14611,1782888972386389,True,True
14067,193.70000000,0.32000000,14612,14612,1782888972387027,True,True
14068,193.70000000,0.16000000,14613,14613,1782888975319331,True,True
14069,193.70000000,0.16000000,14614,14614,1782888975319865,True,True
14070,193.70000000,0.32000000,14615,14615,1782888975366288,True,True
14071,193.70000000,0.30700000,14616,14616,1782888975366729,True,True
14072,193.70000000,1.13000000,14617,14617,1782888975387698,True,True
14073,193.70000000,0.91000000,14618,14618,1782888975387920,True,True
14074,193.70000000,1.69600000,14619,14619,1782888975437229,True,True
14075,193.70000000,0.16000000,14620,14620,1782888975443520,True,True
14076,193.70000000,0.16000000,14621,14621,1782888978221420,True,True
14077,193.70000000,0.52800000,14622,14622,1782888978221539,True,True
14078,193.70000000,0.32000000,14623,14623,1782888978226088,True,True
14079,193.70000000,0.10700000,14624,14624,1782888978226550,True,True
14080,193.69000000,0.16000000,14625,14625,1782888979143345,True,True
14081,193.69000000,1.13000000,14626,14626,1782888979143521,True,True
14082,193.69000000,0.16000000,14627,14627,1782888979147969,True,True
14083,193.69000000,0.16000000,14628,14628,1782888986117613,True,True
14084,193.69000000,0.04000000,14629,14629,1782888986117872,True,True
14085,193.69000000,0.16000000,14630,14630,1782888986174435,True,True
14086,193.70000000,0.32000000,14631,14631,1782888986179924,True,True
14087,193.70000000,0.10700000,14632,14632,1782888986195827,True,True
14088,193.69000000,1.02300000,14633,14634,1782888986195827,True,True
14089,193.69000000,0.16000000,14635,14635,1782888988135937,True,True
14090,193.69000000,0.16000000,14636,14636,1782888993989324,True,True
14091,193.69000000,0.32000000,14637,14637,1782888994390556,True,True
14092,193.69000000,1.13000000,14638,14638,1782888994500850,True,True
14093,193.69000000,3.20000000,14639,14640,1782888994548223,True,True
14094,193.69000000,0.32000000,14641,14641,1782888994795791,True,True
14095,193.69000000,1.13000000,14642,14642,1782888994803139,True,True
14096,193.69000000,1.08000000,14643,14643,1782888994814068,True,True
14097,193.69000000,0.24000000,14644,14644,1782888994822615,True,True
14098,193.69000000,0.30500000,14645,14645,1782889300898986,True,True
14099,193.93000000,0.29400000,14646,14646,1782889337224522,False,True
14100,193.86000000,0.05100000,14647,14647,1782889372488550,False,True
14101,193.71000000,0.05100000,14648,14648,1782889381892659,False,True
14102,193.73000000,0.29400000,14649,14649,1782889645774430,False,True
14103,193.73000000,0.18200000,14650,14650,1782889647830014,False,True
14104,193.70000000,0.16000000,14651,14651,1782889866436905,True,True
14105,193.70000000,0.25200000,14652,14652,1782889866477266,True,True
14106,193.69000000,0.06800000,14653,14653,1782889866477266,True,True
14107,193.70000000,0.41100000,14654,14654,1782889866505550,True,True
14108,193.69000000,0.71900000,14655,14655,1782889866505550,True,True
14109,193.69000000,3.20000000,14656,14656,1782889866519201,True,True
14110,193.69000000,4.58200000,14657,14658,1782889866532807,True,True
14111,193.62000000,0.05700000,14659,14659,1782890052358065,True,True
14112,193.55000000,0.08100000,14660,14660,1782890193849692,False,True
14113,193.51000000,0.10300000,14661,14661,1782890314876568,False,True
14114,193.81000000,0.05700000,14662,14662,1782890564367012,False,True
14115,193.94000000,0.00400000,14663,14663,1782890564367012,False,True
14116,193.51000000,0.08100000,14664,14664,1782890587793067,True,True
14117,193.50000000,0.06200000,14665,14665,1782890587793067,True,True
14118,193.75000000,0.14700000,14666,14666,1782890824096441,False,True
14119,193.80000000,0.07500000,14667,14667,1782891004298918,False,True
14120,193.78000000,0.05300000,14668,14668,1782891053484109,False,True
14121,193.79000000,0.03000000,14669,14669,1782891566967097,False,True
14122,193.79000000,0.03000000,14670,14670,1782891566968317,False,True
14123,193.79000000,0.03000000,14671,14671,1782891566968834,False,True
14124,193.79000000,0.03000000,14672,14672,1782891567036848,False,True
14125,193.79000000,0.03000000,14673,14673,1782891567036890,False,True
14126,193.79000000,0.03000000,14674,14674,1782891567038123,False,True
14127,193.80000000,0.03000000,14675,14675,1782891568182493,False,True
14128,194.02000000,0.13000000,14676,14676,1782891605025705,False,True
14129,194.02000000,0.96700000,14677,14677,1782891668140554,False,True
14130,193.85000000,0.26200000,14678,14678,1782891670622664,False,True
14131,193.78000000,0.06700000,14679,14679,1782891978441160,True,True
14132,193.79000000,0.02800000,14680,14680,1782892040233057,False,True
14133,193.79000000,0.02800000,14681,14681,1782892040234028,False,True
14134,193.79000000,0.02800000,14682,14682,1782892071806752,False,True
14135,193.79000000,0.02800000,14683,14683,1782892071807822,False,True
14136,193.79000000,0.02800000,14684,14684,1782892071807956,False,True
14137,193.79000000,0.02800000,14685,14685,1782892109974150,False,True
14138,193.79000000,0.02800000,14686,14686,1782892110115134,False,True
14139,193.79000000,0.08300000,14687,14687,1782892112083597,False,True
14140,193.95000000,0.05100000,14688,14688,1782892562349995,False,True
14141,193.78000000,0.02800000,14689,14689,1782892815005628,True,True
14142,193.78000000,0.02800000,14690,14690,1782892815006832,True,True
14143,193.78000000,0.02800000,14691,14691,1782892815011162,True,True
14144,193.78000000,0.00300000,14692,14692,1782892815012152,True,True
14145,193.62000000,0.03400000,14693,14693,1782893370798264,False,True
14146,193.62000000,0.45200000,14694,14694,1782893576457250,False,True
14147,193.62000000,0.06400000,14695,14695,1782893576636626,False,True
14148,193.62000000,0.33700000,14696,14696,1782893578736881,False,True
14149,193.62000000,0.24700000,14697,14697,1782893580846779,False,True
14150,193.65000000,0.36800000,14698,14698,1782893617497071,False,True
14151,193.65000000,0.17100000,14699,14699,1782893619555516,False,True
14152,193.68000000,0.98800000,14700,14700,1782893642070620,False,True
14153,193.65000000,0.05700000,14701,14701,1782893914974869,False,True
14154,193.52000000,0.13900000,14702,14702,1782894165985144,False,True
14155,193.51000000,0.03600000,14703,14703,1782894194627082,True,True
14156,193.50000000,0.41200000,14704,14704,1782894194627082,True,True
14157,193.51000000,0.37100000,14705,14705,1782894196682852,True,True
14158,193.52000000,0.04100000,14706,14706,1782894197610138,False,True
14159,193.51000000,0.31800000,14707,14707,1782894198737588,True,True
14160,193.52000000,0.20000000,14708,14708,1782894214766788,False,True
14161,193.50000000,0.14200000,14709,14709,1782894214915169,True,True
14162,193.52000000,0.08100000,14710,14710,1782894217743014,False,True
14163,193.51000000,0.16000000,14711,14711,1782894588017828,True,True
14164,193.51000000,0.16000000,14712,14712,1782894594764793,True,True
14165,193.51000000,0.16000000,14713,14713,1782894595163205,True,True
14166,193.51000000,0.32000000,14714,14714,1782894595195574,True,True
14167,193.51000000,1.05900000,14715,14715,1782894595227585,True,True
14168,193.51000000,1.17900000,14716,14716,1782894595254604,True,True
14169,193.51000000,0.58900000,14717,14717,1782894595296954,True,True
14170,193.51000000,0.29500000,14718,14718,1782894595311785,True,True
14171,193.51000000,0.29500000,14719,14719,1782894595334287,True,True
14172,193.50000000,1.13000000,14720,14720,1782894596237842,True,True
14173,193.50000000,3.20000000,14721,14721,1782894596249457,True,True
14174,193.50000000,0.32000000,14722,14722,1782894625174675,True,True
14175,193.50000000,1.13000000,14723,14723,1782894625201441,True,True
14176,193.50000000,3.20000000,14724,14724,1782894625228198,True,True
14177,193.50000000,3.82900000,14725,14726,1782894625243167,True,True
14178,193.00000000,0.39500000,14727,14729,1782894636526082,True,True
14179,192.90000000,8.60500000,14730,14730,1782894636526082,True,True
14180,192.91000000,0.16000000,14731,14731,1782894730770607,False,True
14181,192.91000000,0.32000000,14732,14732,1782894730780692,False,True
14182,192.90000000,0.16000000,14733,14733,1782894860541593,False,True
14183,192.90000000,0.32000000,14734,14734,1782894860559009,False,True
14184,192.90000000,1.13000000,14735,14735,1782894860564556,False,True
14185,192.90000000,0.73200000,14736,14736,1782894860568893,False,True
14186,192.92000000,2.34100000,14737,14737,1782894866493121,False,True
14187,192.87000000,1.13000000,14738,14738,1782895050709310,False,True
14188,192.87000000,0.21400000,14739,14739,1782895050725663,False,True
14189,193.14000000,0.16000000,14740,14740,1782895302274238,False,True
14190,193.28000000,0.16000000,14741,14741,1782895359680808,False,True
14191,193.28000000,0.32000000,14742,14742,1782895359690781,False,True
14192,193.07000000,0.05500000,14743,14743,1782895556964124,True,True
14193,193.20000000,0.07700000,14744,14744,1782895623264279,False,True
14194,192.99000000,0.02900000,14745,14745,1782895846228850,False,True
14195,192.99000000,0.06000000,14746,14746,1782895863860191,False,True
14196,193.23000000,0.35600000,14747,14747,1782896494070524,False,True
14197,192.99000000,0.16000000,14748,14748,1782896537014666,False,True
14198,192.57000000,0.08700000,14749,14749,1782896616048232,True,True
14199,192.48000000,0.03100000,14750,14750,1782897102299960,False,True
14200,192.57000000,0.11400000,14751,14751,1782897404008349,False,True
14201,192.80000000,0.08300000,14752,14752,1782897515124873,False,True
14202,192.58000000,0.04900000,14753,14753,1782897626892801,True,True
14203,192.96000000,0.15500000,14754,14754,1782897766740459,False,True
14204,192.71000000,0.14300000,14755,14755,1782897774697102,True,True
14205,192.96000000,0.04600000,14756,14756,1782897971772129,False,True
14206,192.69000000,0.07700000,14757,14757,1782898216487866,False,True
14207,192.82000000,0.05300000,14758,14758,1782898338392671,False,True
14208,192.81000000,0.06800000,14759,14759,1782898936664284,False,True
14209,192.75000000,0.17400000,14760,14760,1782899007977687,False,True
14210,192.75000000,0.09600000,14761,14761,1782899013410545,False,True
14211,192.75000000,0.14400000,14762,14762,1782899089822920,False,True
14212,193.05000000,0.03000000,14763,14763,1782899286939946,False,True
14213,193.11000000,0.02700000,14764,14764,1782899451281943,False,True
14214,193.10000000,0.25800000,14765,14765,1782899526146997,False,True
14215,192.94000000,1.04000000,14766,14766,1782899761373180,True,True
14216,193.25000000,0.32400000,14767,14767,1782900129384848,True,True
14217,193.57000000,0.05300000,14768,14768,1782900141871809,False,True
14218,193.28000000,0.09900000,14769,14769,1782900231523316,True,True
14219,193.57000000,0.68700000,14770,14770,1782900267394502,False,True
14220,193.60000000,1.89500000,14771,14771,1782900267394502,False,True
14221,193.40000000,0.11200000,14772,14772,1782900488429164,False,True
14222,193.49000000,0.05100000,14773,14773,1782901143613643,False,True
14223,193.61000000,0.10100000,14774,14774,1782901291310166,False,True
14224,193.48000000,0.13200000,14775,14775,1782901359385869,False,True
14225,193.24000000,0.14200000,14776,14776,1782901388583771,True,True
14226,193.61000000,0.03500000,14777,14777,1782901568061417,False,True
14227,193.59000000,0.20600000,14778,14778,1782902614278548,False,True
14228,193.39000000,0.05700000,14779,14779,1782902752251048,True,True
14229,193.42000000,0.06100000,14780,14780,1782902775712955,True,True
14230,193.42000000,0.08600000,14781,14781,1782902793219510,True,True
14231,193.74000000,0.02700000,14782,14782,1782903037056791,False,True
14232,193.75000000,0.16000000,14783,14783,1782903145628268,False,True
14233,193.75000000,0.32000000,14784,14784,1782903145641772,False,True
14234,193.75000000,0.21200000,14785,14786,1782903145661310,False,True
14235,193.79000000,0.03600000,14787,14787,1782903360691205,False,True
14236,194.31000000,0.47800000,14788,14788,1782903749049211,False,True
14237,194.32000000,0.77900000,14789,14789,1782903749049211,False,True
14238,194.31000000,0.23900000,14790,14790,1782903751132379,False,True
14239,194.32000000,0.74700000,14791,14791,1782903751132379,False,True
14240,194.31000000,0.24000000,14792,14792,1782903753247135,False,True
14241,194.35000000,0.17200000,14793,14793,1782903753247135,False,True
14242,193.98000000,0.08100000,14794,14794,1782903811823493,True,True
14243,194.55000000,0.08100000,14795,14795,1782903829092639,False,True
14244,194.56000000,0.14200000,14796,14796,1782903829092639,False,True
14245,194.52000000,0.07200000,14797,14797,1782903952293339,False,True
14246,194.52000000,1.75500000,14798,14798,1782903957063050,False,True
14247,194.34000000,0.07600000,14799,14799,1782904046918443,False,True
14248,194.19000000,0.02600000,14800,14800,1782904172731383,False,True
14249,194.37000000,0.02500000,14801,14801,1782904430919117,False,True
14250,194.01000000,0.04900000,14802,14802,1782904435994875,True,True
14251,194.13000000,0.05300000,14803,14803,1782904571111846,True,True
14252,194.57000000,0.31600000,14804,14804,1782904790344180,False,True
14253,194.57000000,0.31600000,14805,14805,1782904793451608,False,True
14254,194.66000000,0.14000000,14806,14806,1782904964190156,False,True
14255,194.18000000,0.14200000,14807,14807,1782905014564171,True,True
14256,194.78000000,0.03400000,14808,14808,1782905133620544,False,True
14257,194.82000000,0.06700000,14809,14809,1782905400697684,False,True
14258,194.45000000,0.05200000,14810,14810,1782905930062444,False,True
14259,194.45000000,0.11900000,14811,14811,1782906202171081,False,True
14260,194.62000000,0.06200000,14812,14812,1782906356848060,False,True
14261,194.19000000,0.05700000,14813,14813,1782906409924157,True,True
14262,194.37000000,0.02600000,14814,14814,1782906647356943,False,True
14263,194.24000000,0.16000000,14815,14815,1782906893892050,True,True
14264,194.24000000,0.32000000,14816,14816,1782906893904031,True,True
14265,194.24000000,0.03400000,14817,14817,1782906893913989,True,True
14266,193.79000000,0.08900000,14818,14818,1782907346209527,False,True
14267,193.76000000,0.05200000,14819,14819,1782907595432097,False,True
14268,193.84000000,0.06700000,14820,14820,1782907651612334,False,True
14269,194.20000000,0.05900000,14821,14821,1782907891245463,False,True
14270,194.21000000,0.24800000,14822,14822,1782907897447317,False,True
14271,193.93000000,0.10400000,14823,14823,1782907965994871,False,True
14272,193.98000000,0.04000000,14824,14824,1782907999597657,False,True
14273,193.98000000,0.28300000,14825,14825,1782908003922353,False,True
14274,194.05000000,0.06100000,14826,14826,1782908057885037,False,True
14275,194.33000000,0.14400000,14827,14827,1782908563694030,False,True
14276,193.87000000,0.12800000,14828,14828,1782908567401438,True,True
14277,194.05000000,0.61500000,14829,14829,1782909154653033,True,True
14278,194.04000000,0.70000000,14830,14830,1782909154653033,True,True
14279,194.55000000,0.06300000,14831,14831,1782909155042048,False,True
14280,194.52000000,0.18800000,14832,14832,1782909191430967,False,True
14281,193.47000000,0.07600000,14833,14833,1782909417486168,True,True
14282,193.47000000,0.07600000,14834,14834,1782909417487434,True,True
14283,193.47000000,0.07600000,14835,14835,1782909417487635,True,True
14284,193.47000000,0.07600000,14836,14836,1782909417488574,True,True
14285,193.47000000,0.16000000,14837,14837,1782909417496620,True,True
14286,193.47000000,0.07600000,14838,14838,1782909417501913,True,True
14287,193.47000000,0.02300000,14839,14839,1782909417503179,True,True
14288,193.46000000,0.32000000,14840,14840,1782909417519852,True,True
14289,193.46000000,1.13000000,14841,14841,1782909417526763,True,True
14290,193.46000000,3.20000000,14842,14842,1782909417536535,True,True
14291,193.46000000,0.07600000,14843,14843,1782909418728398,True,True
14292,193.46000000,0.07600000,14844,14844,1782909418728639,True,True
14293,193.46000000,0.07600000,14845,14845,1782909418729667,True,True
14294,193.46000000,0.07600000,14846,14846,1782909418729766,True,True
14295,193.46000000,0.21400000,14847,14847,1782909418731269,True,True
14296,192.63000000,0.51900000,14848,14848,1782909514479171,False,True
14297,192.00000000,0.06200000,14849,14849,1782909639679422,True,True
14298,192.75000000,0.18700000,14850,14850,1782909727972130,False,True
14299,192.00000000,0.02600000,14851,14851,1782909774049884,True,True
14300,191.97000000,0.10400000,14852,14852,1782909788300331,False,True
14301,192.01000000,0.12400000,14853,14853,1782909796004497,False,True
14302,192.30000000,0.06200000,14854,14854,1782909887706256,False,True
14303,192.43000000,0.08400000,14855,14855,1782909995988184,False,True
14304,191.88000000,0.16300000,14856,14856,1782910017935215,True,True
14305,192.33000000,0.07900000,14857,14857,1782910025475876,False,True
14306,192.30000000,0.05500000,14858,14858,1782910038263875,False,True
14307,191.65000000,0.13200000,14859,14859,1782910065305319,True,True
14308,191.38000000,0.14200000,14860,14860,1782910107576838,True,True
14309,191.76000000,0.57900000,14861,14861,1782910140069116,False,True
14310,191.77000000,0.99000000,14862,14862,1782910140069116,False,True
14311,191.93000000,0.05500000,14863,14863,1782910275384071,False,True
14312,191.37000000,0.09600000,14864,14864,1782910451455971,True,True
14313,191.37000000,0.09600000,14865,14865,1782910451457101,True,True
14314,191.37000000,0.09600000,14866,14866,1782910451458295,True,True
14315,191.38000000,0.16000000,14867,14867,1782910487517836,True,True
14316,191.38000000,0.32000000,14868,14868,1782910487537092,True,True
14317,191.38000000,0.06000000,14869,14869,1782910487544478,True,True
14318,191.38000000,0.16000000,14870,14870,1782910487556799,True,True
14319,191.38000000,0.17300000,14871,14871,1782910488103567,True,True
14320,191.37000000,1.13000000,14872,14872,1782910488212010,True,True
14321,191.37000000,1.33500000,14873,14873,1782910488270189,True,True
14322,191.24000000,0.09500000,14874,14874,1782910515183892,False,True
14323,191.24000000,0.09500000,14875,14875,1782910515185218,False,True
14324,191.21000000,0.16600000,14876,14876,1782910529774657,True,True
14325,191.21000000,0.08400000,14877,14877,1782910529780534,True,True
14326,191.21000000,0.08400000,14878,14878,1782910529784735,True,True
14327,191.20000000,3.18100000,14879,14879,1782910530746606,True,True
14328,191.48000000,0.06800000,14880,14880,1782910920750412,False,True
14329,191.45000000,0.07400000,14881,14881,1782910928246445,False,True
14330,191.31000000,0.70300000,14882,14882,1782910951219962,False,True
14331,191.39000000,0.07100000,14883,14883,1782911003170865,False,True
14332,191.00000000,0.06700000,14884,14884,1782911014789641,True,True
14333,191.00000000,0.02100000,14885,14885,1782911049425010,True,True
14334,190.85000000,0.10300000,14886,14886,1782911049425010,True,True
14335,191.24000000,0.10000000,14887,14887,1782911154939500,False,True
14336,191.14000000,0.12100000,14888,14888,1782911230711575,False,True
14337,191.01000000,0.11200000,14889,14889,1782911260375373,False,True
14338,191.16000000,0.12100000,14890,14890,1782911312295110,False,True
14339,191.16000000,0.06200000,14891,14891,1782911494598805,False,True
14340,190.81000000,0.06000000,14892,14892,1782911589588579,False,True
14341,190.95000000,0.19000000,14893,14893,1782911806392411,False,True
14342,191.62000000,0.05900000,14894,14894,1782912126790658,False,True
14343,191.62000000,0.15200000,14895,14895,1782912144250888,False,True
14344,191.86000000,0.11700000,14896,14896,1782912161067938,False,True
14345,191.78000000,0.05500000,14897,14897,1782912247716368,False,True
14346,191.78000000,0.47000000,14898,14898,1782912254232495,False,True
14347,191.79000000,0.12000000,14899,14899,1782912254232495,False,True
14348,191.32000000,0.10900000,14900,14900,1782912372084185,True,True
14349,191.32000000,0.09000000,14901,14901,1782912372085124,True,True
14350,191.32000000,0.16000000,14902,14902,1782912372095390,True,True
14351,191.32000000,0.32000000,14903,14903,1782912372105499,True,True
14352,191.32000000,1.13000000,14904,14904,1782912372110187,True,True
14353,191.32000000,3.20000000,14905,14905,1782912372285423,True,True
14354,191.32000000,0.21900000,14906,14906,1782912372294449,True,True
14355,191.26000000,0.03000000,14907,14907,1782912382619852,False,True
14356,190.40000000,0.06900000,14908,14908,1782912568602534,False,True
14357,190.23000000,2.74600000,14909,14909,1782912600407652,False,True
14358,190.23000000,0.10600000,14910,14910,1782912600411939,False,True
14359,190.23000000,0.10600000,14911,14911,1782912600412001,False,True
14360,190.27000000,0.06100000,14912,14912,1782912601079515,False,True
14361,191.03000000,0.29200000,14913,14913,1782912601079515,False,True
14362,191.80000000,1.22900000,14914,14914,1782912601079515,False,True
14363,190.21000000,0.58000000,14915,14915,1782912603811128,True,True
14364,191.79000000,0.09400000,14916,14916,1782912606504075,False,True
14365,190.80000000,0.13900000,14917,14917,1782912665108477,False,True
14366,190.80000000,0.16000000,14918,14918,1782912727092831,False,True
14367,190.80000000,0.09000000,14919,14919,1782912727285993,False,True
14368,190.20000000,0.08000000,14920,14920,1782912749352682,True,True
14369,190.20000000,0.32000000,14921,14921,1782912765283517,True,True
14370,190.31000000,0.09900000,14922,14922,1782912765415858,False,True
14371,190.20000000,0.65100000,14923,14923,1782912766660831,True,True
14372,190.10000000,0.13000000,14924,14924,1782912767138162,True,True
14373,190.10000000,0.16000000,14925,14925,1782912767502859,True,True
14374,190.10000000,0.26100000,14926,14926,1782912767575899,True,True
14375,190.08000000,0.55100000,14927,14927,1782912767710685,True,True
14376,190.00000000,0.03900000,14928,14928,1782912782196956,True,True
14377,190.00000000,0.03900000,14929,14929,1782912782197164,True,True
14378,190.00000000,0.04200000,14930,14931,1782912782198983,True,True
14379,189.44000000,1.13000000,14932,14932,1782912862660934,True,True
14380,189.44000000,1.65100000,14933,14933,1782912862672353,True,True
14381,189.58000000,0.39000000,14934,14934,1782912866906668,False,True
14382,191.37000000,1.20100000,14935,14935,1782912866906668,False,True
14383,189.00000000,3.08900000,14936,14937,1782912923303958,True,True
14384,191.37000000,0.23100000,14938,14938,1782912996899756,False,True
14385,189.00000000,0.32000000,14939,14939,1782913108844902,True,True
14386,189.00000000,0.11100000,14940,14940,1782913108856594,True,True
14387,188.58000000,0.15800000,14941,14941,1782913130982114,False,True
14388,189.23000000,0.12000000,14942,14942,1782913393193489,False,True
14389,190.94000000,0.10000000,14943,14943,1782913478780085,False,True
14390,189.81000000,0.57000000,14944,14944,1782913514862689,False,True
14391,189.82000000,1.01900000,14945,14945,1782913514862689,False,True
14392,190.95000000,0.03700000,14946,14946,1782913687481900,False,True
14393,190.95000000,0.03200000,14947,14947,1782913873213683,False,True
14394,190.95000000,0.02000000,14948,14948,1782913912286917,False,True
14395,190.84000000,5.23900000,14949,14949,1782913963891538,False,True
14396,190.43000000,1.05200000,14950,14950,1782914062976164,False,True
14397,190.20000000,0.15600000,14951,14951,1782914072683629,False,True
14398,191.28000000,0.05200000,14952,14952,1782914079870880,False,True
14399,190.71000000,0.07300000,14953,14953,1782914185724166,False,True
14400,190.00000000,0.14700000,14954,14954,1782914218035743,True,True
14401,191.36000000,0.16000000,14955,14955,1782914442254213,False,True
14402,191.36000000,0.29800000,14956,14956,1782914442273858,False,True
14403,191.37000000,0.02200000,14957,14957,1782914442273858,False,True
14404,191.36000000,0.22900000,14958,14958,1782914442286403,False,True
14405,191.37000000,0.90100000,14959,14959,1782914442286403,False,True
14406,191.36000000,0.11500000,14960,14960,1782914442298394,False,True
14407,191.36000000,0.11500000,14961,14961,1782914442314797,False,True
14408,191.37000000,0.42600000,14962,14962,1782914442380279,False,True
14409,190.39000000,0.98600000,14963,14964,1782914515133592,True,True
14410,191.71000000,0.16400000,14965,14965,1782914524662237,False,True
14411,191.71000000,0.25100000,14966,14966,1782914525789519,False,True
14412,191.72000000,0.13300000,14967,14967,1782914525789519,False,True
14413,191.71000000,0.12500000,14968,14968,1782914598079590,False,True
14414,191.72000000,0.20500000,14969,14969,1782914598079590,False,True
14415,191.23000000,0.05200000,14970,14970,1782914604741422,False,True
14416,191.79000000,0.07400000,14971,14971,1782914844054547,False,True
14417,191.80000000,0.01400000,14972,14972,1782914844054547,False,True
14418,191.80000000,0.52100000,14973,14973,1782914893086346,False,True
14419,191.56000000,0.02800000,14974,14974,1782914971601161,False,True
14420,191.80000000,0.16000000,14975,14975,1782915069229274,False,True
14421,191.80000000,0.32000000,14976,14976,1782915069408181,False,True
14422,191.80000000,0.93700000,14977,14977,1782915069462378,False,True
14423,191.95000000,0.08900000,14978,14978,1782915078200876,False,True
14424,192.56000000,0.06200000,14979,14979,1782915254303265,False,True
14425,192.12000000,26.02600000,14980,14981,1782915334236857,False,True
14426,191.68000000,0.66300000,14982,14982,1782915601804360,True,True
14427,191.67000000,5.44400000,14983,14984,1782915601804360,True,True
14428,191.56000000,2.37000000,14985,14985,1782915601804360,True,True
14429,191.49000000,2.72300000,14986,14986,1782915601804360,True,True
14430,191.47000000,2.72000000,14987,14987,1782915601804360,True,True
14431,191.43000000,6.88600000,14988,14988,1782915601804360,True,True
14432,192.14000000,0.02700000,14989,14989,1782915717973402,False,True
14433,192.13000000,0.06300000,14990,14990,1782915769703597,False,True
14434,191.68000000,0.08600000,14991,14991,1782915935415003,True,True
14435,191.59000000,0.06500000,14992,14992,1782915971794943,True,True
14436,191.69000000,0.07600000,14993,14993,1782915999307798,True,True
14437,191.35000000,0.06500000,14994,14994,1782916344264834,False,True
14438,190.22000000,1.55700000,14995,14995,1782916542913727,False,True
14439,190.21000000,0.16000000,14996,14996,1782916550513683,True,True
14440,190.21000000,0.32000000,14997,14997,1782916550522878,True,True
14441,190.21000000,0.09600000,14998,14998,1782916550537744,True,True
14442,190.20000000,1.03400000,14999,14999,1782916550537744,True,True
14443,190.21000000,0.43200000,15000,15000,1782916550562157,True,True
14444,190.20000000,2.17400000,15001,15001,1782916550562157,True,True
14445,190.00000000,0.13900000,15002,15003,1782916610200023,True,True
14446,189.65000000,0.21600000,15004,15004,1782916610200023,True,True
14447,189.58000000,2.75100000,15005,15005,1782916610200023,True,True
14448,189.56000000,2.12800000,15006,15006,1782916610200023,True,True
14449,190.11000000,0.13100000,15007,15007,1782916618888974,False,True
14450,190.79000000,0.05200000,15008,15008,1782916716211905,False,True
14451,190.78000000,0.59100000,15009,15009,1782916848045577,False,True
14452,190.18000000,0.42900000,15010,15010,1782916877845905,True,True
14453,190.17000000,0.55000000,15011,15011,1782916877845905,True,True
14454,190.03000000,0.21600000,15012,15012,1782916881396628,True,True
14455,190.02000000,0.03400000,15013,15013,1782916881396628,True,True
14456,189.85000000,0.16000000,15014,15014,1782916919859391,False,True
14457,189.85000000,0.32000000,15015,15015,1782916919863914,False,True
14458,189.85000000,0.11000000,15016,15016,1782916921135368,False,True
14459,190.03000000,0.05200000,15017,15017,1782916993245066,False,True
14460,190.03000000,0.11200000,15018,15018,1782917009092667,False,True
14461,189.82000000,0.52600000,15019,15019,1782917123804094,False,True
14462,189.44000000,2.38400000,15020,15020,1782917173829910,True,True
14463,189.46000000,0.31600000,15021,15021,1782917180178843,False,True
14464,189.45000000,0.05500000,15022,15022,1782917260374761,True,True
14465,189.84000000,0.44800000,15023,15023,1782917292999522,False,True
14466,189.85000000,2.18500000,15024,15024,1782917292999522,False,True
14467,190.03000000,0.52700000,15025,15025,1782917410650129,False,True
14468,190.11000000,0.56400000,15026,15026,1782917422578965,False,True
14469,189.83000000,0.05200000,15027,15027,1782917470794073,False,True
14470,189.78000000,0.53300000,15028,15028,1782917565632482,False,True
14471,189.44000000,0.16000000,15029,15029,1782917721253162,True,True
14472,189.44000000,0.05500000,15030,15030,1782917721254690,True,True
14473,189.44000000,0.18200000,15031,15031,1782917721263896,True,True
14474,189.01000000,0.10600000,15032,15032,1782917741849702,False,True
14475,189.01000000,0.10600000,15033,15033,1782917741849904,False,True
14476,189.01000000,0.05300000,15034,15034,1782917741850775,False,True
14477,189.01000000,0.10600000,15035,15035,1782917741850921,False,True
14478,189.01000000,0.10600000,15036,15036,1782917741851690,False,True
14479,189.01000000,0.10600000,15037,15037,1782917741851722,False,True
14480,189.00000000,0.05100000,15038,15038,1782917749244923,True,True
14481,189.00000000,0.03800000,15039,15039,1782917749246073,True,True
14482,188.97000000,0.52900000,15040,15040,1782917762274672,False,True
14483,188.48000000,0.58900000,15041,15041,1782918015073872,True,True
14484,189.10000000,0.33000000,15042,15042,1782918080052445,False,True
14485,189.34000000,0.02300000,15043,15043,1782918080052445,False,True
14486,189.34000000,0.35000000,15044,15044,1782918082212249,False,True
14487,189.14000000,0.40100000,15045,15045,1782918084382830,False,True
14488,189.02000000,0.16200000,15046,15046,1782918086541598,False,True
14489,188.93000000,0.08100000,15047,15047,1782918100467631,False,True
14490,188.73000000,0.08900000,15048,15048,1782918131254653,True,True
14491,190.29000000,0.07200000,15049,15049,1782918153385617,False,True
14492,188.88000000,0.07300000,15050,15050,1782918211487830,True,True
14493,189.67000000,0.05400000,15051,15051,1782918253785248,False,True
14494,189.66000000,0.26300000,15052,15052,1782918372981044,False,True
14495,189.60000000,0.16000000,15053,15053,1782918473516623,True,True
14496,189.60000000,0.26300000,15054,15054,1782918473527821,True,True
14497,188.64000000,0.09400000,15055,15055,1782918724098893,True,True
14498,188.81000000,0.54200000,15056,15056,1782918761651418,True,True
14499,188.81000000,0.01100000,15057,15057,1782918763759499,True,True
14500,188.78000000,0.25700000,15058,15058,1782918763759499,True,True
14501,188.84000000,0.22600000,15059,15059,1782918765828527,True,True
14502,188.98000000,0.06000000,15060,15060,1782918783256568,True,True
14503,189.79000000,0.60500000,15061,15061,1782918883533039,False,True
14504,189.81000000,0.25700000,15062,15062,1782918883533039,False,True
14505,189.88000000,1.77100000,15063,15063,1782918883533039,False,True
14506,190.30000000,0.06100000,15064,15064,1782918928533605,False,True
14507,190.20000000,0.16000000,15065,15065,1782919336090485,False,True
14508,190.20000000,0.16000000,15066,15066,1782919336090723,False,True
14509,190.20000000,0.32000000,15067,15067,1782919336100006,False,True
14510,190.20000000,0.32000000,15068,15068,1782919336100078,False,True
14511,190.20000000,1.13000000,15069,15069,1782919336113113,False,True
14512,190.20000000,1.13000000,15070,15070,1782919336113367,False,True
14513,190.20000000,3.20000000,15071,15071,1782919336127076,False,True
14514,190.20000000,3.20000000,15072,15072,1782919336127603,False,True
14515,190.20000000,6.40000000,15073,15073,1782919336134818,False,True
14516,190.20000000,6.40000000,15074,15074,1782919336147269,False,True
14517,190.20000000,6.40000000,15075,15075,1782919336192611,False,True
14518,190.20000000,6.40000000,15076,15076,1782919336237068,False,True
14519,190.20000000,6.40000000,15077,15077,1782919336248069,False,True
14520,190.20000000,6.40000000,15078,15078,1782919336258596,False,True
14521,190.20000000,6.40000000,15079,15079,1782919336268730,False,True
14522,190.20000000,0.19000000,15080,15080,1782919336284735,False,True
14523,190.20000000,0.32000000,15081,15081,1782919337445961,False,True
14524,190.20000000,1.13000000,15082,15082,1782919337455988,False,True
14525,190.20000000,3.20000000,15083,15083,1782919337473327,False,True
14526,190.20000000,6.40000000,15084,15084,1782919337496930,False,True
14527,190.20000000,1.85000000,15085,15085,1782919337509209,False,True
14528,190.20000000,2.74000000,15086,15086,1782919337509301,False,True
14529,190.20000000,0.89000000,15087,15087,1782919337511940,False,True
14530,190.20000000,0.32000000,15088,15088,1782919337514311,False,True
14531,190.20000000,1.13000000,15089,15089,1782919337525591,False,True
14532,190.20000000,3.20000000,15090,15090,1782919337543474,False,True
14533,190.20000000,0.32000000,15091,15091,1782919337558037,False,True
14534,190.20000000,0.15000000,15092,15092,1782919337564282,False,True
14535,190.20000000,0.06000000,15093,15093,1782919338305117,False,True
14536,190.10000000,2.36900000,15094,15094,1782919363836147,False,True
14537,190.10000000,2.19500000,15095,15095,1782919371946982,False,True
14538,190.15000000,0.20000000,15096,15096,1782919378740359,True,True
14539,190.50000000,0.06700000,15097,15097,1782919432099863,False,True
14540,190.04000000,0.45200000,15098,15098,1782919478324324,True,True
14541,190.01000000,0.22600000,15099,15099,1782919518612910,True,True
14542,190.01000000,0.06000000,15100,15100,1782919535265005,True,True
14543,190.30000000,0.02900000,15101,15101,1782919570854889,False,True
14544,190.01000000,0.06100000,15102,15102,1782919588066678,True,True
14545,190.01000000,0.02200000,15103,15103,1782919591853297,True,True
14546,190.00000000,0.03600000,15104,15105,1782919591853297,True,True
14547,190.30000000,0.03600000,15106,15106,1782919635058860,False,True
14548,190.31000000,0.16600000,15107,15107,1782919638321820,False,True
14549,190.30000000,0.06900000,15108,15108,1782919660218797,False,True
14550,190.30000000,0.61500000,15109,15109,1782919684326805,False,True
14551,190.31000000,0.22000000,15110,15110,1782919686461390,False,True
14552,190.05000000,0.05800000,15111,15111,1782919737243537,True,True
14553,190.64000000,0.52600000,15112,15112,1782919742683067,False,True
14554,190.75000000,0.08100000,15113,15113,1782919813214676,False,True
14555,190.67000000,0.47200000,15114,15115,1782919849875093,False,True
14556,190.49000000,0.08000000,15116,15116,1782920067172536,True,True
14557,190.49000000,0.08000000,15117,15117,1782920068487634,True,True
14558,190.49000000,0.29000000,15118,15118,1782920073055595,True,True
14559,190.50000000,0.04000000,15119,15119,1782920087626726,True,True
14560,190.49000000,2.39400000,15120,15120,1782920097982858,True,True
14561,190.49000000,0.16000000,15121,15121,1782920103053006,True,True
14562,190.49000000,0.32000000,15122,15122,1782920103079260,True,True
14563,190.49000000,1.13000000,15123,15123,1782920103104285,True,True
14564,190.49000000,3.20000000,15124,15124,1782920103130110,True,True
14565,190.49000000,0.38000000,15125,15125,1782920103212245,True,True
14566,190.46000000,0.02600000,15126,15126,1782920107574553,False,True
14567,190.17000000,2.62500000,15127,15127,1782920160289152,False,True
14568,189.97000000,0.02700000,15128,15128,1782920178425706,False,True
14569,189.64000000,0.05400000,15129,15129,1782920203067056,True,True
14570,190.35000000,0.06500000,15130,15130,1782920233878227,False,True
14571,190.35000000,0.05300000,15131,15131,1782920287575366,False,True
14572,189.73000000,0.08200000,15132,15132,1782920452446053,True,True
14573,188.93000000,0.08500000,15133,15133,1782920788040520,True,True
14574,189.20000000,0.09100000,15134,15134,1782920829171509,False,True
14575,189.20000000,0.16300000,15135,15135,1782920829224880,False,True
14576,189.12000000,0.03700000,15136,15136,1782920898466507,False,True
14577,188.90000000,0.06100000,15137,15137,1782921072972230,False,True
14578,188.81000000,0.12000000,15138,15138,1782921149488382,False,True
14579,188.68000000,0.10000000,15139,15139,1782921377254401,True,True
14580,188.69000000,7.19200000,15140,15140,1782921419209485,False,True
14581,188.32000000,0.15800000,15141,15141,1782921423230869,True,True
14582,188.74000000,0.37200000,15142,15142,1782921429684013,False,True
14583,188.75000000,0.15700000,15143,15143,1782921429684013,False,True
14584,188.52000000,0.07300000,15144,15144,1782921732172812,True,True
14585,188.57000000,0.37900000,15145,15145,1782921743840611,True,True
14586,188.75000000,0.22200000,15146,15146,1782921811354804,True,True
14587,189.09000000,0.11100000,15147,15147,1782921889472324,False,True
14588,189.08000000,0.46800000,15148,15148,1782921982341464,False,True
14589,189.10000000,2.29200000,15149,15150,1782921982341464,False,True
14590,189.10000000,0.16000000,15151,15151,1782922039678041,False,True
14591,189.10000000,0.32000000,15152,15152,1782922039707237,False,True
14592,189.10000000,1.13000000,15153,15153,1782922039726713,False,True
14593,189.10000000,0.62000000,15154,15154,1782922039741140,False,True
14594,189.10000000,0.16000000,15155,15155,1782922040862081,False,True
14595,189.10000000,0.16000000,15156,15156,1782922042375742,False,True
14596,188.89000000,0.10500000,15157,15157,1782922249149256,False,True
14597,188.61000000,0.15800000,15158,15158,1782922315338314,True,True
14598,188.85000000,0.16000000,15159,15159,1782922316155158,False,True
14599,188.85000000,0.16000000,15160,15160,1782922316176468,False,True
14600,188.85000000,0.05000000,15161,15161,1782922319043406,False,True
14601,188.85000000,0.16000000,15162,15162,1782922338440657,False,True
14602,188.85000000,0.32000000,15163,15163,1782922341119959,False,True
14603,188.85000000,1.13000000,15164,15164,1782922341169456,False,True
14604,188.85000000,0.83000000,15165,15165,1782922341219736,False,True
14605,188.61000000,0.10400000,15166,15166,1782922344109447,True,True
14606,188.61000000,0.41300000,15167,15167,1782922356431654,True,True
14607,188.61000000,2.69000000,15168,15168,1782922356435908,False,True
14608,188.61000000,2.76500000,15169,15169,1782922356436062,False,True
14609,188.61000000,2.76500000,15170,15170,1782922356437375,False,True
14610,188.61000000,2.76600000,15171,15171,1782922359485269,False,True
14611,188.61000000,2.76600000,15172,15172,1782922359493872,False,True
14612,188.61000000,0.92000000,15173,15173,1782922359498595,False,True
14613,188.61000000,2.76700000,15174,15174,1782922359504298,False,True
14614,188.61000000,0.39000000,15175,15175,1782922359504488,False,True
14615,188.61000000,1.13000000,15176,15176,1782922359504944,False,True
14616,188.61000000,1.24700000,15177,15177,1782922359505151,False,True
14617,188.61000000,2.76700000,15178,15178,1782922359505168,False,True
14618,188.61000000,2.59200000,15179,15179,1782922360151548,False,True
14619,188.61000000,2.26900000,15180,15180,1782922361911692,False,True
14620,188.67000000,0.28300000,15181,15181,1782922380440011,True,True
14621,189.01000000,0.29600000,15182,15182,1782922438635204,False,True
14622,189.08000000,0.28500000,15183,15183,1782922440902479,False,True
14623,188.87000000,0.05500000,15184,15184,1782922563382008,False,True
14624,188.87000000,0.05900000,15185,15185,1782922569195409,False,True
14625,188.89000000,0.07800000,15186,15186,1782922624593175,False,True
14626,188.59000000,0.05700000,15187,15187,1782922710329109,True,True
14627,189.26000000,0.03500000,15188,15188,1782922850403992,False,True
14628,188.82000000,0.15200000,15189,15189,1782922924091368,True,True
14629,189.25000000,0.08300000,15190,15190,1782922995708190,False,True
14630,188.98000000,0.08000000,15191,15191,1782923136134054,True,True
14631,189.27000000,0.03000000,15192,15192,1782923178009763,False,True
14632,188.93000000,0.07000000,15193,15193,1782923198023602,True,True
14633,188.96000000,0.09000000,15194,15194,1782923527463342,False,True
14634,188.82000000,0.08600000,15195,15195,1782923878138810,False,True
14635,188.86000000,0.09600000,15196,15196,1782923878138810,False,True
14636,188.40000000,0.11600000,15197,15197,1782924197130899,False,True
14637,188.50000000,0.05900000,15198,15198,1782924396072380,False,True
14638,188.51000000,0.09300000,15199,15199,1782924418067712,False,True
14639,188.20000000,0.06500000,15200,15200,1782924425044908,True,True
14640,188.51000000,0.08700000,15201,15201,1782924432570315,False,True
14641,188.73000000,0.29800000,15202,15202,1782924436826065,False,True
14642,188.74000000,1.29800000,15203,15203,1782924436826065,False,True
14643,188.81000000,0.05700000,15204,15204,1782924544492624,False,True
14644,188.01000000,0.64100000,15205,15205,1782924762855095,True,True
14645,188.00000000,0.14700000,15206,15208,1782924762855095,True,True
14646,188.04000000,0.44100000,15209,15209,1782925079866275,False,True
14647,188.05000000,2.07300000,15210,15210,1782925079866275,False,True
14648,188.17000000,0.14400000,15211,15211,1782925079866275,False,True
14649,188.44000000,0.06700000,15212,15212,1782925288863878,False,True
14650,188.44000000,0.07500000,15213,15213,1782925329321749,False,True
14651,188.01000000,0.07500000,15214,15214,1782925404718584,True,True
14652,188.19000000,0.07100000,15215,15215,1782925591768255,False,True
14653,188.20000000,0.05400000,15216,15216,1782925646229802,False,True
14654,188.20000000,0.09200000,15217,15217,1782925710522173,False,True
14655,188.20000000,0.02900000,15218,15218,1782925769779137,False,True
14656,188.00000000,0.16000000,15219,15219,1782925797286595,True,True
14657,188.00000000,0.16000000,15220,15220,1782925798392699,True,True
14658,188.00000000,0.21000000,15221,15221,1782925798401509,True,True
14659,188.02000000,0.06100000,15222,15222,1782925810600131,False,True
14660,188.08000000,0.06700000,15223,15223,1782925815527984,False,True
14661,187.98000000,0.20600000,15224,15224,1782925870481192,False,True
14662,187.98000000,0.09700000,15225,15225,1782925912704721,False,True
14663,187.98000000,0.11400000,15226,15226,1782925919757425,False,True
14664,187.98000000,0.47600000,15227,15227,1782925949913750,False,True
14665,187.79000000,0.03300000,15228,15228,1782926078324279,True,True
14666,188.22000000,0.14000000,15229,15229,1782926205132581,False,True
14667,188.10000000,1.14400000,15230,15230,1782926258870294,False,True
14668,188.17000000,0.16000000,15231,15231,1782926260723884,True,True
14669,188.16000000,0.22900000,15232,15232,1782926260731904,True,True
14670,188.13000000,0.64600000,15233,15233,1782926272834826,True,True
14671,188.10000000,3.20000000,15234,15234,1782926273150550,True,True
14672,188.10000000,6.40000000,15235,15235,1782926273158200,True,True
14673,188.10000000,6.40000000,15236,15236,1782926284514818,True,True
14674,188.10000000,3.24000000,15237,15237,1782926284902745,True,True
14675,188.10000000,0.36000000,15238,15238,1782926284912886,True,True
14676,189.15000000,0.06600000,15239,15239,1782926363120763,False,True
14677,188.78000000,0.10500000,15240,15240,1782926500547911,False,True
14678,189.48000000,0.06400000,15241,15241,1782926538958320,False,True
14679,188.95000000,0.16800000,15242,15242,1782926546613930,False,True
14680,189.21000000,0.26400000,15243,15243,1782926638623280,False,True
14681,188.95000000,0.04000000,15244,15244,1782926676160111,True,True
14682,189.02000000,0.03500000,15245,15245,1782926676503985,False,True
14683,189.02000000,0.03500000,15246,15246,1782926676505261,False,True
14684,189.02000000,0.07100000,15247,15247,1782926676506431,False,True
14685,189.02000000,0.03500000,15248,15248,1782926676507543,False,True
14686,188.95000000,0.04000000,15249,15249,1782926695994169,True,True
14687,189.14000000,0.46400000,15250,15250,1782926725628856,False,True
14688,188.58000000,0.08700000,15251,15251,1782926739796490,True,True
14689,188.63000000,0.07700000,15252,15252,1782926811262213,True,True
14690,189.14000000,0.60600000,15253,15253,1782926868402512,False,True
14691,189.38000000,0.24700000,15254,15254,1782926870485651,False,True
14692,189.39000000,0.00800000,15255,15255,1782926870485651,False,True
14693,188.63000000,0.08700000,15256,15256,1782926962005204,False,True
14694,188.75000000,0.07800000,15257,15257,1782927121340694,False,True
14695,188.57000000,0.10200000,15258,15258,1782927129035281,False,True
14696,188.14000000,0.26800000,15259,15259,1782927348747019,False,True
14697,188.14000000,0.37500000,15260,15260,1782927358238442,False,True
14698,188.11000000,0.18000000,15261,15261,1782927427688029,True,True
14699,188.57000000,0.14500000,15262,15262,1782927582555263,False,True
14700,188.58000000,0.21400000,15263,15263,1782927736387152,False,True
14701,188.59000000,0.19500000,15264,15264,1782927736387152,False,True
14702,188.57000000,0.07600000,15265,15265,1782927740129912,True,True
14703,188.57000000,0.07600000,15266,15266,1782927740130109,True,True
14704,188.57000000,0.07600000,15267,15267,1782927740131015,True,True
14705,188.57000000,0.01500000,15268,15268,1782927779029431,True,True
14706,188.63000000,0.10800000,15269,15269,1782927819350348,False,True
14707,188.56000000,0.27900000,15270,15270,1782927836673799,False,True
14708,188.11000000,1.24500000,15271,15272,1782927991751756,True,True
14709,188.10000000,1.53100000,15273,15273,1782927991751756,True,True
14710,188.10000000,0.70000000,15274,15274,1782927991752037,True,True
14711,188.10000000,2.07600000,15275,15275,1782927991756756,True,True
14712,188.11000000,0.07000000,15276,15276,1782927993972991,True,True
14713,188.33000000,0.08100000,15277,15277,1782927994502370,False,True
14714,188.11000000,0.25200000,15278,15278,1782928003548755,True,True
14715,188.10000000,1.80800000,15279,15279,1782928003548755,True,True
14716,188.10000000,2.77600000,15280,15280,1782928003549568,True,True
14717,188.10000000,0.26000000,15281,15281,1782928003552274,True,True
14718,188.10000000,0.45600000,15282,15282,1782928003552411,True,True
14719,188.10000000,0.16000000,15283,15283,1782928019802491,True,True
14720,188.10000000,0.32000000,15284,15284,1782928019807688,True,True
14721,188.10000000,1.13000000,15285,15285,1782928019812769,True,True
14722,188.10000000,3.20000000,15286,15286,1782928019819004,True,True
14723,188.10000000,6.40000000,15287,15287,1782928019823206,True,True
14724,188.10000000,0.43000000,15288,15288,1782928028430908,True,True
14725,188.10000000,0.71000000,15289,15289,1782928028434001,True,True
14726,188.10000000,0.23000000,15290,15290,1782928028522715,True,True
14727,188.10000000,0.32000000,15291,15291,1782928028646370,True,True
14728,188.10000000,1.13000000,15292,15292,1782928028661048,True,True
14729,188.10000000,3.20000000,15293,15293,1782928029574168,True,True
14730,188.10000000,6.40000000,15294,15294,1782928029638067,True,True
14731,188.10000000,0.32000000,15295,15295,1782928030886559,True,True
14732,188.10000000,0.16000000,15296,15296,1782928031272476,True,True
14733,188.10000000,0.32000000,15297,15297,1782928033344140,True,True
14734,188.10000000,1.13000000,15298,15298,1782928033361682,True,True
14735,188.10000000,3.20000000,15299,15299,1782928033372798,True,True
14736,188.10000000,6.40000000,15300,15300,1782928033986785,True,True
14737,188.10000000,6.40000000,15301,15301,1782928033994788,True,True
14738,188.10000000,6.40000000,15302,15302,1782928034020774,True,True
14739,188.10000000,1.84700000,15303,15303,1782928034031940,True,True
14740,187.90000000,0.03000000,15304,15304,1782928088270545,False,True
14741,188.11000000,0.21100000,15305,15305,1782928214983072,False,True
14742,188.23000000,0.06400000,15306,15306,1782928252991441,False,True
14743,187.54000000,0.07300000,15307,15307,1782928577192148,True,True
14744,187.78000000,0.03100000,15308,15308,1782928590582576,False,True
14745,187.54000000,0.16600000,15309,15309,1782928611299417,True,True
14746,188.34000000,0.03000000,15310,15310,1782928873540376,False,True
14747,188.26000000,0.61400000,15311,15311,1782928907121690,False,True
14748,188.34000000,0.19900000,15312,15312,1782928907121690,False,True
14749,187.98000000,0.15600000,15313,15313,1782928928776045,False,True
14750,188.01000000,0.05400000,15314,15314,1782928987210883,False,True
14751,187.76000000,0.29100000,15315,15315,1782929050526756,False,True
14752,187.79000000,0.43000000,15316,15316,1782929050526756,False,True
14753,187.80000000,0.04100000,15317,15317,1782929050526756,False,True
14754,187.77000000,0.11900000,15318,15318,1782929052711487,False,True
14755,188.91000000,0.20800000,15319,15319,1782929081728131,False,True
14756,187.71000000,0.23300000,15320,15320,1782929112401884,False,True
14757,187.58000000,0.06100000,15321,15321,1782929142297125,True,True
14758,187.56000000,0.07100000,15322,15322,1782929272643935,True,True
14759,188.07000000,0.07000000,15323,15323,1782929280319170,False,True
14760,187.54000000,0.09200000,15324,15324,1782929291236521,True,True
14761,187.86000000,0.11000000,15325,15325,1782929403826150,False,True
14762,187.86000000,1.06400000,15326,15326,1782929404630416,False,True
14763,187.61000000,0.06700000,15327,15327,1782929404862025,True,True
14764,188.95000000,0.17100000,15328,15328,1782929432941170,False,True
14765,187.54000000,0.09700000,15329,15329,1782929501494181,True,True
14766,187.54000000,0.47600000,15330,15330,1782929545192174,True,True
14767,187.54000000,0.07700000,15331,15331,1782929594952129,True,True
14768,189.34000000,0.12800000,15332,15332,1782929632820309,False,True
14769,187.78000000,0.09500000,15333,15333,1782929687991994,False,True
14770,187.62000000,0.06000000,15334,15334,1782929894770072,False,True
14771,187.55000000,0.68200000,15335,15335,1782929917975986,False,True
14772,187.84000000,0.02800000,15336,15336,1782930142082863,False,True
14773,187.73000000,1.41800000,15337,15337,1782930155551236,False,True
14774,187.57000000,0.67900000,15338,15338,1782930187918277,True,True
14775,187.56000000,0.73700000,15339,15339,1782930187918277,True,True
14776,187.88000000,0.33900000,15340,15340,1782930204041345,False,True
14777,187.89000000,1.07300000,15341,15341,1782930204041345,False,True
14778,187.54000000,1.41100000,15342,15343,1782930209285987,True,True
14779,187.61000000,0.07400000,15344,15344,1782930241803874,False,True
14780,187.53000000,0.07200000,15345,15345,1782930326762308,True,True
14781,187.56000000,0.06800000,15346,15346,1782930394988239,True,True
14782,187.53000000,0.06900000,15347,15347,1782930460944243,True,True
14783,187.53000000,1.06200000,15348,15348,1782930491557455,True,True
14784,187.58000000,0.06900000,15349,15349,1782930704310100,False,True
14785,187.57000000,0.06900000,15350,15350,1782930704311496,False,True
14786,187.53000000,0.10200000,15351,15351,1782930731620991,True,True
14787,187.57000000,0.06800000,15352,15352,1782930754180873,False,True
14788,187.54000000,0.26800000,15353,15353,1782930905571346,True,True
14789,187.58000000,0.07900000,15354,15354,1782930917766723,False,True
