33726436,0.08769000,365.20000000,45726474,45726474,1782864002209283,False,True
33726437,0.08765000,149.60000000,45726475,45726475,1782864004213959,True,True
33726438,0.08761000,484.00000000,45726476,45726476,1782864014206541,False,True
33726439,0.08761000,85.70000000,45726477,45726477,1782864026206613,False,True
33726440,0.08762000,85.70000000,45726478,45726478,1782864026206613,False,True
33726441,0.08762000,475.60000000,45726479,45726479,1782864026207753,True,True
33726442,0.08761000,355.00000000,45726480,45726480,1782864038209455,False,True
33726443,0.08761000,581.50000000,45726481,45726481,1782864050206772,False,True
33726444,0.08755000,337.00000000,45726482,45726482,1782864062209649,False,True
33726445,0.08751000,1740.20000000,45726483,45726483,1782864071559634,True,True
33726446,0.08751000,8572.00000000,45726484,45726484,1782864071561840,True,True
33726447,0.08751000,85.70000000,45726485,45726485,1782864071562150,True,True
33726448,0.08751000,11385.60000000,45726486,45726486,1782864071562282,True,True
33726449,0.08751000,800.90000000,45726487,45726487,1782864071563325,True,True
33726450,0.08751000,3271.60000000,45726488,45726488,1782864071563352,True,True
33726451,0.08751000,3236.30000000,45726489,45726490,1782864071563362,True,True
33726452,0.08750000,85.70000000,45726491,45726491,1782864071564955,True,True
33726453,0.08750000,1801.00000000,45726492,45726492,1782864071564958,True,True
33726454,0.08750000,1815.00000000,45726493,45726493,1782864071565063,True,True
33726455,0.08750000,971.00000000,45726494,45726494,1782864071565135,True,True
33726456,0.08750000,830.70000000,45726495,45726496,1782864071566278,True,True
33726457,0.08748000,270.30000000,45726497,45726497,1782864071566278,True,True
33726458,0.08748000,206.00000000,45726498,45726498,1782864071566295,True,True
33726459,0.08748000,1101.00000000,45726499,45726499,1782864071566401,True,True
33726460,0.08751000,412.70000000,45726500,45726501,1782864074207590,False,True
33726461,0.08751000,595.50000000,45726502,45726505,1782864076435650,False,True
33726462,0.08749000,170.00000000,45726506,45726506,1782864077731388,True,True
33726463,0.08752000,85.80000000,45726507,45726507,1782864086207996,False,True
33726464,0.08753000,85.80000000,45726508,45726508,1782864086207996,False,True
33726465,0.08753000,114.00000000,45726509,45726509,1782864086377568,True,True
33726466,0.08753000,67.00000000,45726510,45726510,1782864087499135,True,True
33726467,0.08753000,60.00000000,45726511,45726511,1782864089395069,True,True
33726468,0.08754000,85.80000000,45726512,45726512,1782864110209043,False,True
33726469,0.08755000,875.60000000,45726513,45726515,1782864110209043,False,True
33726470,0.08756000,171.50000000,45726516,45726517,1782864122207715,False,True
33726471,0.08757000,461.10000000,45726518,45726519,1782864122207715,False,True
33726472,0.08757000,740.00000000,45726520,45726520,1782864134207850,False,True
33726473,0.08755000,560.20000000,45726521,45726521,1782864146209156,False,True
33726474,0.08751000,311.00000000,45726522,45726522,1782864146383957,True,True
33726475,0.08751000,107.00000000,45726523,45726523,1782864146384184,True,True
33726476,0.08751000,311.00000000,45726524,45726524,1782864146384328,True,True
33726477,0.08753000,252.10000000,45726525,45726528,1782864158206793,False,True
33726478,0.08751000,452.60000000,45726529,45726529,1782864170206825,False,True
33726479,0.08749000,1086.00000000,45726530,45726530,1782864180653167,True,True
33726480,0.08751000,385.70000000,45726531,45726531,1782864182207459,False,True
33726481,0.08749000,593.00000000,45726532,45726532,1782864183834618,True,True
33726482,0.08749000,25447.40000000,45726533,45726533,1782864187839592,True,True
33726483,0.08746000,6895.00000000,45726534,45726535,1782864187840899,True,True
33726484,0.08746000,567.00000000,45726536,45726536,1782864187842104,True,True
33726485,0.08749000,302.50000000,45726537,45726537,1782864194206038,False,True
33726486,0.08749000,834.30000000,45726538,45726538,1782864206211621,False,True
33726487,0.08747000,394.60000000,45726539,45726539,1782864218205000,False,True
33726488,0.08748000,85.80000000,45726540,45726540,1782864230206502,False,True
33726489,0.08749000,85.80000000,45726541,45726541,1782864230206502,False,True
33726490,0.08749000,59.00000000,45726542,45726542,1782864230224026,True,True
33726491,0.08749000,59.00000000,45726543,45726543,1782864231103467,True,True
33726492,0.08749000,92.00000000,45726544,45726544,1782864231410344,True,True
33726493,0.08750000,85.80000000,45726545,45726545,1782864254207025,False,True
33726494,0.08751000,85.80000000,45726546,45726546,1782864254207025,False,True
33726495,0.08751000,87.00000000,45726547,45726547,1782864258477067,True,True
33726496,0.08751000,70.00000000,45726548,45726548,1782864258985450,True,True
33726497,0.08751000,70.00000000,45726549,45726549,1782864258985559,True,True
33726498,0.08751000,70.00000000,45726550,45726550,1782864258985964,True,True
33726499,0.08750000,426.30000000,45726551,45726551,1782864292427301,False,True
33726500,0.08749000,279.10000000,45726552,45726553,1782864302226040,False,True
33726501,0.08747000,665.00000000,45726554,45726554,1782864304343919,True,True
33726502,0.08747000,665.00000000,45726555,45726555,1782864304344119,True,True
33726503,0.08747000,227.00000000,45726556,45726556,1782864304344157,True,True
33726504,0.08747000,229.00000000,45726557,45726557,1782864304344515,True,True
33726505,0.08747000,229.00000000,45726558,45726558,1782864304345150,True,True
33726506,0.08747000,229.00000000,45726559,45726559,1782864304365777,True,True
33726507,0.08749000,452.30000000,45726560,45726562,1782864314207736,False,True
33726508,0.08749000,449.40000000,45726563,45726565,1782864326205624,False,True
33726509,0.08749000,338.90000000,45726566,45726567,1782864338206215,False,True
33726510,0.08750000,460.10000000,45726568,45726570,1782864350205795,False,True
33726511,0.08747000,425.90000000,45726571,45726571,1782864353585044,True,True
33726512,0.08751000,321.90000000,45726572,45726574,1782864362206547,False,True
33726513,0.08751000,329.70000000,45726575,45726576,1782864374205779,False,True
33726514,0.08746000,12945.90000000,45726577,45726577,1782864376015367,True,True
33726515,0.08746000,9052.60000000,45726578,45726578,1782864376017271,True,True
33726516,0.08746000,13955.20000000,45726579,45726579,1782864376017395,True,True
33726517,0.08745000,149.90000000,45726580,45726580,1782864376021537,True,True
33726518,0.08744000,79.10000000,45726581,45726581,1782864376021537,True,True
33726519,0.08744000,229.00000000,45726582,45726582,1782864376049947,True,True
33726520,0.08744000,14278.80000000,45726583,45726583,1782864379617936,True,True
33726521,0.08744000,229.00000000,45726584,45726584,1782864379617940,True,True
33726522,0.08744000,229.00000000,45726585,45726585,1782864379618122,True,True
33726523,0.08744000,229.00000000,45726586,45726586,1782864379618181,True,True
33726524,0.08744000,229.00000000,45726587,45726587,1782864379618186,True,True
33726525,0.08744000,229.00000000,45726588,45726588,1782864379618218,True,True
33726526,0.08744000,229.00000000,45726589,45726589,1782864379618347,True,True
33726527,0.08744000,229.00000000,45726590,45726590,1782864379618353,True,True
33726528,0.08744000,229.00000000,45726591,45726591,1782864379618370,True,True
33726529,0.08744000,229.00000000,45726592,45726592,1782864379618375,True,True
33726530,0.08744000,229.00000000,45726593,45726593,1782864379618458,True,True
33726531,0.08744000,229.00000000,45726594,45726594,1782864379618530,True,True
33726532,0.08744000,229.00000000,45726595,45726595,1782864379618574,True,True
33726533,0.08744000,10431.60000000,45726596,45726596,1782864379618926,True,True
33726534,0.08744000,229.00000000,45726597,45726597,1782864379619082,True,True
33726535,0.08744000,229.00000000,45726598,45726598,1782864379619302,True,True
33726536,0.08744000,229.00000000,45726599,45726599,1782864379619421,True,True
33726537,0.08744000,752.60000000,45726600,45726600,1782864379619525,True,True
33726538,0.08742000,85.80000000,45726601,45726601,1782864379619650,True,True
33726539,0.08741000,143.20000000,45726602,45726602,1782864379619650,True,True
33726540,0.08741000,322.00000000,45726603,45726603,1782864379620649,True,True
33726541,0.08741000,878.00000000,45726604,45726604,1782864379621015,True,True
33726542,0.08741000,1026.00000000,45726605,45726605,1782864379621091,True,True
33726543,0.08741000,1530.00000000,45726606,45726606,1782864379621114,True,True
33726544,0.08741000,161.00000000,45726607,45726607,1782864379621483,True,True
33726545,0.08741000,161.00000000,45726608,45726608,1782864379621736,True,True
33726546,0.08741000,127.00000000,45726609,45726609,1782864379621912,True,True
33726547,0.08741000,229.00000000,45726610,45726610,1782864379634336,True,True
33726548,0.08741000,229.00000000,45726611,45726611,1782864379635757,True,True
33726549,0.08741000,229.00000000,45726612,45726612,1782864379635871,True,True
33726550,0.08741000,229.00000000,45726613,45726613,1782864379639077,True,True
33726551,0.08741000,229.00000000,45726614,45726614,1782864379639654,True,True
33726552,0.08741000,229.00000000,45726615,45726615,1782864379640705,True,True
33726553,0.08741000,229.00000000,45726616,45726616,1782864379640984,True,True
33726554,0.08741000,229.00000000,45726617,45726617,1782864379642118,True,True
33726555,0.08739000,679.80000000,45726618,45726620,1782864386205588,False,True
33726556,0.08739000,465.20000000,45726621,45726623,1782864387772575,False,True
33726557,0.08740000,543.90000000,45726624,45726626,1782864387772575,False,True
33726558,0.08741000,4019.50000000,45726627,45726628,1782864387772575,False,True
33726559,0.08742000,5300.60000000,45726629,45726629,1782864387772575,False,True
33726560,0.08738000,1286.20000000,45726630,45726630,1782864390983363,True,True
33726561,0.08738000,229.00000000,45726631,45726631,1782864390986430,True,True
33726562,0.08738000,229.00000000,45726632,45726632,1782864390986601,True,True
33726563,0.08738000,6900.00000000,45726633,45726633,1782864390986675,True,True
33726564,0.08738000,229.00000000,45726634,45726634,1782864390986706,True,True
33726565,0.08738000,229.00000000,45726635,45726635,1782864390986749,True,True
33726566,0.08738000,229.00000000,45726636,45726636,1782864390986765,True,True
33726567,0.08738000,229.00000000,45726637,45726637,1782864390986787,True,True
33726568,0.08738000,229.00000000,45726638,45726638,1782864390986808,True,True
33726569,0.08738000,229.00000000,45726639,45726639,1782864390986821,True,True
33726570,0.08738000,229.00000000,45726640,45726640,1782864390986845,True,True
33726571,0.08738000,229.00000000,45726641,45726641,1782864390986876,True,True
33726572,0.08738000,3706.80000000,45726642,45726642,1782864390986889,True,True
33726573,0.08738000,229.00000000,45726643,45726643,1782864390986895,True,True
33726574,0.08738000,836.10000000,45726644,45726644,1782864390986929,True,True
33726575,0.08738000,229.00000000,45726645,45726645,1782864390986950,True,True
33726576,0.08738000,229.00000000,45726646,45726646,1782864390987102,True,True
33726577,0.08738000,229.00000000,45726647,45726647,1782864390987116,True,True
33726578,0.08738000,229.00000000,45726648,45726648,1782864390987195,True,True
33726579,0.08738000,229.00000000,45726649,45726649,1782864390987265,True,True
33726580,0.08738000,2825.00000000,45726650,45726650,1782864390988293,True,True
33726581,0.08738000,229.00000000,45726651,45726651,1782864391005744,True,True
33726582,0.08738000,229.00000000,45726652,45726652,1782864391005796,True,True
33726583,0.08738000,229.00000000,45726653,45726653,1782864391006116,True,True
33726584,0.08738000,229.00000000,45726654,45726654,1782864391006204,True,True
33726585,0.08738000,12123.90000000,45726655,45726655,1782864391007575,True,True
33726586,0.08738000,229.00000000,45726656,45726656,1782864391007835,True,True
33726587,0.08738000,72.00000000,45726657,45726657,1782864391008021,True,True
33726588,0.08738000,229.00000000,45726658,45726658,1782864391008853,True,True
33726589,0.08738000,6900.00000000,45726659,45726659,1782864391008893,True,True
33726590,0.08738000,229.00000000,45726660,45726660,1782864391009067,True,True
33726591,0.08738000,1427.80000000,45726661,45726661,1782864391010296,True,True
33726592,0.08738000,871.70000000,45726662,45726662,1782864391010667,True,True
33726593,0.08739000,455.00000000,45726663,45726664,1782864398206354,False,True
33726594,0.08739000,461.00000000,45726665,45726667,1782864410206376,False,True
33726595,0.08740000,40.10000000,45726668,45726668,1782864410206376,False,True
33726596,0.08740000,245.40000000,45726669,45726669,1782864422207016,False,True
33726597,0.08740000,453.00000000,45726670,45726670,1782864434207273,False,True
33726598,0.08738000,99.00000000,45726671,45726671,1782864434996271,True,True
33726599,0.08740000,4065.80000000,45726672,45726672,1782864446208003,False,True
33726600,0.08740000,2255.80000000,45726673,45726673,1782864458210061,False,True
33726601,0.08740000,4665.90000000,45726674,45726694,1782864458212611,False,True
33726602,0.08741000,772.90000000,45726695,45726698,1782864458212611,False,True
33726603,0.08742000,772.90000000,45726699,45726702,1782864470207440,False,True
33726604,0.08743000,85.90000000,45726703,45726703,1782864470207440,False,True
33726605,0.08743000,2920.70000000,45726704,45726704,1782864470208845,True,True
33726606,0.08743000,2055.00000000,45726705,45726705,1782864482209849,False,True
33726607,0.08743000,2109.10000000,45726706,45726706,1782864494207143,False,True
33726608,0.08743000,291.90000000,45726707,45726707,1782864506208724,False,True
33726609,0.08744000,146.20000000,45726708,45726709,1782864518207550,False,True
33726610,0.08744000,271.80000000,45726710,45726711,1782864530206345,False,True
33726611,0.08744000,225.60000000,45726712,45726713,1782864542207220,False,True
33726612,0.08744000,229.00000000,45726714,45726714,1782864554206226,False,True
33726613,0.08745000,83.30000000,45726715,45726715,1782864554206226,False,True
33726614,0.08745000,2.50000000,45726716,45726716,1782864566206672,False,True
33726615,0.08746000,235.80000000,45726717,45726718,1782864566206672,False,True
33726616,0.08746000,175.20000000,45726719,45726719,1782864572119384,True,True
33726617,0.08744000,85.80000000,45726720,45726720,1782864572119384,True,True
33726618,0.08743000,85.80000000,45726721,45726721,1782864572119384,True,True
33726619,0.08742000,1481.10000000,45726722,45726722,1782864572119384,True,True
33726620,0.08742000,71.40000000,45726723,45726723,1782864572122211,True,True
33726621,0.08741000,157.60000000,45726724,45726724,1782864572122211,True,True
33726622,0.08741000,229.00000000,45726725,45726725,1782864572122450,True,True
33726623,0.08741000,229.00000000,45726726,45726726,1782864572122502,True,True
33726624,0.08741000,85.80000000,45726727,45726727,1782864572122639,True,True
33726625,0.08740000,143.20000000,45726728,45726728,1782864572122639,True,True
33726626,0.08740000,229.00000000,45726729,45726729,1782864572122714,True,True
33726627,0.08740000,229.00000000,45726730,45726730,1782864572122872,True,True
33726628,0.08740000,229.00000000,45726731,45726731,1782864572123059,True,True
33726629,0.08740000,229.00000000,45726732,45726732,1782864572123065,True,True
33726630,0.08740000,229.00000000,45726733,45726733,1782864572123199,True,True
33726631,0.08740000,229.00000000,45726734,45726735,1782864572123325,True,True
33726632,0.08740000,85.80000000,45726736,45726736,1782864572123924,True,True
33726633,0.08739000,143.20000000,45726737,45726737,1782864572123924,True,True
33726634,0.08739000,229.00000000,45726738,45726738,1782864572138666,True,True
33726635,0.08739000,229.00000000,45726739,45726739,1782864572139894,True,True
33726636,0.08739000,229.00000000,45726740,45726740,1782864572140334,True,True
33726637,0.08739000,229.00000000,45726741,45726741,1782864572140592,True,True
33726638,0.08739000,229.00000000,45726742,45726742,1782864572141776,True,True
33726639,0.08739000,229.00000000,45726743,45726743,1782864572142124,True,True
33726640,0.08739000,229.00000000,45726744,45726744,1782864572142373,True,True
33726641,0.08746000,214.30000000,45726745,45726746,1782864578222316,False,True
33726642,0.08746000,400.20000000,45726747,45726749,1782864590205111,False,True
33726643,0.08747000,330.50000000,45726750,45726752,1782864602206280,False,True
33726644,0.08747000,324.10000000,45726753,45726754,1782864614205309,False,True
33726645,0.08738000,28016.90000000,45726755,45726756,1782864623994806,True,True
33726646,0.08735000,2177.00000000,45726757,45726757,1782864623994856,True,True
33726647,0.08735000,2056.60000000,45726758,45726758,1782864623994952,True,True
33726648,0.08735000,25039.90000000,45726759,45726760,1782864623995053,True,True
33726649,0.08732000,85.80000000,45726761,45726761,1782864623995094,True,True
33726650,0.08730000,85.90000000,45726762,45726762,1782864623995218,True,True
33726651,0.08729000,2315.10000000,45726763,45726764,1782864623995553,True,True
33726652,0.08729000,19990.40000000,45726765,45726765,1782864623996033,True,True
33726653,0.08729000,3032.30000000,45726766,45726767,1782864623996096,True,True
33726654,0.08736000,351.00000000,45726768,45726768,1782864623996147,True,True
33726655,0.08737000,702.00000000,45726769,45726770,1782864623996335,True,True
33726656,0.08736000,351.00000000,45726771,45726771,1782864623996498,True,True
33726657,0.08719000,7410.60000000,45726772,45726772,1782864623997727,True,True
33726658,0.08718000,4397.10000000,45726773,45726773,1782864623997727,True,True
33726659,0.08716000,7410.60000000,45726774,45726774,1782864623997727,True,True
33726660,0.08715000,743.30000000,45726775,45726775,1782864623997727,True,True
33726661,0.08723000,7840.10000000,45726776,45726779,1782864623998715,False,True
33726662,0.08720000,1279.00000000,45726780,45726780,1782864624000099,False,True
33726663,0.08716000,536.00000000,45726781,45726781,1782864624000250,True,True
33726664,0.08716000,1016.50000000,45726782,45726782,1782864624000527,True,True
33726665,0.08715000,1450.50000000,45726783,45726783,1782864624000527,True,True
33726666,0.08715000,230.00000000,45726784,45726784,1782864624000807,True,True
33726667,0.08720000,1034.00000000,45726785,45726785,1782864624001170,False,True
33726668,0.08715000,230.00000000,45726786,45726786,1782864624001381,True,True
33726669,0.08715000,230.00000000,45726787,45726787,1782864624001435,True,True
33726670,0.08716000,230.00000000,45726788,45726788,1782864624001814,True,True
33726671,0.08716000,1147.00000000,45726789,45726789,1782864624002037,True,True
33726672,0.08716000,58.00000000,45726790,45726790,1782864624002858,True,True
33726673,0.08716000,536.00000000,45726791,45726791,1782864624003770,True,True
33726674,0.08717000,1034.00000000,45726792,45726792,1782864624005476,False,True
33726675,0.08716000,58.00000000,45726793,45726793,1782864624006512,True,True
33726676,0.08717000,714.00000000,45726794,45726795,1782864624006890,False,True
33726677,0.08716000,536.00000000,45726796,45726796,1782864624007061,True,True
33726678,0.08716000,1147.00000000,45726797,45726797,1782864624007271,True,True
33726679,0.08717000,1034.00000000,45726798,45726798,1782864624007369,False,True
33726680,0.08717000,127.00000000,45726799,45726799,1782864624007482,False,True
33726681,0.08717000,560.00000000,45726800,45726800,1782864624008192,False,True
33726682,0.08717000,1161.00000000,45726801,45726802,1782864624008556,False,True
33726683,0.08717000,102.00000000,45726803,45726803,1782864624008663,False,True
33726684,0.08717000,732.00000000,45726804,45726804,1782864624009068,False,True
33726685,0.08717000,415.00000000,45726805,45726805,1782864624009087,False,True
33726686,0.08716000,4906.00000000,45726806,45726806,1782864624010206,True,True
33726687,0.08716000,9812.00000000,45726807,45726807,1782864624011162,True,True
33726688,0.08716000,4584.00000000,45726808,45726808,1782864624011239,True,True
33726689,0.08716000,536.00000000,45726809,45726809,1782864624012900,True,True
33726690,0.08716000,60.00000000,45726810,45726810,1782864624014504,True,True
33726691,0.08716000,536.00000000,45726811,45726811,1782864624015750,True,True
33726692,0.08716000,230.00000000,45726812,45726812,1782864624081511,True,True
33726693,0.08716000,230.00000000,45726813,45726813,1782864624081547,True,True
33726694,0.08716000,230.00000000,45726814,45726814,1782864624081584,True,True
33726695,0.08716000,230.00000000,45726815,45726815,1782864624081663,True,True
33726696,0.08716000,230.00000000,45726816,45726816,1782864624081669,True,True
33726697,0.08716000,230.00000000,45726817,45726817,1782864624081684,True,True
33726698,0.08716000,230.00000000,45726818,45726818,1782864624081712,True,True
33726699,0.08716000,230.00000000,45726819,45726819,1782864624081717,True,True
33726700,0.08716000,230.00000000,45726820,45726820,1782864624081828,True,True
33726701,0.08716000,230.00000000,45726821,45726821,1782864624081832,True,True
33726702,0.08716000,222.00000000,45726822,45726822,1782864624081905,True,True
33726703,0.08715000,8.00000000,45726823,45726823,1782864624081905,True,True
33726704,0.08715000,230.00000000,45726824,45726824,1782864624081911,True,True
33726705,0.08715000,230.00000000,45726825,45726825,1782864624082093,True,True
33726706,0.08715000,230.00000000,45726826,45726826,1782864624082133,True,True
33726707,0.08715000,505.00000000,45726827,45726827,1782864624085753,True,True
33726708,0.08717000,74.00000000,45726828,45726828,1782864624098347,True,True
33726709,0.08715000,156.00000000,45726829,45726829,1782864624098347,True,True
33726710,0.08715000,230.00000000,45726830,45726830,1782864624099186,True,True
33726711,0.08715000,230.00000000,45726831,45726831,1782864624099989,True,True
33726712,0.08715000,230.00000000,45726832,45726832,1782864624100326,True,True
33726713,0.08715000,230.00000000,45726833,45726833,1782864624100612,True,True
33726714,0.08720000,3061.00000000,45726834,45726839,1782864624159712,False,True
33726715,0.08721000,8801.60000000,45726840,45726847,1782864624159712,False,True
33726716,0.08722000,5337.40000000,45726848,45726858,1782864624159712,False,True
33726717,0.08720000,5111.00000000,45726859,45726859,1782864624502342,False,True
33726718,0.08721000,12089.00000000,45726860,45726891,1782864624502342,False,True
33726719,0.08721000,5124.10000000,45726892,45726914,1782864625721454,False,True
33726720,0.08722000,4079.10000000,45726915,45726916,1782864625721454,False,True
33726721,0.08723000,13376.90000000,45726917,45726919,1782864625721454,False,True
33726722,0.08724000,1724.70000000,45726920,45726922,1782864625721454,False,True
33726723,0.08725000,607.00000000,45726923,45726923,1782864625721454,False,True
33726724,0.08722000,306.60000000,45726924,45726924,1782864626205245,False,True
33726725,0.08718000,2155.50000000,45726925,45726926,1782864627518334,True,True
33726726,0.08717000,86.10000000,45726927,45726927,1782864627518334,True,True
33726727,0.08716000,727.30000000,45726928,45726928,1782864627518334,True,True
33726728,0.08721000,74.00000000,45726929,45726929,1782864633355205,False,True
33726729,0.08722000,5793.60000000,45726930,45726936,1782864633355205,False,True
33726730,0.08723000,11558.40000000,45726937,45726970,1782864633355205,False,True
33726731,0.08724000,9407.90000000,45726971,45726974,1782864633355205,False,True
33726732,0.08725000,3107.30000000,45726975,45726976,1782864633355205,False,True
33726733,0.08726000,12788.80000000,45726977,45726979,1782864633355205,False,True
33726734,0.08727000,8936.40000000,45726980,45726982,1782864633355205,False,True
33726735,0.08728000,4380.10000000,45726983,45726986,1782864633355205,False,True
33726736,0.08729000,1300.60000000,45726987,45726988,1782864633355205,False,True
33726737,0.08727000,2324.70000000,45726989,45726989,1782864636381659,False,True
33726738,0.08728000,10986.50000000,45726990,45727024,1782864636381659,False,True
33726739,0.08729000,10427.20000000,45727025,45727027,1782864636381659,False,True
33726740,0.08730000,4571.50000000,45727028,45727029,1782864636381659,False,True
33726741,0.08731000,1638.60000000,45727030,45727031,1782864636381659,False,True
33726742,0.08732000,10662.50000000,45727032,45727035,1782864636381659,False,True
33726743,0.08733000,5258.50000000,45727036,45727039,1782864636381659,False,True
33726744,0.08727000,452.00000000,45727040,45727040,1782864637178461,True,True
33726745,0.08732000,165.80000000,45727041,45727041,1782864638205403,False,True
33726746,0.08727000,649.30000000,45727042,45727042,1782864638206606,True,True
33726747,0.08727000,451.10000000,45727043,45727043,1782864639188354,True,True
33726748,0.08726000,845.10000000,45727044,45727044,1782864640153338,True,True
33726749,0.08726000,412.30000000,45727045,45727045,1782864640705804,True,True
33726750,0.08726000,854.90000000,45727046,45727046,1782864640707441,True,True
33726751,0.08726000,230.00000000,45727047,45727047,1782864640707789,True,True
33726752,0.08726000,230.00000000,45727048,45727048,1782864640707847,True,True
33726753,0.08726000,230.00000000,45727049,45727049,1782864640707878,True,True
33726754,0.08726000,230.00000000,45727050,45727050,1782864640707896,True,True
33726755,0.08726000,230.00000000,45727051,45727051,1782864640708038,True,True
33726756,0.08726000,230.00000000,45727052,45727052,1782864640708049,True,True
33726757,0.08726000,230.00000000,45727053,45727053,1782864640708055,True,True
33726758,0.08726000,230.00000000,45727054,45727054,1782864640708207,True,True
33726759,0.08726000,230.00000000,45727055,45727055,1782864640708376,True,True
33726760,0.08726000,230.00000000,45727056,45727056,1782864640708381,True,True
33726761,0.08726000,230.00000000,45727057,45727057,1782864640708629,True,True
33726762,0.08726000,230.00000000,45727058,45727058,1782864640708698,True,True
33726763,0.08726000,230.00000000,45727059,45727059,1782864640708821,True,True
33726764,0.08726000,230.00000000,45727060,45727060,1782864640708898,True,True
33726765,0.08726000,230.00000000,45727061,45727061,1782864640708941,True,True
33726766,0.08726000,230.00000000,45727062,45727062,1782864640708944,True,True
33726767,0.08726000,1140.10000000,45727063,45727063,1782864640708985,True,True
33726768,0.08726000,665.20000000,45727064,45727064,1782864640711527,True,True
33726769,0.08726000,230.00000000,45727065,45727065,1782864640729032,True,True
33726770,0.08726000,230.00000000,45727066,45727066,1782864640729705,True,True
33726771,0.08726000,230.00000000,45727067,45727067,1782864640730630,True,True
33726772,0.08726000,230.00000000,45727068,45727068,1782864640730777,True,True
33726773,0.08725000,230.00000000,45727069,45727070,1782864642320140,True,True
33726774,0.08725000,230.00000000,45727071,45727071,1782864642320253,True,True
33726775,0.08725000,230.00000000,45727072,45727072,1782864642320298,True,True
33726776,0.08725000,230.00000000,45727073,45727073,1782864642320320,True,True
33726777,0.08725000,230.00000000,45727074,45727074,1782864642320325,True,True
33726778,0.08725000,230.00000000,45727075,45727075,1782864642320341,True,True
33726779,0.08725000,230.00000000,45727076,45727076,1782864642320358,True,True
33726780,0.08725000,230.00000000,45727077,45727077,1782864642320418,True,True
33726781,0.08725000,230.00000000,45727078,45727078,1782864642320423,True,True
33726782,0.08725000,230.00000000,45727079,45727079,1782864642320427,True,True
33726783,0.08725000,230.00000000,45727080,45727080,1782864642320495,True,True
33726784,0.08725000,230.00000000,45727081,45727081,1782864642320526,True,True
33726785,0.08725000,230.00000000,45727082,45727082,1782864642320555,True,True
33726786,0.08725000,230.00000000,45727083,45727083,1782864642320698,True,True
33726787,0.08725000,230.00000000,45727084,45727084,1782864642320830,True,True
33726788,0.08725000,230.00000000,45727085,45727085,1782864642320885,True,True
33726789,0.08725000,230.00000000,45727086,45727086,1782864642321086,True,True
33726790,0.08725000,230.00000000,45727087,45727087,1782864642321289,True,True
33726791,0.08725000,230.00000000,45727088,45727088,1782864642321387,True,True
33726792,0.08725000,230.00000000,45727089,45727089,1782864642321433,True,True
33726793,0.08725000,230.00000000,45727090,45727090,1782864642321459,True,True
33726794,0.08724000,86.00000000,45727091,45727091,1782864642321477,True,True
33726795,0.08723000,144.00000000,45727092,45727092,1782864642321477,True,True
33726796,0.08723000,230.00000000,45727093,45727093,1782864642321509,True,True
33726797,0.08723000,230.00000000,45727094,45727094,1782864642321793,True,True
33726798,0.08723000,86.00000000,45727095,45727095,1782864642323433,True,True
33726799,0.08722000,1006.00000000,45727096,45727096,1782864642323433,True,True
33726800,0.08722000,1092.00000000,45727097,45727097,1782864642323634,True,True
33726801,0.08722000,570.60000000,45727098,45727099,1782864642324046,True,True
33726802,0.08721000,521.40000000,45727100,45727100,1782864642324046,True,True
33726803,0.08721000,1092.00000000,45727101,45727102,1782864642325146,True,True
33726804,0.08721000,25.10000000,45727103,45727103,1782864642337706,True,True
33726805,0.08720000,204.90000000,45727104,45727104,1782864642337706,True,True
33726806,0.08720000,230.00000000,45727105,45727105,1782864642337808,True,True
33726807,0.08720000,230.00000000,45727106,45727106,1782864642339086,True,True
33726808,0.08720000,230.00000000,45727107,45727107,1782864642339262,True,True
33726809,0.08720000,230.00000000,45727108,45727108,1782864642340611,True,True
33726810,0.08720000,230.00000000,45727109,45727109,1782864642342125,True,True
33726811,0.08720000,172.00000000,45727110,45727111,1782864644196872,True,True
33726812,0.08719000,172.00000000,45727112,45727112,1782864644196872,True,True
33726813,0.08724000,3613.50000000,45727113,45727122,1782864648258519,False,True
33726814,0.08725000,1867.50000000,45727123,45727125,1782864648258519,False,True
33726815,0.08726000,5594.00000000,45727126,45727150,1782864648258519,False,True
33726816,0.08727000,1638.50000000,45727151,45727152,1782864648258519,False,True
33726817,0.08728000,2465.80000000,45727153,45727153,1782864648258519,False,True
33726818,0.08723000,950.00000000,45727154,45727154,1782864648271355,True,True
33726819,0.08726000,309.80000000,45727155,45727155,1782864650204774,False,True
33726820,0.08723000,777.10000000,45727156,45727156,1782864650223232,True,True
33726821,0.08723000,643.00000000,45727157,45727157,1782864651597896,True,True
33726822,0.08722000,86.00000000,45727158,45727158,1782864651640311,True,True
33726823,0.08721000,557.00000000,45727159,45727159,1782864651640311,True,True
33726824,0.08726000,282.10000000,45727160,45727160,1782864662207036,False,True
33726825,0.08725000,2723.10000000,45727161,45727161,1782864663865040,True,True
33726826,0.08725000,230.00000000,45727162,45727162,1782864668434634,True,True
33726827,0.08725000,230.00000000,45727163,45727163,1782864668434659,True,True
33726828,0.08725000,230.00000000,45727164,45727164,1782864668434764,True,True
33726829,0.08725000,230.00000000,45727165,45727165,1782864668434767,True,True
33726830,0.08725000,230.00000000,45727166,45727166,1782864668434783,True,True
33726831,0.08725000,230.00000000,45727167,45727167,1782864668434819,True,True
33726832,0.08725000,230.00000000,45727168,45727168,1782864668434830,True,True
33726833,0.08725000,230.00000000,45727169,45727169,1782864668434920,True,True
33726834,0.08725000,230.00000000,45727170,45727170,1782864668434924,True,True
33726835,0.08725000,230.00000000,45727171,45727171,1782864668434947,True,True
33726836,0.08725000,230.00000000,45727172,45727172,1782864668435030,True,True
33726837,0.08725000,230.00000000,45727173,45727173,1782864668435058,True,True
33726838,0.08725000,230.00000000,45727174,45727174,1782864668435107,True,True
33726839,0.08725000,230.00000000,45727175,45727175,1782864668435126,True,True
33726840,0.08725000,230.00000000,45727176,45727176,1782864668435151,True,True
33726841,0.08725000,230.00000000,45727177,45727177,1782864668435192,True,True
33726842,0.08725000,230.00000000,45727178,45727178,1782864668435216,True,True
33726843,0.08725000,230.00000000,45727179,45727179,1782864668435266,True,True
33726844,0.08725000,230.00000000,45727180,45727180,1782864668435582,True,True
33726845,0.08725000,230.00000000,45727181,45727181,1782864668435621,True,True
33726846,0.08725000,230.00000000,45727182,45727182,1782864668435702,True,True
33726847,0.08725000,230.00000000,45727183,45727183,1782864668435716,True,True
33726848,0.08725000,11689.30000000,45727184,45727184,1782864668435874,True,True
33726849,0.08725000,230.00000000,45727185,45727185,1782864668435887,True,True
33726850,0.08725000,230.00000000,45727186,45727186,1782864668436142,True,True
33726851,0.08725000,6147.70000000,45727187,45727187,1782864668437115,True,True
33726852,0.08725000,4368.50000000,45727188,45727188,1782864668438180,True,True
33726853,0.08724000,86.00000000,45727189,45727189,1782864668439977,True,True
33726854,0.08723000,4493.00000000,45727190,45727192,1782864668439977,True,True
33726855,0.08723000,1434.80000000,45727193,45727193,1782864668440114,True,True
33726856,0.08722000,87.20000000,45727194,45727194,1782864668440114,True,True
33726857,0.08722000,3057.00000000,45727195,45727195,1782864668440419,True,True
33726858,0.08722000,2150.00000000,45727196,45727196,1782864668440572,True,True
33726859,0.08722000,230.00000000,45727197,45727197,1782864668454903,True,True
33726860,0.08722000,230.00000000,45727198,45727198,1782864668455082,True,True
33726861,0.08722000,230.00000000,45727199,45727199,1782864668455998,True,True
33726862,0.08722000,230.00000000,45727200,45727200,1782864668456178,True,True
33726863,0.08722000,230.00000000,45727201,45727201,1782864668457176,True,True
33726864,0.08722000,230.00000000,45727202,45727202,1782864668457570,True,True
33726865,0.08724000,572.70000000,45727203,45727203,1782864672788140,False,True
33726866,0.08724000,401.10000000,45727204,45727204,1782864674208348,False,True
33726867,0.08722000,230.00000000,45727205,45727206,1782864681899660,True,True
33726868,0.08722000,133.00000000,45727207,45727207,1782864681899807,True,True
33726869,0.08722000,230.00000000,45727208,45727208,1782864681899871,True,True
33726870,0.08722000,230.00000000,45727209,45727209,1782864681902119,True,True
33726871,0.08722000,230.00000000,45727210,45727210,1782864681902169,True,True
33726872,0.08722000,230.00000000,45727211,45727211,1782864681902182,True,True
33726873,0.08722000,230.00000000,45727212,45727212,1782864681902187,True,True
33726874,0.08722000,230.00000000,45727213,45727213,1782864681902196,True,True
33726875,0.08722000,230.00000000,45727214,45727214,1782864681902267,True,True
33726876,0.08722000,230.00000000,45727215,45727215,1782864681902286,True,True
33726877,0.08722000,230.00000000,45727216,45727216,1782864681902297,True,True
33726878,0.08722000,230.00000000,45727217,45727217,1782864681902322,True,True
33726879,0.08722000,230.00000000,45727218,45727218,1782864681902329,True,True
33726880,0.08722000,230.00000000,45727219,45727219,1782864681902384,True,True
33726881,0.08722000,230.00000000,45727220,45727220,1782864681902390,True,True
33726882,0.08722000,230.00000000,45727221,45727221,1782864681902401,True,True
33726883,0.08722000,97.00000000,45727222,45727222,1782864681902442,True,True
33726884,0.08722000,230.00000000,45727223,45727223,1782864681902446,True,True
33726885,0.08722000,230.00000000,45727224,45727224,1782864681902449,True,True
33726886,0.08722000,230.00000000,45727225,45727225,1782864681902501,True,True
33726887,0.08722000,230.00000000,45727226,45727226,1782864681902518,True,True
33726888,0.08722000,230.00000000,45727227,45727227,1782864681902583,True,True
33726889,0.08722000,230.00000000,45727228,45727228,1782864681902601,True,True
33726890,0.08722000,230.00000000,45727229,45727229,1782864681902647,True,True
33726891,0.08722000,230.00000000,45727230,45727230,1782864681902653,True,True
33726892,0.08722000,11237.10000000,45727231,45727231,1782864681905096,True,True
33726893,0.08722000,230.00000000,45727232,45727232,1782864681922282,True,True
33726894,0.08722000,230.00000000,45727233,45727233,1782864681923772,True,True
33726895,0.08722000,230.00000000,45727234,45727234,1782864681924685,True,True
33726896,0.08722000,230.00000000,45727235,45727235,1782864681934047,True,True
33726897,0.08722000,230.00000000,45727236,45727236,1782864681938820,True,True
33726898,0.08722000,230.00000000,45727237,45727237,1782864681945562,True,True
33726899,0.08721000,86.00000000,45727238,45727238,1782864686162294,True,True
33726900,0.08720000,83.00000000,45727239,45727239,1782864686162294,True,True
33726901,0.08720000,230.00000000,45727240,45727240,1782864686162720,True,True
33726902,0.08720000,230.00000000,45727241,45727241,1782864686164803,True,True
33726903,0.08720000,61.00000000,45727242,45727242,1782864686164858,True,True
33726904,0.08720000,230.00000000,45727243,45727243,1782864686165135,True,True
33726905,0.08720000,230.00000000,45727244,45727244,1782864686165165,True,True
33726906,0.08720000,230.00000000,45727245,45727245,1782864686165180,True,True
33726907,0.08720000,230.00000000,45727246,45727246,1782864686165266,True,True
33726908,0.08720000,230.00000000,45727247,45727247,1782864686165311,True,True
33726909,0.08720000,230.00000000,45727248,45727248,1782864686165551,True,True
33726910,0.08720000,230.00000000,45727249,45727249,1782864686165583,True,True
33726911,0.08720000,214.80000000,45727250,45727252,1782864686165669,True,True
33726912,0.08719000,15.20000000,45727253,45727253,1782864686165669,True,True
33726913,0.08719000,230.00000000,45727254,45727254,1782864686165673,True,True
33726914,0.08719000,230.00000000,45727255,45727255,1782864686165860,True,True
33726915,0.08719000,230.00000000,45727256,45727256,1782864686165888,True,True
33726916,0.08719000,230.00000000,45727257,45727257,1782864686165904,True,True
33726917,0.08719000,230.00000000,45727258,45727258,1782864686165909,True,True
33726918,0.08719000,230.00000000,45727259,45727259,1782864686166005,True,True
33726919,0.08719000,230.00000000,45727260,45727260,1782864686166257,True,True
33726920,0.08719000,230.00000000,45727261,45727261,1782864686185923,True,True
33726921,0.08719000,230.00000000,45727262,45727262,1782864686186147,True,True
33726922,0.08719000,230.00000000,45727263,45727263,1782864686186199,True,True
33726923,0.08719000,230.00000000,45727264,45727264,1782864686187926,True,True
33726924,0.08719000,230.00000000,45727265,45727265,1782864686188435,True,True
33726925,0.08719000,230.00000000,45727266,45727266,1782864686190885,True,True
33726926,0.08723000,14419.00000000,45727267,45727271,1782864686206008,False,True
33726927,0.08724000,2012.20000000,45727272,45727280,1782864686206008,False,True
33726928,0.08721000,457.70000000,45727281,45727281,1782864690613955,True,True
33726929,0.08721000,311.00000000,45727282,45727282,1782864692233857,True,True
33726930,0.08723000,5328.80000000,45727283,45727283,1782864698205011,False,True
33726931,0.08724000,6419.70000000,45727284,45727313,1782864698205011,False,True
33726932,0.08724000,13076.10000000,45727314,45727315,1782864698206502,False,True
33726933,0.08725000,7495.70000000,45727316,45727347,1782864710207639,False,True
33726934,0.08726000,3976.90000000,45727348,45727349,1782864710207639,False,True
33726935,0.08726000,6063.00000000,45727350,45727350,1782864710209119,True,True
33726936,0.08726000,3135.10000000,45727351,45727351,1782864710210307,True,True
33726937,0.08726000,72.00000000,45727352,45727352,1782864712097988,True,True
33726938,0.08727000,239.10000000,45727353,45727354,1782864731847760,False,True
33726939,0.08727000,4655.90000000,45727355,45727375,1782864734205710,False,True
33726940,0.08728000,3657.50000000,45727376,45727378,1782864734205710,False,True
33726941,0.08728000,405.40000000,45727379,45727379,1782864734207512,False,True
33726942,0.08729000,86.00000000,45727380,45727380,1782864734209084,False,True
33726943,0.08730000,239.10000000,45727381,45727382,1782864744989332,False,True
33726944,0.08730000,1855.00000000,45727383,45727391,1782864746207565,False,True
33726945,0.08729000,780.10000000,45727392,45727392,1782864758206876,False,True
33726946,0.08726000,466.50000000,45727393,45727393,1782864767585093,True,True
33726947,0.08725000,86.00000000,45727394,45727394,1782864767585093,True,True
33726948,0.08724000,107.60000000,45727395,45727396,1782864767585093,True,True
33726949,0.08724000,230.00000000,45727397,45727397,1782864767610998,True,True
33726950,0.08728000,1396.50000000,45727398,45727398,1782864770207574,False,True
33726951,0.08723000,131.00000000,45727399,45727400,1782864775485682,True,True
33726952,0.08728000,993.10000000,45727401,45727401,1782864782205208,False,True
33726953,0.08724000,416.90000000,45727402,45727402,1782864782559511,True,True
33726954,0.08728000,1516.10000000,45727403,45727403,1782864794209109,False,True
33726955,0.08728000,229.00000000,45727404,45727404,1782864806206428,False,True
33726956,0.08729000,86.00000000,45727405,45727405,1782864806206428,False,True
33726957,0.08729000,732.40000000,45727406,45727406,1782864830210593,False,True
33726958,0.08727000,140.00000000,45727407,45727408,1782864835789411,True,True
33726959,0.08730000,277.70000000,45727409,45727410,1782864842205124,False,True
33726960,0.08727000,90.00000000,45727411,45727411,1782864844717088,True,True
33726961,0.08730000,863.80000000,45727412,45727416,1782864854206823,False,True
33726962,0.08730000,6119.40000000,45727417,45727444,1782864854209566,False,True
33726963,0.08733000,550.10000000,45727445,45727445,1782864866207594,False,True
33726964,0.08731000,375.80000000,45727446,45727446,1782864878205066,False,True
33726965,0.08731000,463.40000000,45727447,45727447,1782864890217658,False,True
33726966,0.08731000,394.70000000,45727448,45727448,1782864902206902,False,True
33726967,0.08731000,333.60000000,45727449,45727449,1782864914210579,False,True
33726968,0.08731000,372.50000000,45727450,45727450,1782864926209234,False,True
33726969,0.08728000,2959.80000000,45727451,45727453,1782864931975905,True,True
33726970,0.08728000,3327.50000000,45727454,45727454,1782864932019919,True,True
33726971,0.08728000,2291.00000000,45727455,45727455,1782864932024535,True,True
33726972,0.08728000,3161.70000000,45727456,45727456,1782864932025746,True,True
33726973,0.08731000,287.30000000,45727457,45727457,1782864938206290,False,True
33726974,0.08731000,353.20000000,45727458,45727458,1782864950209358,False,True
33726975,0.08732000,303.50000000,45727459,45727460,1782864962208540,False,True
33726976,0.08732000,365.80000000,45727461,45727461,1782864974205900,False,True
33726977,0.08732000,454.90000000,45727462,45727463,1782864986208350,False,True
33726978,0.08733000,329.50000000,45727464,45727465,1782864998206523,False,True
33726979,0.08733000,457.90000000,45727466,45727467,1782864998279161,False,True
33726980,0.08733000,0.10000000,45727468,45727468,1782864998281831,False,True
33726981,0.08734000,1522.00000000,45727469,45727469,1782864998281831,False,True
33726982,0.08734000,1623.70000000,45727470,45727470,1782864998283040,False,True
33726983,0.08734000,907.30000000,45727471,45727471,1782864998284255,False,True
33726984,0.08734000,3415.00000000,45727472,45727472,1782864998284353,False,True
33726985,0.08734000,558.30000000,45727473,45727473,1782864998296304,False,True
33726986,0.08734000,754.10000000,45727474,45727474,1782864998297594,False,True
33726987,0.08734000,11683.80000000,45727475,45727475,1782864998298876,False,True
33726988,0.08734000,2898.40000000,45727476,45727476,1782864998300209,False,True
33726989,0.08734000,7765.10000000,45727477,45727477,1782864998300470,False,True
33726990,0.08736000,463.40000000,45727478,45727478,1782865010207795,False,True
33726991,0.08736000,1245.30000000,45727479,45727479,1782865015502450,False,True
33726992,0.08736000,574.10000000,45727480,45727480,1782865015846837,False,True
33726993,0.08736000,3717.40000000,45727481,45727481,1782865015849236,False,True
33726994,0.08736000,1927.30000000,45727482,45727482,1782865015850310,False,True
33726995,0.08736000,2347.10000000,45727483,45727483,1782865015850528,False,True
33726996,0.08736000,518.70000000,45727484,45727484,1782865015850791,False,True
33726997,0.08736000,1262.50000000,45727485,45727485,1782865015851317,False,True
33726998,0.08736000,1636.40000000,45727486,45727486,1782865015851889,False,True
33726999,0.08736000,685.70000000,45727487,45727487,1782865015852212,False,True
33727000,0.08736000,950.40000000,45727488,45727488,1782865015853517,False,True
33727001,0.08736000,1243.70000000,45727489,45727489,1782865015854565,False,True
33727002,0.08736000,3819.40000000,45727490,45727490,1782865015875347,False,True
33727003,0.08736000,1637.90000000,45727491,45727491,1782865015876226,False,True
33727004,0.08736000,1188.10000000,45727492,45727492,1782865015876513,False,True
33727005,0.08736000,1048.60000000,45727493,45727493,1782865015877479,False,True
33727006,0.08736000,1365.70000000,45727494,45727494,1782865015877899,False,True
33727007,0.08736000,1341.00000000,45727495,45727495,1782865015879094,False,True
33727008,0.08736000,445.30000000,45727496,45727496,1782865015880465,False,True
33727009,0.08736000,1530.50000000,45727497,45727497,1782865015881515,False,True
33727010,0.08738000,828.10000000,45727498,45727498,1782865020517375,False,True
33727011,0.08738000,557.70000000,45727499,45727499,1782865020518881,False,True
33727012,0.08738000,361.80000000,45727500,45727500,1782865022206767,False,True
33727013,0.08738000,11554.30000000,45727501,45727501,1782865027639248,False,True
33727014,0.08738000,6145.30000000,45727502,45727502,1782865027639543,False,True
33727015,0.08738000,9490.50000000,45727503,45727503,1782865027639663,False,True
33727016,0.08741000,20404.40000000,45727504,45727504,1782865027640294,False,True
33727017,0.08742000,290.40000000,45727505,45727505,1782865034204413,False,True
33727018,0.08742000,368.70000000,45727506,45727506,1782865043576973,False,True
33727019,0.08740000,85.80000000,45727507,45727507,1782865044537273,True,True
33727020,0.08739000,85.80000000,45727508,45727508,1782865044542104,True,True
33727021,0.08738000,744.90000000,45727509,45727511,1782865044544547,True,True
33727022,0.08737000,85.80000000,45727512,45727512,1782865044546387,True,True
33727023,0.08736000,637.40000000,45727513,45727515,1782865044547953,True,True
33727024,0.08735000,85.90000000,45727516,45727516,1782865044565747,True,True
33727025,0.08734000,143.10000000,45727517,45727518,1782865044565747,True,True
33727026,0.08734000,229.00000000,45727519,45727519,1782865044570015,True,True
33727027,0.08734000,229.00000000,45727520,45727520,1782865044570206,True,True
33727028,0.08734000,229.00000000,45727521,45727521,1782865044570823,True,True
33727029,0.08738000,258.60000000,45727522,45727522,1782865055574958,False,True
33727030,0.08738000,369.70000000,45727523,45727523,1782865067575516,False,True
33727031,0.08739000,165.40000000,45727524,45727524,1782865079574365,False,True
33727032,0.08739000,181.20000000,45727525,45727525,1782865091574965,False,True
33727033,0.08739000,477.00000000,45727526,45727526,1782865103581212,False,True
33727034,0.08739000,247.40000000,45727527,45727527,1782865115577452,False,True
33727035,0.08739000,481.50000000,45727528,45727528,1782865127576349,False,True
33727036,0.08740000,66.00000000,45727529,45727529,1782865127576349,False,True
33727037,0.08741000,347.80000000,45727530,45727530,1782865139578160,False,True
33727038,0.08741000,270.10000000,45727531,45727531,1782865151578068,False,True
33727039,0.08741000,348.00000000,45727532,45727532,1782865163578934,False,True
33727040,0.08741000,254.80000000,45727533,45727533,1782865175575298,False,True
33727041,0.08741000,345.30000000,45727534,45727535,1782865187577407,False,True
33727042,0.08741000,190.20000000,45727536,45727536,1782865199608201,False,True
33727043,0.08741000,172.60000000,45727537,45727537,1782865211577611,False,True
33727044,0.08737000,465.50000000,45727538,45727538,1782865220118077,True,True
33727045,0.08736000,1287.50000000,45727539,45727540,1782865220118077,True,True
33727046,0.08736000,17189.40000000,45727541,45727541,1782865220121033,True,True
33727047,0.08735000,85.90000000,45727542,45727542,1782865220121062,True,True
33727048,0.08734000,85.90000000,45727543,45727543,1782865220121062,True,True
33727049,0.08733000,57.20000000,45727544,45727544,1782865220121062,True,True
33727050,0.08738000,466.10000000,45727545,45727547,1782865223576816,False,True
33727051,0.08740000,229.00000000,45727548,45727548,1782865235578643,False,True
33727052,0.08741000,92.50000000,45727549,45727549,1782865235578643,False,True
33727053,0.08741000,392.40000000,45727550,45727550,1782865247575394,False,True
33727054,0.08741000,310.60000000,45727551,45727551,1782865259576401,False,True
33727055,0.08741000,209.40000000,45727552,45727552,1782865271575947,False,True
33727056,0.08741000,497.70000000,45727553,45727553,1782865283579568,False,True
33727057,0.08741000,284.90000000,45727554,45727554,1782865295578115,False,True
33727058,0.08741000,359.60000000,45727555,45727556,1782865307577261,False,True
33727059,0.08739000,206.40000000,45727557,45727557,1782865319582628,False,True
33727060,0.08739000,351.40000000,45727558,45727558,1782865331576580,False,True
33727061,0.08739000,426.80000000,45727559,45727559,1782865343579006,False,True
33727062,0.08739000,378.20000000,45727560,45727560,1782865355577468,False,True
33727063,0.08738000,489.90000000,45727561,45727561,1782865367577943,False,True
33727064,0.08737000,304.30000000,45727562,45727562,1782865379576830,False,True
33727065,0.08738000,489.70000000,45727563,45727563,1782865391576811,False,True
33727066,0.08739000,537.00000000,45727564,45727565,1782865403578088,False,True
33727067,0.08740000,345.10000000,45727566,45727566,1782865415579179,False,True
33727068,0.08740000,583.40000000,45727567,45727567,1782865427577849,False,True
33727069,0.08740000,370.10000000,45727568,45727568,1782865439578994,False,True
33727070,0.08740000,253.40000000,45727569,45727569,1782865451576583,False,True
33727071,0.08740000,371.10000000,45727570,45727570,1782865463579191,False,True
33727072,0.08742000,215.00000000,45727571,45727571,1782865475577072,False,True
33727073,0.08742000,264.80000000,45727572,45727572,1782865487576022,False,True
33727074,0.08742000,146.00000000,45727573,45727573,1782865499592840,False,True
33727075,0.08742000,313.90000000,45727574,45727574,1782865511578727,False,True
33727076,0.08742000,296.10000000,45727575,45727575,1782865523578378,False,True
33727077,0.08742000,228.70000000,45727576,45727576,1782865535575959,False,True
33727078,0.08742000,297.80000000,45727577,45727577,1782865547575919,False,True
33727079,0.08742000,147.40000000,45727578,45727578,1782865559577308,False,True
33727080,0.08740000,340.90000000,45727579,45727579,1782865571577889,False,True
33727081,0.08740000,496.70000000,45727580,45727580,1782865583577308,False,True
33727082,0.08740000,235.90000000,45727581,45727581,1782865595575911,False,True
33727083,0.08736000,381.90000000,45727582,45727582,1782865607575210,False,True
33727084,0.08736000,313.00000000,45727583,45727583,1782865619574892,False,True
33727085,0.08740000,85.90000000,45727584,45727584,1782865631577161,False,True
33727086,0.08741000,186.60000000,45727585,45727586,1782865631577161,False,True
33727087,0.08741000,723.20000000,45727587,45727587,1782865643580827,False,True
33727088,0.08741000,487.70000000,45727588,45727588,1782865655576798,False,True
33727089,0.08741000,634.10000000,45727589,45727589,1782865667576752,False,True
33727090,0.08741000,408.10000000,45727590,45727590,1782865679574308,False,True
33727091,0.08742000,224.90000000,45727591,45727591,1782865691575267,False,True
33727092,0.08742000,451.00000000,45727592,45727592,1782865703577014,False,True
33727093,0.08742000,160.70000000,45727593,45727593,1782865715578625,False,True
33727094,0.08742000,314.70000000,45727594,45727594,1782865727575742,False,True
33727095,0.08742000,160.30000000,45727595,45727595,1782865739577644,False,True
33727096,0.08742000,418.70000000,45727596,45727596,1782865751564162,False,True
33727097,0.08742000,446.80000000,45727597,45727597,1782865763575715,False,True
33727098,0.08742000,277.80000000,45727598,45727598,1782865775574925,False,True
33727099,0.08742000,486.20000000,45727599,45727599,1782865787574553,False,True
33727100,0.08742000,303.30000000,45727600,45727600,1782865799577687,False,True
33727101,0.08742000,185.90000000,45727601,45727601,1782865811592507,False,True
33727102,0.08742000,445.90000000,45727602,45727602,1782865823578098,False,True
33727103,0.08741000,288.70000000,45727603,45727603,1782865835576441,False,True
33727104,0.08742000,385.40000000,45727604,45727604,1782865847576002,False,True
33727105,0.08742000,266.60000000,45727605,45727605,1782865859577091,False,True
33727106,0.08742000,313.40000000,45727606,45727606,1782865871578479,False,True
33727107,0.08742000,397.60000000,45727607,45727607,1782865883576450,False,True
33727108,0.08742000,204.70000000,45727608,45727608,1782865895575554,False,True
33727109,0.08742000,406.90000000,45727609,45727609,1782865907575251,False,True
33727110,0.08742000,275.80000000,45727610,45727610,1782865919575997,False,True
33727111,0.08741000,415.00000000,45727611,45727611,1782865931575959,False,True
33727112,0.08740000,492.70000000,45727612,45727612,1782865943577358,False,True
33727113,0.08741000,180.30000000,45727613,45727613,1782865955576733,False,True
33727114,0.08741000,383.20000000,45727614,45727614,1782865967577588,False,True
33727115,0.08741000,283.00000000,45727615,45727615,1782865979578948,False,True
33727116,0.08741000,360.80000000,45727616,45727616,1782865991575751,False,True
33727117,0.08741000,428.70000000,45727617,45727617,1782866003579483,False,True
33727118,0.08741000,248.90000000,45727618,45727618,1782866015576739,False,True
33727119,0.08741000,368.40000000,45727619,45727619,1782866027577775,False,True
33727120,0.08741000,203.20000000,45727620,45727620,1782866039583856,False,True
33727121,0.08741000,450.80000000,45727621,45727621,1782866051576531,False,True
33727122,0.08741000,482.50000000,45727622,45727623,1782866063579014,False,True
33727123,0.08741000,297.10000000,45727624,45727624,1782866075574946,False,True
33727124,0.08741000,508.30000000,45727625,45727625,1782866087575839,False,True
33727125,0.08741000,229.00000000,45727626,45727626,1782866099576932,False,True
33727126,0.08742000,9.80000000,45727627,45727627,1782866099576932,False,True
33727127,0.08741000,173.30000000,45727628,45727628,1782866111589399,False,True
33727128,0.08741000,366.30000000,45727629,45727629,1782866123579999,False,True
33727129,0.08741000,239.20000000,45727630,45727630,1782866135579567,False,True
33727130,0.08739000,382.90000000,45727631,45727631,1782866147579277,False,True
33727131,0.08739000,244.90000000,45727632,45727632,1782866159577250,False,True
33727132,0.08740000,272.20000000,45727633,45727633,1782866171577341,False,True
33727133,0.08741000,426.10000000,45727634,45727634,1782866182958969,False,True
33727134,0.08741000,526.40000000,45727635,45727635,1782866183577075,False,True
33727135,0.08741000,267.60000000,45727636,45727636,1782866195576315,False,True
33727136,0.08736000,1552.50000000,45727637,45727637,1782866202252459,True,True
33727137,0.08735000,85.90000000,45727638,45727638,1782866202252459,True,True
33727138,0.08734000,1552.50000000,45727639,45727639,1782866202252459,True,True
33727139,0.08733000,85.90000000,45727640,45727640,1782866202252459,True,True
33727140,0.08738000,572.80000000,45727641,45727641,1782866207576651,False,True
33727141,0.08738000,246.90000000,45727642,45727643,1782866219576125,False,True
33727142,0.08741000,475.20000000,45727644,45727644,1782866231576609,False,True
33727143,0.08735000,229.00000000,45727645,45727645,1782866234509820,True,True
33727144,0.08735000,229.00000000,45727646,45727646,1782866234509888,True,True
33727145,0.08735000,229.00000000,45727647,45727647,1782866234509968,True,True
33727146,0.08735000,229.00000000,45727648,45727648,1782866234510134,True,True
33727147,0.08735000,229.00000000,45727649,45727649,1782866234510138,True,True
33727148,0.08735000,229.00000000,45727650,45727650,1782866234510247,True,True
33727149,0.08735000,229.00000000,45727651,45727652,1782866234510266,True,True
33727150,0.08735000,35.40000000,45727653,45727653,1782866234510271,True,True
33727151,0.08734000,41.60000000,45727654,45727654,1782866234510271,True,True
33727152,0.08734000,229.00000000,45727655,45727655,1782866234510348,True,True
33727153,0.08734000,229.00000000,45727656,45727656,1782866234510437,True,True
33727154,0.08740000,470.60000000,45727657,45727657,1782866243576492,False,True
33727155,0.08740000,227.10000000,45727658,45727658,1782866255576129,False,True
33727156,0.08740000,594.70000000,45727659,45727659,1782866267576895,False,True
33727157,0.08740000,300.60000000,45727660,45727661,1782866279579746,False,True
33727158,0.08740000,496.00000000,45727662,45727664,1782866291576480,False,True
33727159,0.08740000,529.40000000,45727665,45727667,1782866303577615,False,True
33727160,0.08741000,265.70000000,45727668,45727669,1782866315586980,False,True
33727161,0.08741000,549.20000000,45727670,45727670,1782866327580984,False,True
33727162,0.08741000,344.00000000,45727671,45727671,1782866339576068,False,True
33727163,0.08741000,206.10000000,45727672,45727672,1782866351577193,False,True
33727164,0.08741000,306.20000000,45727673,45727673,1782866363578296,False,True
33727165,0.08741000,236.10000000,45727674,45727674,1782866375575984,False,True
33727166,0.08741000,402.80000000,45727675,45727675,1782866387577057,False,True
33727167,0.08741000,299.90000000,45727676,45727676,1782866399578035,False,True
33727168,0.08741000,260.40000000,45727677,45727677,1782866411574612,False,True
33727169,0.08741000,451.00000000,45727678,45727678,1782866423591668,False,True
33727170,0.08741000,266.30000000,45727679,45727679,1782866435578946,False,True
33727171,0.08741000,472.40000000,45727680,45727680,1782866447575830,False,True
33727172,0.08741000,224.30000000,45727681,45727681,1782866459579528,False,True
33727173,0.08741000,286.00000000,45727682,45727683,1782866471576576,False,True
33727174,0.08741000,400.70000000,45727684,45727684,1782866483578785,False,True
33727175,0.08741000,306.80000000,45727685,45727685,1782866495576866,False,True
33727176,0.08741000,493.40000000,45727686,45727686,1782866507577342,False,True
33727177,0.08741000,238.50000000,45727687,45727687,1782866519576762,False,True
33727178,0.08741000,260.60000000,45727688,45727688,1782866531577495,False,True
33727179,0.08741000,229.00000000,45727689,45727689,1782866543582141,False,True
33727180,0.08742000,272.80000000,45727690,45727690,1782866543582141,False,True
33727181,0.08742000,300.00000000,45727691,45727691,1782866555582898,False,True
33727182,0.08742000,390.70000000,45727692,45727692,1782866567576959,False,True
33727183,0.08742000,28042.00000000,45727693,45727693,1782866567607297,False,True
33727184,0.08742000,390.70000000,45727694,45727694,1782866567609006,False,True
33727185,0.08743000,235.90000000,45727695,45727696,1782866567609079,False,True
33727186,0.08744000,280.90000000,45727697,45727698,1782866579578495,False,True
33727187,0.08742000,467.90000000,45727699,45727699,1782866580408940,True,True
33727188,0.08742000,5246.40000000,45727700,45727700,1782866590163383,True,True
33727189,0.08744000,226.60000000,45727701,45727701,1782866591576918,False,True
33727190,0.08740000,229.00000000,45727702,45727703,1782866600748397,True,True
33727191,0.08740000,229.00000000,45727704,45727705,1782866601631309,True,True
33727192,0.08740000,49.40000000,45727706,45727706,1782866601631681,True,True
33727193,0.08739000,85.90000000,45727707,45727707,1782866601631681,True,True
33727194,0.08738000,93.70000000,45727708,45727709,1782866601631681,True,True
33727195,0.08738000,142.10000000,45727710,45727710,1782866601631741,True,True
33727196,0.08737000,85.90000000,45727711,45727711,1782866601631741,True,True
33727197,0.08736000,1.00000000,45727712,45727712,1782866601631741,True,True
33727198,0.08736000,229.00000000,45727713,45727713,1782866601631773,True,True
33727199,0.08736000,229.00000000,45727714,45727714,1782866601631810,True,True
33727200,0.08736000,171.80000000,45727715,45727716,1782866601651388,True,True
33727201,0.08735000,57.20000000,45727717,45727717,1782866601651388,True,True
33727202,0.08735000,28.70000000,45727718,45727718,1782866601654039,True,True
33727203,0.08734000,85.90000000,45727719,45727719,1782866601654039,True,True
33727204,0.08733000,114.40000000,45727720,45727720,1782866601654039,True,True
33727205,0.08733000,229.00000000,45727721,45727721,1782866601654915,True,True
33727206,0.08733000,229.00000000,45727722,45727722,1782866601655313,True,True
33727207,0.08733000,229.00000000,45727723,45727723,1782866601655328,True,True
33727208,0.08733000,229.00000000,45727724,45727724,1782866601656810,True,True
33727209,0.08733000,229.00000000,45727725,45727725,1782866601657243,True,True
33727210,0.08733000,85.90000000,45727726,45727726,1782866602696357,True,True
33727211,0.08732000,144.10000000,45727727,45727728,1782866602696357,True,True
33727212,0.08732000,230.00000000,45727729,45727730,1782866602696428,True,True
33727213,0.08732000,146.00000000,45727731,45727731,1782866602696433,True,True
33727214,0.08732000,230.00000000,45727732,45727732,1782866602696436,True,True
33727215,0.08732000,230.00000000,45727733,45727733,1782866602696493,True,True
33727216,0.08732000,230.00000000,45727734,45727734,1782866602696861,True,True
33727217,0.08736000,234.70000000,45727735,45727735,1782866603609961,False,True
33727218,0.08731000,230.00000000,45727736,45727736,1782866603693319,True,True
33727219,0.08731000,230.00000000,45727737,45727737,1782866603693551,True,True
33727220,0.08731000,230.00000000,45727738,45727738,1782866603693611,True,True
33727221,0.08731000,230.00000000,45727739,45727739,1782866603693992,True,True
33727222,0.08731000,230.00000000,45727740,45727740,1782866603714084,True,True
33727223,0.08731000,230.00000000,45727741,45727741,1782866603722006,True,True
33727224,0.08731000,230.00000000,45727742,45727743,1782866603734162,True,True
33727225,0.08731000,230.00000000,45727744,45727744,1782866604698081,True,True
33727226,0.08731000,230.00000000,45727745,45727745,1782866604698125,True,True
33727227,0.08731000,230.00000000,45727746,45727746,1782866604698184,True,True
33727228,0.08731000,230.00000000,45727747,45727747,1782866604698197,True,True
33727229,0.08731000,230.00000000,45727748,45727748,1782866604698239,True,True
33727230,0.08731000,230.00000000,45727749,45727749,1782866604698266,True,True
33727231,0.08731000,230.00000000,45727750,45727750,1782866604698330,True,True
33727232,0.08731000,230.00000000,45727751,45727751,1782866604698343,True,True
33727233,0.08731000,230.00000000,45727752,45727752,1782866604698369,True,True
33727234,0.08731000,230.00000000,45727753,45727753,1782866604698553,True,True
33727235,0.08731000,230.00000000,45727754,45727754,1782866604713557,True,True
33727236,0.08731000,230.00000000,45727755,45727755,1782866604717345,True,True
33727237,0.08731000,230.00000000,45727756,45727756,1782866604717468,True,True
33727238,0.08731000,230.00000000,45727757,45727757,1782866604717561,True,True
33727239,0.08731000,230.00000000,45727758,45727758,1782866604735756,True,True
33727240,0.08731000,134.00000000,45727759,45727759,1782866604736919,True,True
33727241,0.08730000,364.00000000,45727760,45727760,1782866607495235,True,True
33727242,0.08735000,199.70000000,45727761,45727761,1782866615577546,False,True
33727243,0.08735000,29.30000000,45727762,45727762,1782866627577539,False,True
33727244,0.08736000,246.40000000,45727763,45727763,1782866627577539,False,True
33727245,0.08736000,163.50000000,45727764,45727764,1782866639578934,False,True
33727246,0.08731000,93.00000000,45727765,45727765,1782866640618003,True,True
33727247,0.08731000,99.00000000,45727766,45727766,1782866640618062,True,True
33727248,0.08731000,137.00000000,45727767,45727767,1782866640619365,True,True
33727249,0.08731000,67.00000000,45727768,45727768,1782866651354507,True,True
33727250,0.08735000,242.90000000,45727769,45727769,1782866651577143,False,True
33727251,0.08731000,105.00000000,45727770,45727770,1782866656152900,True,True
33727252,0.08731000,230.00000000,45727771,45727771,1782866662673180,True,True
33727253,0.08735000,488.10000000,45727772,45727774,1782866663579032,False,True
33727254,0.08736000,222.90000000,45727775,45727775,1782866663579032,False,True
33727255,0.08736000,570.10000000,45727776,45727776,1782866675575887,False,True
33727256,0.08736000,8748.90000000,45727777,45727787,1782866681510789,False,True
33727257,0.08737000,15102.00000000,45727788,45727793,1782866681512058,False,True
33727258,0.08736000,277.00000000,45727794,45727794,1782866681512523,False,True
33727259,0.08737000,174.00000000,45727795,45727795,1782866681512523,False,True
33727260,0.08738000,85.90000000,45727796,45727796,1782866681512523,False,True
33727261,0.08739000,85.90000000,45727797,45727797,1782866681512529,False,True
33727262,0.08737000,413.00000000,45727798,45727798,1782866681513831,False,True
33727263,0.08740000,171.80000000,45727799,45727800,1782866681513831,False,True
33727264,0.08744000,644.70000000,45727801,45727801,1782866687576781,False,True
33727265,0.08744000,480.40000000,45727802,45727802,1782866699578422,False,True
33727266,0.08744000,28327.30000000,45727803,45727808,1782866699604885,False,True
33727267,0.08745000,150.00000000,45727809,45727809,1782866699606147,False,True
33727268,0.08748000,85.80000000,45727810,45727810,1782866700505326,False,True
33727269,0.08749000,85.90000000,45727811,45727811,1782866700505326,False,True
33727270,0.08750000,85.90000000,45727812,45727812,1782866700505326,False,True
33727271,0.08751000,85.90000000,45727813,45727813,1782866700505326,False,True
33727272,0.08752000,78.10000000,45727814,45727814,1782866700505326,False,True
33727273,0.08746000,2097.20000000,45727815,45727815,1782866700516235,False,True
33727274,0.08746000,1782.00000000,45727816,45727816,1782866700516678,False,True
33727275,0.08746000,1329.40000000,45727817,45727817,1782866700523550,False,True
33727276,0.08746000,2188.60000000,45727818,45727818,1782866700525440,False,True
33727277,0.08746000,1712.50000000,45727819,45727819,1782866700526563,False,True
33727278,0.08746000,11188.30000000,45727820,45727820,1782866700526598,False,True
33727279,0.08746000,1518.10000000,45727821,45727821,1782866700528229,False,True
33727280,0.08746000,1361.30000000,45727822,45727822,1782866700529057,False,True
33727281,0.08746000,114.20000000,45727823,45727823,1782866700529357,False,True
33727282,0.08746000,1309.40000000,45727824,45727824,1782866700531618,False,True
33727283,0.08747000,460.50000000,45727825,45727825,1782866711577314,False,True
33727284,0.08747000,57.50000000,45727826,45727826,1782866723588677,False,True
33727285,0.08747000,2775.00000000,45727827,45727827,1782866730463779,False,True
33727286,0.08747000,12189.80000000,45727828,45727828,1782866730464923,False,True
33727287,0.08747000,6900.00000000,45727829,45727829,1782866730465024,False,True
33727288,0.08746000,1567.90000000,45727830,45727830,1782866731200300,True,True
33727289,0.08750000,34797.70000000,45727831,45727831,1782866731232246,False,True
33727290,0.08755000,285.80000000,45727832,45727832,1782866732713938,True,True
33727291,0.08757000,57.10000000,45727833,45727833,1782866735577235,False,True
33727292,0.08754000,85.70000000,45727834,45727834,1782866737577888,True,True
33727293,0.08753000,85.70000000,45727835,45727835,1782866737577888,True,True
33727294,0.08752000,85.70000000,45727836,45727836,1782866737577888,True,True
33727295,0.08751000,85.70000000,45727837,45727837,1782866737577888,True,True
33727296,0.08750000,804.10000000,45727838,45727838,1782866737577888,True,True
33727297,0.08750000,1146.90000000,45727839,45727839,1782866737608009,True,True
33727298,0.08755000,64.00000000,45727840,45727840,1782866747576686,False,True
33727299,0.08750000,665.40000000,45727841,45727842,1782866755744188,True,True
33727300,0.08754000,57.20000000,45727843,45727843,1782866759576930,False,True
33727301,0.08751000,57.20000000,45727844,45727844,1782866771576855,False,True
33727302,0.08751000,1.00000000,45727845,45727845,1782866783575949,False,True
33727303,0.08754000,1.10000000,45727846,45727846,1782866783575949,False,True
33727304,0.08755000,1610.20000000,45727847,45727847,1782866783581925,False,True
33727305,0.08755000,13800.00000000,45727848,45727848,1782866783582038,False,True
33727306,0.08755000,2743.50000000,45727849,45727849,1782866783582050,False,True
33727307,0.08755000,16946.10000000,45727850,45727850,1782866783582114,False,True
33727308,0.08755000,4977.80000000,45727851,45727851,1782866783582484,False,True
33727309,0.08755000,58.00000000,45727852,45727852,1782866783583036,False,True
33727310,0.08755000,1955.80000000,45727853,45727853,1782866783583224,False,True
33727311,0.08755000,14950.00000000,45727854,45727854,1782866783583281,False,True
33727312,0.08757000,18551.40000000,45727855,45727856,1782866784590400,False,True
33727313,0.08757000,8364.10000000,45727857,45727857,1782866784591535,False,True
33727314,0.08757000,5529.20000000,45727858,45727858,1782866784592578,False,True
33727315,0.08757000,2281.40000000,45727859,45727859,1782866784593524,False,True
33727316,0.08757000,3345.30000000,45727860,45727860,1782866784593655,False,True
33727317,0.08757000,1329.50000000,45727861,45727861,1782866784594670,False,True
33727318,0.08757000,1379.80000000,45727862,45727862,1782866784594765,False,True
33727319,0.08757000,1367.50000000,45727863,45727863,1782866784595843,False,True
33727320,0.08757000,1381.90000000,45727864,45727864,1782866784597040,False,True
33727321,0.08757000,1406.70000000,45727865,45727865,1782866784598195,False,True
33727322,0.08757000,1354.90000000,45727866,45727866,1782866784599392,False,True
33727323,0.08757000,1202.00000000,45727867,45727867,1782866784601075,False,True
33727324,0.08757000,1294.50000000,45727868,45727868,1782866784602401,False,True
33727325,0.08757000,3688.60000000,45727869,45727869,1782866784604292,False,True
33727326,0.08757000,3882.60000000,45727870,45727870,1782866785651570,True,True
33727327,0.08756000,85.70000000,45727871,45727871,1782866786511342,True,True
33727328,0.08755000,85.70000000,45727872,45727872,1782866786684641,True,True
33727329,0.08757000,266.50000000,45727873,45727873,1782866807576561,False,True
33727330,0.08757000,178.80000000,45727874,45727874,1782866819575988,False,True
33727331,0.08758000,192.60000000,45727875,45727875,1782866831574532,False,True
33727332,0.08758000,387.50000000,45727876,45727876,1782866843575498,False,True
33727333,0.08758000,173.20000000,45727877,45727877,1782866855577501,False,True
33727334,0.08758000,332.80000000,45727878,45727878,1782866867575690,False,True
33727335,0.08758000,212.30000000,45727879,45727879,1782866879574560,False,True
33727336,0.08758000,328.60000000,45727880,45727880,1782866891574086,False,True
33727337,0.08758000,494.00000000,45727881,45727881,1782866903575484,False,True
33727338,0.08759000,289.40000000,45727882,45727882,1782866915583648,False,True
33727339,0.08759000,28545.20000000,45727883,45727883,1782866915620422,False,True
33727340,0.08761000,420.50000000,45727884,45727885,1782866927576999,False,True
33727341,0.08761000,285.00000000,45727886,45727886,1782866939575172,False,True
33727342,0.08761000,211.10000000,45727887,45727887,1782866951576799,False,True
33727343,0.08761000,259.30000000,45727888,45727888,1782866963581454,False,True
33727344,0.08761000,131.70000000,45727889,45727889,1782866975579974,False,True
33727345,0.08761000,306.90000000,45727890,45727890,1782866987573718,False,True
33727346,0.08761000,128.30000000,45727891,45727891,1782866999573986,False,True
33727347,0.08761000,291.40000000,45727892,45727892,1782867011574922,False,True
33727348,0.08761000,3374.00000000,45727893,45727893,1782867020226126,False,True
33727349,0.08761000,3374.00000000,45727894,45727894,1782867020226284,False,True
33727350,0.08761000,3374.00000000,45727895,45727895,1782867020226452,False,True
33727351,0.08761000,3374.00000000,45727896,45727896,1782867020226550,False,True
33727352,0.08761000,13481.50000000,45727897,45727897,1782867020226740,False,True
33727353,0.08762000,149.90000000,45727898,45727898,1782867020228098,False,True
33727354,0.08764000,28250.70000000,45727899,45727899,1782867020463159,False,True
33727355,0.08766000,85.70000000,45727900,45727900,1782867020463159,False,True
33727356,0.08767000,85.70000000,45727901,45727901,1782867020463159,False,True
33727357,0.08768000,85.70000000,45727902,45727902,1782867020463159,False,True
33727358,0.08769000,5153.80000000,45727903,45727905,1782867020463159,False,True
33727359,0.08772000,420.20000000,45727906,45727907,1782867023576769,False,True
33727360,0.08767000,328.20000000,45727908,45727908,1782867035584645,False,True
33727361,0.08767000,474.60000000,45727909,45727909,1782867047575614,False,True
33727362,0.08767000,249.70000000,45727910,45727910,1782867059575908,False,True
33727363,0.08767000,4607.00000000,45727911,45727911,1782867060505206,False,True
33727364,0.08767000,4607.00000000,45727912,45727912,1782867060505210,False,True
33727365,0.08767000,4607.00000000,45727913,45727913,1782867060505345,False,True
33727366,0.08767000,4607.00000000,45727914,45727914,1782867060505442,False,True
33727367,0.08767000,17365.00000000,45727915,45727915,1782867060505835,False,True
33727368,0.08772000,9907.10000000,45727916,45727916,1782867061099400,False,True
33727369,0.08774000,5441.70000000,45727917,45727918,1782867061099442,False,True
33727370,0.08775000,10912.70000000,45727919,45727919,1782867061099442,False,True
33727371,0.08776000,1638.10000000,45727920,45727921,1782867061099466,False,True
33727372,0.08777000,58.00000000,45727922,45727922,1782867061100151,False,True
33727373,0.08778000,602.00000000,45727923,45727924,1782867066288701,True,True
33727374,0.08777000,687.50000000,45727925,45727927,1782867066288701,True,True
33727375,0.08776000,85.50000000,45727928,45727928,1782867066288701,True,True
33727376,0.08775000,1638.00000000,45727929,45727930,1782867066288701,True,True
33727377,0.08774000,6710.70000000,45727931,45727932,1782867066288701,True,True
33727378,0.08773000,5514.70000000,45727933,45727935,1782867066288701,True,True
33727379,0.08772000,2119.10000000,45727936,45727936,1782867066288701,True,True
33727380,0.08777000,227.30000000,45727937,45727937,1782867071574558,False,True
33727381,0.08777000,3018.90000000,45727938,45727938,1782867071596228,False,True
33727382,0.08778000,14664.70000000,45727939,45727941,1782867071596228,False,True
33727383,0.08779000,182.60000000,45727942,45727942,1782867083577169,False,True
33727384,0.08780000,85.70000000,45727943,45727943,1782867095578297,False,True
33727385,0.08781000,65.30000000,45727944,45727944,1782867095578297,False,True
33727386,0.08782000,205.00000000,45727945,45727946,1782867107575024,False,True
33727387,0.08783000,105.70000000,45727947,45727947,1782867119574330,False,True
33727388,0.08783000,569.00000000,45727948,45727948,1782867120056775,False,True
33727389,0.08783000,569.00000000,45727949,45727949,1782867120056825,False,True
33727390,0.08783000,569.00000000,45727950,45727950,1782867120057152,False,True
33727391,0.08783000,2734.40000000,45727951,45727951,1782867120057197,False,True
33727392,0.08784000,569.00000000,45727952,45727952,1782867120057723,False,True
33727393,0.08784000,331.30000000,45727953,45727953,1782867120258885,False,True
33727394,0.08785000,149.60000000,45727954,45727954,1782867120259080,False,True
33727395,0.08786000,78.40000000,45727955,45727955,1782867120259080,False,True
33727396,0.08787000,4509.00000000,45727956,45727956,1782867120613619,False,True
33727397,0.08787000,4510.00000000,45727957,45727957,1782867120613882,False,True
33727398,0.08787000,4510.00000000,45727958,45727958,1782867120614190,False,True
33727399,0.08787000,13395.50000000,45727959,45727959,1782867120614253,False,True
33727400,0.08787000,4510.00000000,45727960,45727960,1782867120614343,False,True
33727401,0.08787000,4527.10000000,45727961,45727961,1782867120614867,False,True
33727402,0.08789000,122.00000000,45727962,45727962,1782867122259230,False,True
33727403,0.08789000,176.20000000,45727963,45727963,1782867123175759,False,True
33727404,0.08789000,244.00000000,45727964,45727964,1782867124372436,False,True
33727405,0.08789000,415.00000000,45727965,45727965,1782867124373373,False,True
33727406,0.08789000,781.00000000,45727966,45727966,1782867124373401,False,True
33727407,0.08789000,781.00000000,45727967,45727967,1782867124373412,False,True
33727408,0.08789000,781.00000000,45727968,45727968,1782867124373762,False,True
33727409,0.08789000,58.00000000,45727969,45727969,1782867124374039,False,True
33727410,0.08789000,450.00000000,45727970,45727970,1782867130027956,False,True
33727411,0.08789000,466.00000000,45727971,45727971,1782867130029920,False,True
33727412,0.08789000,368.00000000,45727972,45727972,1782867130030161,False,True
33727413,0.08789000,1185.90000000,45727973,45727973,1782867130055165,False,True
33727414,0.08789000,144.20000000,45727974,45727974,1782867131575248,False,True
33727415,0.08789000,267.70000000,45727975,45727975,1782867139488139,False,True
33727416,0.08791000,3568.00000000,45727976,45727976,1782867139492305,False,True
33727417,0.08791000,1248.00000000,45727977,45727977,1782867139492577,False,True
33727418,0.08791000,1946.00000000,45727978,45727978,1782867139493079,False,True
33727419,0.08791000,374.00000000,45727979,45727979,1782867139493804,False,True
33727420,0.08791000,768.00000000,45727980,45727980,1782867139493903,False,True
33727421,0.08791000,2800.00000000,45727981,45727981,1782867140036552,False,True
33727422,0.08791000,2664.00000000,45727982,45727982,1782867140036578,False,True
33727423,0.08791000,3568.00000000,45727983,45727983,1782867140036594,False,True
33727424,0.08791000,2955.00000000,45727984,45727984,1782867140036631,False,True
33727425,0.08791000,8386.00000000,45727985,45727985,1782867140037272,False,True
33727426,0.08791000,161.10000000,45727986,45727986,1782867140040071,False,True
33727427,0.08792000,769.90000000,45727987,45727988,1782867140040071,False,True
33727428,0.08795000,100.50000000,45727989,45727989,1782867143575015,False,True
33727429,0.08792000,64.10000000,45727990,45727990,1782867155576073,False,True
33727430,0.08792000,95.50000000,45727991,45727991,1782867167575557,False,True
33727431,0.08791000,71.20000000,45727992,45727992,1782867179576462,False,True
33727432,0.08793000,67.30000000,45727993,45727993,1782867191573926,False,True
33727433,0.08787000,85.40000000,45727994,45727994,1782867192405269,True,True
33727434,0.08786000,85.40000000,45727995,45727995,1782867192405269,True,True
33727435,0.08785000,458.60000000,45727996,45727997,1782867192405269,True,True
33727436,0.08784000,170.80000000,45727998,45727999,1782867192405269,True,True
33727437,0.08783000,4121.00000000,45728000,45728002,1782867192405269,True,True
33727438,0.08782000,2817.30000000,45728003,45728005,1782867192405269,True,True
33727439,0.08782000,5501.20000000,45728006,45728006,1782867192405777,True,True
33727440,0.08781000,13104.00000000,45728007,45728010,1782867192405777,True,True
33727441,0.08780000,23229.40000000,45728011,45728015,1782867192405777,True,True
33727442,0.08779000,11673.10000000,45728016,45728018,1782867192405777,True,True
33727443,0.08778000,3393.90000000,45728019,45728020,1782867192405777,True,True
33727444,0.08776000,170.90000000,45728021,45728022,1782867194424468,True,True
33727445,0.08773000,85.50000000,45728023,45728023,1782867195332829,True,True
33727446,0.08772000,171.00000000,45728024,45728025,1782867195332829,True,True
33727447,0.08771000,85.50000000,45728026,45728026,1782867195332829,True,True
33727448,0.08770000,1638.00000000,45728027,45728028,1782867195332829,True,True
33727449,0.08769000,1638.00000000,45728029,45728030,1782867195332829,True,True
33727450,0.08768000,2.10000000,45728031,45728031,1782867195332829,True,True
33727451,0.08768000,173.00000000,45728032,45728034,1782867202518952,True,True
33727452,0.08773000,86.70000000,45728035,45728035,1782867203578078,False,True
33727453,0.08772000,57.00000000,45728036,45728036,1782867215574894,False,True
33727454,0.08772000,6568.20000000,45728037,45728037,1782867215602993,False,True
33727455,0.08773000,9455.80000000,45728038,45728039,1782867215602993,False,True
33727456,0.08769000,425.60000000,45728040,45728040,1782867218164059,True,True
33727457,0.08772000,74.90000000,45728041,45728041,1782867227577691,False,True
33727458,0.08772000,57.00000000,45728042,45728042,1782867239575420,False,True
33727459,0.08773000,58.30000000,45728043,45728043,1782867251576324,False,True
33727460,0.08773000,2719.50000000,45728044,45728044,1782867263576653,False,True
33727461,0.08774000,1967.90000000,45728045,45728045,1782867275575591,False,True
33727462,0.08774000,2697.80000000,45728046,45728046,1782867287575047,False,True
33727463,0.08774000,2176.90000000,45728047,45728048,1782867299575648,False,True
33727464,0.08774000,15732.10000000,45728049,45728049,1782867300502777,False,True
33727465,0.08774000,228.00000000,45728050,45728050,1782867300502790,False,True
33727466,0.08774000,6307.60000000,45728051,45728051,1782867300504336,False,True
33727467,0.08774000,228.00000000,45728052,45728052,1782867300526431,False,True
33727468,0.08774000,1490.20000000,45728053,45728053,1782867300528481,False,True
33727469,0.08774000,142.00000000,45728054,45728054,1782867300636344,False,True
33727470,0.08774000,142.00000000,45728055,45728055,1782867300636494,False,True
33727471,0.08774000,845.70000000,45728056,45728056,1782867300638859,False,True
33727472,0.08777000,1131.30000000,45728057,45728058,1782867300638859,False,True
33727473,0.08777000,1977.00000000,45728059,45728059,1782867300638863,False,True
33727474,0.08776000,2011.70000000,45728060,45728060,1782867311576301,False,True
33727475,0.08776000,405.70000000,45728061,45728061,1782867323578866,False,True
33727476,0.08776000,162.10000000,45728062,45728062,1782867335587912,False,True
33727477,0.08776000,5697.30000000,45728063,45728063,1782867346875730,False,True
33727478,0.08776000,436.40000000,45728064,45728064,1782867347576301,False,True
33727479,0.08777000,85.50000000,45728065,45728065,1782867348499144,False,True
33727480,0.08778000,85.50000000,45728066,45728066,1782867348499144,False,True
33727481,0.08779000,265.40000000,45728067,45728068,1782867348499144,False,True
33727482,0.08776000,3544.50000000,45728069,45728069,1782867348511190,False,True
33727483,0.08776000,6240.60000000,45728070,45728070,1782867348512264,False,True
33727484,0.08776000,4895.10000000,45728071,45728071,1782867348513528,False,True
33727485,0.08776000,7730.30000000,45728072,45728072,1782867348513766,False,True
33727486,0.08779000,2803.00000000,45728073,45728074,1782867348516034,False,True
33727487,0.08779000,2803.00000000,45728075,45728075,1782867348516160,False,True
33727488,0.08779000,2803.00000000,45728076,45728076,1782867348516236,False,True
33727489,0.08779000,2803.00000000,45728077,45728077,1782867348516392,False,True
33727490,0.08779000,217.50000000,45728078,45728078,1782867359575739,False,True
33727491,0.08779000,284.50000000,45728079,45728079,1782867371575167,False,True
33727492,0.08779000,347.40000000,45728080,45728080,1782867383576804,False,True
33727493,0.08779000,210.80000000,45728081,45728081,1782867395575584,False,True
33727494,0.08779000,333.50000000,45728082,45728082,1782867407575051,False,True
33727495,0.08779000,204.20000000,45728083,45728083,1782867419576300,False,True
33727496,0.08779000,129.30000000,45728084,45728084,1782867431575341,False,True
33727497,0.08779000,228.00000000,45728085,45728085,1782867432315443,False,True
33727498,0.08778000,340.40000000,45728086,45728086,1782867443577799,False,True
33727499,0.08778000,281.30000000,45728087,45728087,1782867455577666,False,True
33727500,0.08778000,484.20000000,45728088,45728088,1782867467576110,False,True
33727501,0.08778000,195.80000000,45728089,45728089,1782867479577323,False,True
33727502,0.08778000,189.00000000,45728090,45728090,1782867480621391,False,True
33727503,0.08778000,343.00000000,45728091,45728091,1782867480625097,False,True
33727504,0.08778000,398.30000000,45728092,45728092,1782867491578157,False,True
33727505,0.08778000,200.00000000,45728093,45728093,1782867502044951,False,True
33727506,0.08778000,430.00000000,45728094,45728094,1782867503579699,False,True
33727507,0.08778000,1505.00000000,45728095,45728095,1782867508954620,False,True
33727508,0.08779000,225.70000000,45728096,45728097,1782867515576734,False,True
33727509,0.08779000,499.50000000,45728098,45728098,1782867527579658,False,True
33727510,0.08779000,189.40000000,45728099,45728099,1782867539576507,False,True
33727511,0.08779000,516.00000000,45728100,45728100,1782867540573769,False,True
33727512,0.08779000,352.00000000,45728101,45728101,1782867540593591,False,True
33727513,0.08779000,103.00000000,45728102,45728102,1782867548695556,False,True
33727514,0.08779000,549.00000000,45728103,45728103,1782867551578770,False,True
33727515,0.08779000,432.60000000,45728104,45728104,1782867563578440,False,True
33727516,0.08779000,4311.90000000,45728105,45728105,1782867573112037,False,True
33727517,0.08779000,3144.20000000,45728106,45728106,1782867573112132,False,True
33727518,0.08779000,23501.30000000,45728107,45728107,1782867573112388,False,True
33727519,0.08782000,15831.10000000,45728108,45728109,1782867573112388,False,True
33727520,0.08782000,9829.30000000,45728110,45728110,1782867573112443,False,True
33727521,0.08783000,4737.50000000,45728111,45728111,1782867573112648,False,True
33727522,0.08784000,19046.70000000,45728112,45728116,1782867573112648,False,True
33727523,0.08785000,85.50000000,45728117,45728117,1782867573112761,False,True
33727524,0.08786000,85.50000000,45728118,45728118,1782867573112761,False,True
33727525,0.08787000,57.00000000,45728119,45728119,1782867573112761,False,True
33727526,0.08787000,1005.00000000,45728120,45728120,1782867573112802,False,True
33727527,0.08787000,1005.00000000,45728121,45728123,1782867573112914,False,True
33727528,0.08787000,1005.00000000,45728124,45728124,1782867573113184,False,True
33727529,0.08787000,1005.00000000,45728125,45728125,1782867573113280,False,True
33727530,0.08787000,159.80000000,45728126,45728126,1782867575577538,False,True
33727531,0.08782000,555.30000000,45728127,45728129,1782867580274965,True,True
33727532,0.08781000,245.40000000,45728130,45728132,1782867580301881,True,True
33727533,0.08782000,170.80000000,45728133,45728133,1782867580572702,False,True
33727534,0.08780000,313.40000000,45728134,45728135,1782867580630917,True,True
33727535,0.08782000,348.20000000,45728136,45728136,1782867587577282,False,True
33727536,0.08779000,541.40000000,45728137,45728139,1782867588988642,True,True
33727537,0.08780000,239.00000000,45728140,45728140,1782867599576811,False,True
33727538,0.08777000,85.40000000,45728141,45728141,1782867600831044,True,True
33727539,0.08776000,170.90000000,45728142,45728143,1782867600831214,True,True
33727540,0.08781000,326.70000000,45728144,45728144,1782867611577054,False,True
33727541,0.08781000,730.60000000,45728145,45728145,1782867623578436,False,True
33727542,0.08781000,326.10000000,45728146,45728146,1782867635577845,False,True
33727543,0.08781000,677.60000000,45728147,45728147,1782867647585492,False,True
33727544,0.08782000,405.50000000,45728148,45728148,1782867659577731,False,True
33727545,0.08782000,1020.90000000,45728149,45728149,1782867671575629,False,True
33727546,0.08782000,158.80000000,45728150,45728150,1782867683577511,False,True
33727547,0.08782000,128.70000000,45728151,45728151,1782867695576303,False,True
33727548,0.08782000,200.90000000,45728152,45728152,1782867707574877,False,True
33727549,0.08782000,115.50000000,45728153,45728153,1782867719575354,False,True
33727550,0.08782000,127.60000000,45728154,45728154,1782867731575926,False,True
33727551,0.08782000,359.60000000,45728155,45728155,1782867743579669,False,True
33727552,0.08779000,1681.50000000,45728156,45728163,1782867749473351,True,True
33727553,0.08778000,387.40000000,45728164,45728165,1782867749475631,True,True
33727554,0.08778000,57.70000000,45728166,45728166,1782867749475835,True,True
33727555,0.08777000,85.50000000,45728167,45728167,1782867749497598,True,True
33727556,0.08775000,85.50000000,45728168,45728168,1782867754291925,True,True
33727557,0.08774000,85.50000000,45728169,45728169,1782867754291925,True,True
33727558,0.08773000,85.50000000,45728170,45728170,1782867754291925,True,True
33727559,0.08774000,193.20000000,45728171,45728171,1782867755576536,False,True
33727560,0.08774000,490.60000000,45728172,45728172,1782867767578759,False,True
33727561,0.08774000,275.30000000,45728173,45728173,1782867779576350,False,True
33727562,0.08774000,381.30000000,45728174,45728174,1782867791577433,False,True
33727563,0.08774000,827.80000000,45728175,45728175,1782867803578749,False,True
33727564,0.08772000,620.30000000,45728176,45728176,1782867815575614,False,True
33727565,0.08773000,875.30000000,45728177,45728177,1782867827576467,False,True
33727566,0.08773000,337.70000000,45728178,45728179,1782867839574877,False,True
33727567,0.08773000,5255.40000000,45728180,45728180,1782867839602573,False,True
33727568,0.08774000,18113.00000000,45728181,45728183,1782867839602573,False,True
33727569,0.08776000,171.10000000,45728184,45728185,1782867848224897,False,True
33727570,0.08777000,56.90000000,45728186,45728186,1782867848224897,False,True
33727571,0.08777000,28.60000000,45728187,45728187,1782867851575131,False,True
33727572,0.08778000,85.50000000,45728188,45728188,1782867851575131,False,True
33727573,0.08780000,171.00000000,45728189,45728190,1782867875576412,False,True
33727574,0.08781000,109.30000000,45728191,45728192,1782867875576412,False,True
33727575,0.08781000,354.00000000,45728193,45728193,1782867887574969,False,True
33727576,0.08781000,2754.10000000,45728194,45728194,1782867887600228,False,True
33727577,0.08781000,324.10000000,45728195,45728195,1782867899614177,False,True
33727578,0.08780000,298.80000000,45728196,45728196,1782867911576964,False,True
33727579,0.08780000,184.30000000,45728197,45728197,1782867923577941,False,True
33727580,0.08780000,96.80000000,45728198,45728198,1782867935575269,False,True
33727581,0.08780000,202.00000000,45728199,45728199,1782867947586554,False,True
33727582,0.08778000,138.80000000,45728200,45728200,1782867959573673,False,True
33727583,0.08778000,109.50000000,45728201,45728201,1782867971574270,False,True
33727584,0.08777000,436.30000000,45728202,45728202,1782867983574465,False,True
33727585,0.08775000,208.80000000,45728203,45728203,1782867995574557,False,True
33727586,0.08769000,1292.80000000,45728204,45728204,1782868004102254,True,True
33727587,0.08769000,4724.40000000,45728205,45728205,1782868004103813,True,True
33727588,0.08769000,3480.40000000,45728206,45728206,1782868004104613,True,True
33727589,0.08769000,1871.30000000,45728207,45728207,1782868004105037,True,True
33727590,0.08769000,16387.80000000,45728208,45728208,1782868004105260,True,True
33727591,0.08769000,2507.00000000,45728209,45728209,1782868004106382,True,True
33727592,0.08769000,2443.00000000,45728210,45728210,1782868004106613,True,True
33727593,0.08771000,516.90000000,45728211,45728211,1782868007576480,False,True
33727594,0.08772000,85.60000000,45728212,45728212,1782868019576595,False,True
33727595,0.08773000,85.60000000,45728213,45728213,1782868019576595,False,True
33727596,0.08774000,85.60000000,45728214,45728214,1782868043576364,False,True
33727597,0.08775000,595.40000000,45728215,45728215,1782868043576364,False,True
33727598,0.08774000,408.80000000,45728216,45728216,1782868055574762,False,True
33727599,0.08775000,798.40000000,45728217,45728218,1782868067577495,False,True
33727600,0.08775000,368.80000000,45728219,45728219,1782868079574671,False,True
33727601,0.08775000,411.30000000,45728220,45728220,1782868091574732,False,True
33727602,0.08774000,302.60000000,45728221,45728221,1782868103577593,False,True
33727603,0.08774000,254.70000000,45728222,45728222,1782868115574317,False,True
33727604,0.08774000,321.80000000,45728223,45728223,1782868127574344,False,True
33727605,0.08772000,193.50000000,45728224,45728224,1782868139576029,False,True
33727606,0.08772000,85.60000000,45728225,45728225,1782868151574724,False,True
33727607,0.08773000,348.00000000,45728226,45728226,1782868151574724,False,True
33727608,0.08771000,482.90000000,45728227,45728227,1782868163574746,False,True
33727609,0.08771000,368.80000000,45728228,45728228,1782868175578443,False,True
33727610,0.08772000,85.60000000,45728229,45728229,1782868187574606,False,True
33727611,0.08773000,85.60000000,45728230,45728230,1782868187574606,False,True
33727612,0.08774000,85.60000000,45728231,45728231,1782868211573840,False,True
33727613,0.08775000,85.60000000,45728232,45728232,1782868211573840,False,True
33727614,0.08775000,343.60000000,45728233,45728233,1782868215646509,True,True
33727615,0.08772000,424.30000000,45728234,45728235,1782868223575157,False,True
33727616,0.08767000,5636.20000000,45728236,45728236,1782868227502177,True,True
33727617,0.08767000,1543.70000000,45728237,45728237,1782868227503251,True,True
33727618,0.08767000,11642.60000000,45728238,45728238,1782868227507441,True,True
33727619,0.08767000,705.40000000,45728239,45728239,1782868227508941,True,True
33727620,0.08767000,2240.80000000,45728240,45728240,1782868227527634,True,True
33727621,0.08767000,2240.00000000,45728241,45728241,1782868227615186,True,True
33727622,0.08767000,6934.90000000,45728242,45728242,1782868227616717,True,True
33727623,0.08764000,1238.00000000,45728243,45728245,1782868227779894,True,True
33727624,0.08764000,3820.00000000,45728246,45728246,1782868227782605,True,True
33727625,0.08764000,1667.80000000,45728247,45728247,1782868227783660,True,True
33727626,0.08764000,19546.30000000,45728248,45728248,1782868227783942,True,True
33727627,0.08761000,187.80000000,45728249,45728249,1782868227791486,True,True
33727628,0.08760000,85.70000000,45728250,45728250,1782868233537317,False,True
33727629,0.08759000,1058.70000000,45728251,45728251,1782868233537607,True,True
33727630,0.08761000,85.70000000,45728252,45728252,1782868235575140,False,True
33727631,0.08762000,85.70000000,45728253,45728253,1782868235575140,False,True
33727632,0.08763000,85.70000000,45728254,45728254,1782868236487725,False,True
33727633,0.08764000,171.40000000,45728255,45728256,1782868236487725,False,True
33727634,0.08765000,1638.10000000,45728257,45728258,1782868236487725,False,True
33727635,0.08766000,1720.20000000,45728259,45728260,1782868236487725,False,True
33727636,0.08766000,345.00000000,45728261,45728265,1782868236514425,False,True
33727637,0.08767000,8263.30000000,45728266,45728268,1782868236514425,False,True
33727638,0.08768000,85.60000000,45728269,45728269,1782868249498653,False,True
33727639,0.08768000,85.60000000,45728270,45728270,1782868249498785,False,True
33727640,0.08769000,85.60000000,45728271,45728271,1782868249499971,False,True
33727641,0.08770000,85.60000000,45728272,45728272,1782868259582452,False,True
33727642,0.08771000,85.60000000,45728273,45728273,1782868259582452,False,True
33727643,0.08771000,100.40000000,45728274,45728274,1782868260761821,True,True
33727644,0.08772000,243.80000000,45728275,45728275,1782868271573849,False,True
33727645,0.08772000,888.90000000,45728276,45728276,1782868283575334,False,True
33727646,0.08775000,719.70000000,45728277,45728278,1782868295575741,False,True
33727647,0.08776000,931.70000000,45728279,45728279,1782868307574660,False,True
33727648,0.08776000,3127.30000000,45728280,45728280,1782868307689191,False,True
33727649,0.08776000,6814.40000000,45728281,45728281,1782868307690436,False,True
33727650,0.08776000,638.50000000,45728282,45728282,1782868319577385,False,True
33727651,0.08776000,702.50000000,45728283,45728283,1782868331576073,False,True
33727652,0.08775000,155.50000000,45728284,45728284,1782868343575250,False,True
33727653,0.08775000,134.40000000,45728285,45728285,1782868355575091,False,True
33727654,0.08772000,661.00000000,45728286,45728287,1782868364928512,True,True
33727655,0.08772000,680.00000000,45728288,45728288,1782868364930495,True,True
33727656,0.08766000,660.00000000,45728289,45728289,1782868364955124,True,True
33727657,0.08766000,330.00000000,45728290,45728290,1782868364955255,True,True
33727658,0.08766000,330.00000000,45728291,45728291,1782868364955609,True,True
33727659,0.08766000,154.00000000,45728292,45728292,1782868364971478,True,True
33727660,0.08764000,783.30000000,45728293,45728293,1782868365240272,False,True
33727661,0.08763000,22823.20000000,45728294,45728294,1782868365257257,True,True
33727662,0.08763000,14879.90000000,45728295,45728295,1782868365329588,True,True
33727663,0.08760000,114.10000000,45728296,45728296,1782868365394612,True,True
33727664,0.08760000,1474.00000000,45728297,45728297,1782868365636839,True,True
33727665,0.08760000,6220.00000000,45728298,45728298,1782868365945087,True,True
33727666,0.08760000,6900.00000000,45728299,45728299,1782868365946322,True,True
33727667,0.08760000,4574.40000000,45728300,45728300,1782868365958281,True,True
33727668,0.08759000,212.90000000,45728301,45728301,1782868367578235,False,True
33727669,0.08754000,149.30000000,45728302,45728302,1782868370050193,True,True
33727670,0.08748000,212.90000000,45728303,45728303,1782868372661860,False,True
33727671,0.08747000,1552.50000000,45728304,45728304,1782868372666378,True,True
33727672,0.08748000,741.30000000,45728305,45728305,1782868372696217,False,True
33727673,0.08745000,201.00000000,45728306,45728308,1782868372707832,True,True
33727674,0.08744000,1552.50000000,45728309,45728309,1782868372707832,True,True
33727675,0.08743000,173.70000000,45728310,45728310,1782868372707832,True,True
33727676,0.08748000,598.80000000,45728311,45728311,1782868374472617,False,True
33727677,0.08749000,85.80000000,45728312,45728312,1782868374472617,False,True
33727678,0.08750000,85.80000000,45728313,45728313,1782868374472617,False,True
33727679,0.08751000,85.80000000,45728314,45728314,1782868374472617,False,True
33727680,0.08752000,9139.90000000,45728315,45728319,1782868374472617,False,True
33727681,0.08753000,12479.80000000,45728320,45728323,1782868374472617,False,True
33727682,0.08754000,13778.30000000,45728324,45728326,1782868374472617,False,True
33727683,0.08755000,4103.60000000,45728327,45728328,1782868374472617,False,True
33727684,0.08755000,1341.50000000,45728329,45728329,1782868374476136,False,True
33727685,0.08756000,4887.40000000,45728330,45728332,1782868374926161,False,True
33727686,0.08751000,1552.50000000,45728333,45728333,1782868375256707,True,True
33727687,0.08748000,1552.50000000,45728334,45728334,1782868375475580,True,True
33727688,0.08747000,1006.00000000,45728335,45728335,1782868375624814,True,True
33727689,0.08747000,3837.00000000,45728336,45728336,1782868375627127,True,True
33727690,0.08748000,0.50000000,45728337,45728337,1782868377659417,False,True
33727691,0.08751000,0.50000000,45728338,45728338,1782868377659417,False,True
33727692,0.08752000,171.60000000,45728339,45728340,1782868377659417,False,True
33727693,0.08753000,85.80000000,45728341,45728341,1782868377659417,False,True
33727694,0.08754000,5283.00000000,45728342,45728344,1782868377659417,False,True
33727695,0.08755000,85.80000000,45728345,45728345,1782868377659417,False,True
33727696,0.08756000,5177.90000000,45728346,45728348,1782868377659417,False,True
33727697,0.08757000,7823.20000000,45728349,45728352,1782868377659417,False,True
33727698,0.08758000,85.70000000,45728353,45728353,1782868377659417,False,True
33727699,0.08759000,85.70000000,45728354,45728354,1782868377659417,False,True
33727700,0.08760000,6356.40000000,45728355,45728357,1782868377659417,False,True
33727701,0.08761000,8737.30000000,45728358,45728360,1782868377659417,False,True
33727702,0.08762000,2360.70000000,45728361,45728362,1782868377659417,False,True
33727703,0.08754000,232.00000000,45728363,45728363,1782868378605532,True,True
33727704,0.08761000,5272.20000000,45728364,45728365,1782868378621421,False,True
33727705,0.08762000,11858.10000000,45728366,45728369,1782868378621421,False,True
