10252415,0.11390000,356.43000000,23629582,23629584,1782864009934160,False,True
10252416,0.11370000,616.10000000,23629585,23629588,1782864023668730,True,True
10252417,0.11370000,47.40000000,23629589,23629589,1782864023672681,True,True
10252418,0.11380000,378.00000000,23629590,23629590,1782864023844762,False,True
10252419,0.11380000,176.70000000,23629591,23629591,1782864023877479,False,True
10252420,0.11380000,44.90000000,23629592,23629592,1782864024085764,False,True
10252421,0.11360000,352.20000000,23629593,23629594,1782864037780392,True,True
10252422,0.11350000,176.09000000,23629595,23629595,1782864037783831,True,True
10252423,0.11350000,209.17000000,23629596,23629597,1782864037785119,True,True
10252424,0.11350000,209.20000000,23629598,23629599,1782864037785990,True,True
10252425,0.11350000,143.20000000,23629600,23629600,1782864037787584,True,True
10252426,0.11340000,524.50000000,23629601,23629601,1782864037789797,True,True
10252427,0.11340000,57.69000000,23629602,23629602,1782864037790158,True,True
10252428,0.11340000,176.20000000,23629603,23629603,1782864037791332,True,True
10252429,0.11340000,74.80000000,23629604,23629604,1782864037791531,True,True
10252430,0.11360000,44.40000000,23629605,23629605,1782864037918337,False,True
10252431,0.11360000,307.80000000,23629606,23629607,1782864064880793,False,True
10252432,0.11410000,70.40000000,23629608,23629608,1782864127745004,False,True
10252433,0.11420000,62.40000000,23629609,23629609,1782864127973793,False,True
10252434,0.11420000,1550.87000000,23629610,23629610,1782864127974841,False,True
10252435,0.11420000,1033.05000000,23629611,23629611,1782864127975321,False,True
10252436,0.11430000,62.40000000,23629612,23629612,1782864127990212,False,True
10252437,0.11430000,62.40000000,23629613,23629613,1782864127990824,False,True
10252438,0.11440000,54.46000000,23629614,23629614,1782864207417871,False,True
10252439,0.11450000,44.60000000,23629615,23629615,1782864214186258,False,True
10252440,0.11450000,44.60000000,23629616,23629616,1782864214202958,False,True
10252441,0.11450000,210.60000000,23629617,23629617,1782864214412549,False,True
10252442,0.11450000,0.07000000,23629618,23629618,1782864214451985,False,True
10252443,0.11460000,210.53000000,23629619,23629619,1782864214451985,False,True
10252444,0.11460000,7325.40000000,23629620,23629628,1782864215815875,False,True
10252445,0.11470000,1444.87000000,23629629,23629636,1782864230535353,False,True
10252446,0.11470000,160.16000000,23629637,23629638,1782864230535400,False,True
10252447,0.11480000,112.64000000,23629639,23629640,1782864230535400,False,True
10252448,0.11460000,375.81000000,23629641,23629641,1782864230657706,True,True
10252449,0.11460000,349.00000000,23629642,23629643,1782864230659153,True,True
10252450,0.11470000,526.80000000,23629644,23629645,1782864230721886,False,True
10252451,0.11470000,45.82000000,23629646,23629646,1782864234241541,False,True
10252452,0.11470000,2127.04000000,23629647,23629647,1782864236620779,False,True
10252453,0.11480000,1252.81000000,23629648,23629649,1782864244422936,False,True
10252454,0.11480000,1131.46000000,23629650,23629651,1782864244431460,False,True
10252455,0.11490000,1272.71000000,23629652,23629654,1782864249391654,False,True
10252456,0.11500000,2584.68000000,23629655,23629656,1782864249391654,False,True
10252457,0.11500000,1014.02000000,23629657,23629662,1782864305886299,False,True
10252458,0.11520000,49.22000000,23629663,23629664,1782864306249791,False,True
10252459,0.11500000,195.16000000,23629665,23629666,1782864307844015,True,True
10252460,0.11520000,1231.81000000,23629667,23629669,1782864310724460,False,True
10252461,0.11510000,597.14000000,23629670,23629671,1782864376171611,True,True
10252462,0.11510000,119.42000000,23629672,23629672,1782864376172839,True,True
10252463,0.11500000,695.60000000,23629673,23629676,1782864376172839,True,True
10252464,0.11490000,1158.87000000,23629677,23629678,1782864376202612,True,True
10252465,0.11510000,1599.60000000,23629679,23629679,1782864420861592,False,True
10252466,0.11510000,812.36000000,23629680,23629680,1782864420863131,False,True
10252467,0.11510000,88.20000000,23629681,23629681,1782864453790713,True,True
10252468,0.11510000,401.03000000,23629682,23629683,1782864453790802,True,True
10252469,0.11510000,46.08000000,23629684,23629684,1782864453793504,True,True
10252470,0.11510000,51.76000000,23629685,23629685,1782864453793585,True,True
10252471,0.11490000,275.39000000,23629686,23629687,1782864453793593,True,True
10252472,0.11490000,143.60000000,23629688,23629689,1782864453798176,True,True
10252473,0.11500000,457.74000000,23629690,23629690,1782864608245183,True,True
10252474,0.11500000,91.54000000,23629691,23629691,1782864608247659,True,True
10252475,0.11490000,265.75000000,23629692,23629693,1782864608247659,True,True
10252476,0.11490000,363.50000000,23629694,23629697,1782864608247918,True,True
10252477,0.11490000,363.50000000,23629698,23629698,1782864608248325,True,True
10252478,0.11490000,573.59000000,23629699,23629699,1782864608259556,True,True
10252479,0.11490000,1164.14000000,23629700,23629700,1782864694914054,True,True
10252480,0.11510000,66.63000000,23629701,23629701,1782864705933438,False,True
10252481,0.11510000,43.90000000,23629702,23629702,1782864724833594,True,True
10252482,0.11520000,120.98000000,23629703,23629703,1782864778581094,True,True
10252483,0.11540000,53.88000000,23629704,23629704,1782864801495733,False,True
10252484,0.11550000,2041.82000000,23629705,23629707,1782864867119854,False,True
10252485,0.11560000,64.56000000,23629708,23629708,1782864906019132,False,True
10252486,0.11530000,1672.36000000,23629709,23629710,1782864964877005,True,True
10252487,0.11520000,1489.81000000,23629711,23629711,1782864964888221,True,True
10252488,0.11520000,2161.93000000,23629712,23629714,1782864964890152,True,True
10252489,0.11530000,2603.50000000,23629715,23629719,1782864966154338,False,True
10252490,0.11540000,322.40000000,23629720,23629720,1782864966157041,True,True
10252491,0.11550000,1609.12000000,23629721,23629721,1782865022051005,False,True
10252492,0.11550000,127.59000000,23629722,23629722,1782865022054204,False,True
10252493,0.11560000,44.20000000,23629723,23629723,1782865050522255,False,True
10252494,0.11560000,44.20000000,23629724,23629724,1782865050597896,False,True
10252495,0.11560000,44.20000000,23629725,23629725,1782865050610746,False,True
10252496,0.11560000,44.20000000,23629726,23629726,1782865050611561,False,True
10252497,0.11550000,658.26000000,23629727,23629728,1782865080703673,True,True
10252498,0.11540000,1254.28000000,23629729,23629731,1782865080724852,True,True
10252499,0.11540000,250.85000000,23629732,23629732,1782865080744143,True,True
10252500,0.11540000,50.17000000,23629733,23629733,1782865080746444,True,True
10252501,0.11540000,43.70000000,23629734,23629734,1782865080852448,False,True
10252502,0.11530000,920.30000000,23629735,23629736,1782865089198012,True,True
10252503,0.11530000,127.61000000,23629737,23629738,1782865089199727,True,True
10252504,0.11530000,129.73000000,23629739,23629740,1782865089202959,True,True
10252505,0.11530000,110.23000000,23629741,23629742,1782865089205033,True,True
10252506,0.11530000,255.07000000,23629743,23629743,1782865089205042,True,True
10252507,0.11530000,73.06000000,23629744,23629744,1782865089206403,True,True
10252508,0.11510000,83.04000000,23629745,23629745,1782865089206403,True,True
10252509,0.11510000,1000.00000000,23629746,23629746,1782865142047843,True,True
10252510,0.11510000,603.69000000,23629747,23629748,1782865142131658,True,True
10252511,0.11510000,255.50000000,23629749,23629751,1782865142131770,True,True
10252512,0.11510000,175.20000000,23629752,23629753,1782865142133085,True,True
10252513,0.11510000,134.00000000,23629754,23629754,1782865142133149,True,True
10252514,0.11510000,55.26000000,23629755,23629755,1782865142135227,True,True
10252515,0.11500000,50.14000000,23629756,23629756,1782865142135227,True,True
10252516,0.11510000,51.10000000,23629757,23629757,1782865237134584,False,True
10252517,0.11510000,46.00000000,23629758,23629758,1782865237348631,False,True
10252518,0.11510000,44.40000000,23629759,23629759,1782865237583640,False,True
10252519,0.11510000,44.40000000,23629760,23629760,1782865237807598,False,True
10252520,0.11510000,44.40000000,23629761,23629761,1782865238031726,False,True
10252521,0.11510000,198.90000000,23629762,23629762,1782865294238886,False,True
10252522,0.11510000,78.35000000,23629763,23629763,1782865318291423,False,True
10252523,0.11510000,156.38000000,23629764,23629764,1782865326139826,False,True
10252524,0.11510000,78.35000000,23629765,23629765,1782865331617235,False,True
10252525,0.11510000,47.60000000,23629766,23629766,1782865335624547,False,True
10252526,0.11510000,256.20000000,23629767,23629767,1782865341327046,False,True
10252527,0.11510000,256.20000000,23629768,23629768,1782865341444064,False,True
10252528,0.11510000,173.60000000,23629769,23629769,1782865348537228,False,True
10252529,0.11510000,1602.59000000,23629770,23629770,1782865348538561,False,True
10252530,0.11510000,1602.59000000,23629771,23629772,1782865348539676,False,True
10252531,0.11510000,1239.68000000,23629773,23629774,1782865348540464,False,True
10252532,0.11520000,173.60000000,23629775,23629775,1782865348543734,False,True
10252533,0.11530000,173.60000000,23629776,23629776,1782865348552641,False,True
10252534,0.11530000,91.80000000,23629777,23629777,1782865348578187,False,True
10252535,0.11530000,81.80000000,23629778,23629778,1782865348580785,False,True
10252536,0.11530000,44.50000000,23629779,23629779,1782865352513889,False,True
10252537,0.11540000,44.50000000,23629780,23629780,1782865352529981,False,True
10252538,0.11520000,103.70000000,23629781,23629781,1782865360499527,True,True
10252539,0.11520000,76.30000000,23629782,23629782,1782865360501117,True,True
10252540,0.11530000,223.80000000,23629783,23629783,1782865360655954,False,True
10252541,0.11510000,1400.99000000,23629784,23629784,1782865427447767,True,True
10252542,0.11510000,319.04000000,23629785,23629785,1782865427449196,True,True
10252543,0.11510000,794.57000000,23629786,23629787,1782865427449857,True,True
10252544,0.11530000,1612.24000000,23629788,23629788,1782865439067426,False,True
10252545,0.11530000,51.40000000,23629789,23629789,1782865439079901,False,True
10252546,0.11530000,445.50000000,23629790,23629790,1782865439241183,False,True
10252547,0.11530000,445.50000000,23629791,23629791,1782865439252000,False,True
10252548,0.11530000,52.90000000,23629792,23629792,1782865440339657,False,True
10252549,0.11530000,47.60000000,23629793,23629793,1782865440545638,False,True
10252550,0.11530000,44.30000000,23629794,23629794,1782865440763820,False,True
10252551,0.11530000,44.30000000,23629795,23629795,1782865440967579,False,True
10252552,0.11530000,44.30000000,23629796,23629796,1782865441214888,False,True
10252553,0.11520000,576.16000000,23629797,23629798,1782865446727987,True,True
10252554,0.11510000,2130.11000000,23629799,23629800,1782865447562242,True,True
10252555,0.11500000,764.80000000,23629801,23629805,1782865447563789,True,True
10252556,0.11500000,1329.58000000,23629806,23629807,1782865447567538,True,True
10252557,0.11500000,60.81000000,23629808,23629808,1782865447570823,True,True
10252558,0.11500000,792.24000000,23629809,23629810,1782865447572254,True,True
10252559,0.11500000,86.99000000,23629811,23629811,1782865447576886,False,True
10252560,0.11490000,129.90000000,23629812,23629812,1782865447586130,True,True
10252561,0.11490000,173.90000000,23629813,23629813,1782865447587610,True,True
10252562,0.11490000,173.90000000,23629814,23629814,1782865447593353,True,True
10252563,0.11490000,288.30000000,23629815,23629815,1782865447595647,True,True
10252564,0.11490000,173.90000000,23629816,23629816,1782865447595932,True,True
10252565,0.11490000,766.00000000,23629817,23629817,1782865447599096,True,True
10252566,0.11490000,766.00000000,23629818,23629818,1782865447599230,True,True
10252567,0.11490000,766.00000000,23629819,23629820,1782865447600173,True,True
10252568,0.11490000,766.00000000,23629821,23629821,1782865447602323,True,True
10252569,0.11490000,56.50000000,23629822,23629822,1782865447602342,True,True
10252570,0.11490000,221.40000000,23629823,23629823,1782865447605832,True,True
10252571,0.11490000,544.60000000,23629824,23629824,1782865447607187,True,True
10252572,0.11490000,371.10000000,23629825,23629825,1782865447607412,True,True
10252573,0.11510000,4036.00000000,23629826,23629831,1782865600475065,False,True
10252574,0.11510000,181.70000000,23629832,23629832,1782865600476506,False,True
10252575,0.11520000,347.40000000,23629833,23629834,1782865600478178,False,True
10252576,0.11530000,458.38000000,23629835,23629835,1782865600549146,False,True
10252577,0.11530000,86.69000000,23629836,23629836,1782865604407874,True,True
10252578,0.11530000,44.45000000,23629837,23629837,1782865609856293,True,True
10252579,0.11530000,422.28000000,23629838,23629838,1782865620602111,True,True
10252580,0.11540000,445.50000000,23629839,23629839,1782865728067350,False,True
10252581,0.11540000,2798.10000000,23629840,23629840,1782865728069141,False,True
10252582,0.11550000,1572.79000000,23629841,23629841,1782865866762229,False,True
10252583,0.11550000,183.00000000,23629842,23629842,1782865866764840,False,True
10252584,0.11550000,51.30000000,23629843,23629843,1782865871389840,False,True
10252585,0.11550000,74.80000000,23629844,23629844,1782865871773894,False,True
10252586,0.11550000,67.30000000,23629845,23629845,1782865872039614,False,True
10252587,0.11550000,60.60000000,23629846,23629846,1782865873124126,False,True
10252588,0.11550000,63.70000000,23629847,23629847,1782865877498953,False,True
10252589,0.11540000,763.00000000,23629848,23629849,1782865894610115,True,True
10252590,0.11540000,535.50000000,23629850,23629850,1782865894610271,True,True
10252591,0.11540000,779.45000000,23629851,23629852,1782865894610641,True,True
10252592,0.11530000,530.30000000,23629853,23629853,1782865894611196,True,True
10252593,0.11530000,227.50000000,23629854,23629854,1782865894611275,True,True
10252594,0.11540000,155.89000000,23629855,23629855,1782865894612260,True,True
10252595,0.11530000,139.01000000,23629856,23629856,1782865894612260,True,True
10252596,0.11530000,183.50000000,23629857,23629857,1782865894612399,True,True
10252597,0.11530000,374.50000000,23629858,23629858,1782865894614946,True,True
10252598,0.11550000,445.50000000,23629859,23629859,1782865905964215,False,True
10252599,0.11550000,50.90000000,23629860,23629860,1782865908194399,False,True
10252600,0.11550000,50.90000000,23629861,23629861,1782865909015797,False,True
10252601,0.11550000,45.80000000,23629862,23629862,1782865909231628,False,True
10252602,0.11550000,44.20000000,23629863,23629863,1782865909959687,False,True
10252603,0.11550000,44.20000000,23629864,23629864,1782865910927403,False,True
10252604,0.11550000,44.20000000,23629865,23629865,1782865911394164,False,True
10252605,0.11540000,180.00000000,23629866,23629866,1782865920664072,True,True
10252606,0.11530000,84.20000000,23629867,23629868,1782865920667898,True,True
10252607,0.11530000,51.89000000,23629869,23629869,1782865920668166,True,True
10252608,0.11530000,84.20000000,23629870,23629870,1782865920668204,True,True
10252609,0.11550000,43.30000000,23629871,23629871,1782865920690157,False,True
10252610,0.11550000,43.30000000,23629872,23629872,1782865920714976,False,True
10252611,0.11530000,2645.18000000,23629873,23629873,1782865933498081,True,True
10252612,0.11520000,1923.65000000,23629874,23629879,1782865933498390,True,True
10252613,0.11510000,2181.74000000,23629880,23629882,1782865933498627,True,True
10252614,0.11500000,1591.80000000,23629883,23629887,1782865933499158,True,True
10252615,0.11490000,711.53000000,23629888,23629890,1782865933499158,True,True
10252616,0.11480000,4022.20000000,23629891,23629893,1782865933499620,True,True
10252617,0.11480000,3972.34000000,23629894,23629894,1782865933499854,True,True
10252618,0.11470000,46.67000000,23629895,23629895,1782865933499854,True,True
10252619,0.11470000,617.53000000,23629896,23629896,1782865933500663,True,True
10252620,0.11470000,209.20000000,23629897,23629897,1782865933501838,False,True
10252621,0.11460000,222.70000000,23629898,23629899,1782865933502174,True,True
10252622,0.11470000,209.20000000,23629900,23629900,1782865933502180,False,True
10252623,0.11470000,209.20000000,23629901,23629902,1782865933502269,False,True
10252624,0.11470000,171.05000000,23629903,23629903,1782865933502467,False,True
10252625,0.11470000,51.57000000,23629904,23629904,1782865933502563,False,True
10252626,0.11490000,157.63000000,23629905,23629905,1782865933502563,False,True
10252627,0.11460000,209.20000000,23629906,23629906,1782865933502769,False,True
10252628,0.11460000,209.20000000,23629907,23629907,1782865933502934,False,True
10252629,0.11450000,355.90000000,23629908,23629909,1782865933503141,True,True
10252630,0.11450000,1734.50000000,23629910,23629910,1782865933503552,True,True
10252631,0.11440000,1734.50000000,23629911,23629912,1782865933503636,True,True
10252632,0.11440000,173.60000000,23629913,23629913,1782865933503748,True,True
10252633,0.11450000,862.94000000,23629914,23629914,1782865933504703,True,True
10252634,0.11430000,347.36000000,23629915,23629915,1782865933504703,True,True
10252635,0.11460000,587.07000000,23629916,23629917,1782865933504883,False,True
10252636,0.11440000,163.50000000,23629918,23629918,1782865933505351,True,True
10252637,0.11450000,169.31000000,23629919,23629919,1782865933506165,True,True
10252638,0.11450000,2645.18000000,23629920,23629921,1782865933507146,True,True
10252639,0.11460000,210.00000000,23629922,23629923,1782865933507747,False,True
10252640,0.11460000,114.52000000,23629924,23629924,1782865933508136,False,True
10252641,0.11480000,95.48000000,23629925,23629925,1782865933508136,False,True
10252642,0.11460000,93.34000000,23629926,23629926,1782865933510016,False,True
10252643,0.11480000,210.00000000,23629927,23629927,1782865933510458,False,True
10252644,0.11480000,156.51000000,23629928,23629928,1782865933510725,False,True
10252645,0.11490000,53.49000000,23629929,23629929,1782865933510725,False,True
10252646,0.11480000,210.00000000,23629930,23629930,1782865933512551,False,True
10252647,0.11480000,210.00000000,23629931,23629932,1782865933512747,False,True
10252648,0.11480000,210.00000000,23629933,23629935,1782865933512918,False,True
10252649,0.11490000,209.60000000,23629936,23629936,1782865933516248,False,True
10252650,0.11460000,205.80000000,23629937,23629938,1782865933528692,True,True
10252651,0.11480000,168.20000000,23629939,23629939,1782865933531767,False,True
10252652,0.11490000,41.40000000,23629940,23629940,1782865933531767,False,True
10252653,0.11490000,209.60000000,23629941,23629941,1782865933531943,False,True
10252654,0.11490000,209.60000000,23629942,23629942,1782865933532195,False,True
10252655,0.11490000,209.60000000,23629943,23629943,1782865933532640,False,True
10252656,0.11460000,168.98000000,23629944,23629944,1782865933534660,True,True
10252657,0.11460000,200.50000000,23629945,23629945,1782865933534767,True,True
10252658,0.11460000,134.38000000,23629946,23629947,1782865933534832,True,True
10252659,0.11450000,17.20000000,23629948,23629948,1782865933534832,True,True
10252660,0.11460000,155.70000000,23629949,23629950,1782865933537372,True,True
10252661,0.11460000,40.67000000,23629951,23629951,1782865933537644,True,True
10252662,0.11450000,115.03000000,23629952,23629952,1782865933537644,True,True
10252663,0.11480000,99.56000000,23629953,23629953,1782865933550000,False,True
10252664,0.11460000,207.00000000,23629954,23629955,1782865933553761,True,True
10252665,0.11460000,103.20000000,23629956,23629956,1782865933554655,True,True
10252666,0.11460000,415.20000000,23629957,23629957,1782865933554991,True,True
10252667,0.11460000,110.00000000,23629958,23629958,1782865933555088,True,True
10252668,0.11490000,590.00000000,23629959,23629959,1782865933558238,False,True
10252669,0.11470000,144.00000000,23629960,23629960,1782865933562612,True,True
10252670,0.11490000,143.99000000,23629961,23629961,1782865933564757,False,True
10252671,0.11480000,64.34000000,23629962,23629962,1782865933567703,True,True
10252672,0.11480000,183.00000000,23629963,23629963,1782865933569028,True,True
10252673,0.11480000,207.00000000,23629964,23629964,1782865933584828,True,True
10252674,0.11490000,427.65000000,23629965,23629967,1782865933669166,False,True
10252675,0.11500000,416.96000000,23629968,23629969,1782865933669166,False,True
10252676,0.11510000,235.19000000,23629970,23629970,1782865933669166,False,True
10252677,0.11510000,405.40000000,23629971,23629971,1782865933675834,False,True
10252678,0.11490000,49.22000000,23629972,23629972,1782865933799730,False,True
10252679,0.11490000,49.22000000,23629973,23629973,1782865933828556,True,True
10252680,0.11490000,64.99000000,23629974,23629974,1782865934403851,True,True
10252681,0.11500000,1088.01000000,23629975,23629982,1782865935070039,False,True
10252682,0.11500000,765.54000000,23629983,23629986,1782865938693294,True,True
10252683,0.11500000,314.20000000,23629987,23629987,1782865938693392,True,True
10252684,0.11500000,1057.00000000,23629988,23629989,1782865938694467,True,True
10252685,0.11500000,405.40000000,23629990,23629990,1782865938694726,True,True
10252686,0.11500000,801.60000000,23629991,23629991,1782865938695413,True,True
10252687,0.11500000,765.60000000,23629992,23629993,1782865938695455,True,True
10252688,0.11500000,765.54000000,23629994,23629994,1782865938695668,True,True
10252689,0.11500000,765.60000000,23629995,23629995,1782865938695673,True,True
10252690,0.11500000,46.00000000,23629996,23629996,1782865938696048,True,True
10252691,0.11500000,447.82000000,23629997,23629997,1782865938696081,True,True
10252692,0.11500000,260.77000000,23629998,23629998,1782865943617356,True,True
10252693,0.11500000,1232.40000000,23629999,23629999,1782865943620138,True,True
10252694,0.11500000,765.70000000,23630000,23630001,1782865943620241,True,True
10252695,0.11500000,765.70000000,23630002,23630003,1782865943620266,True,True
10252696,0.11500000,567.63000000,23630004,23630005,1782865943620462,True,True
10252697,0.11490000,198.07000000,23630006,23630006,1782865943620462,True,True
10252698,0.11490000,397.23000000,23630007,23630007,1782865943621003,True,True
10252699,0.11490000,726.50000000,23630008,23630008,1782865943623235,True,True
10252700,0.11490000,107.40000000,23630009,23630009,1782865943623717,True,True
10252701,0.11490000,765.70000000,23630010,23630010,1782865943623832,True,True
10252702,0.11490000,765.70000000,23630011,23630012,1782865943624141,True,True
10252703,0.11490000,658.30000000,23630013,23630013,1782865943625083,True,True
10252704,0.11490000,413.99000000,23630014,23630014,1782865943646755,True,True
10252705,0.11490000,357.51000000,23630015,23630016,1782865953621963,True,True
10252706,0.11490000,321.76000000,23630017,23630017,1782865963624981,True,True
10252707,0.11490000,289.58000000,23630018,23630018,1782865973631078,True,True
10252708,0.11490000,288.23000000,23630019,23630019,1782865978631536,True,True
10252709,0.11490000,2606.23000000,23630020,23630023,1782865978631698,True,True
10252710,0.11490000,4.16000000,23630024,23630024,1782865980600336,True,True
10252711,0.11480000,112.40000000,23630025,23630025,1782865980600531,True,True
10252712,0.11480000,334.00000000,23630026,23630028,1782865980600626,True,True
10252713,0.11480000,334.00000000,23630029,23630031,1782865980600815,True,True
10252714,0.11480000,373.20000000,23630032,23630033,1782865980600833,True,True
10252715,0.11480000,334.00000000,23630034,23630034,1782865980600933,True,True
10252716,0.11480000,221.60000000,23630035,23630035,1782865980602195,True,True
10252717,0.11480000,133.30000000,23630036,23630036,1782865980603124,True,True
10252718,0.11480000,84.70000000,23630037,23630037,1782865980604190,True,True
10252719,0.11480000,68.20000000,23630038,23630038,1782865980605006,True,True
10252720,0.11480000,89.40000000,23630039,23630039,1782865980605296,True,True
10252721,0.11480000,131.70000000,23630040,23630040,1782865980605640,True,True
10252722,0.11480000,305.80000000,23630041,23630041,1782865980606015,True,True
10252723,0.11480000,172.20000000,23630042,23630042,1782865980608494,True,True
10252724,0.11480000,112.40000000,23630043,23630043,1782865980608764,True,True
10252725,0.11480000,144.00000000,23630044,23630044,1782865980608771,True,True
10252726,0.11480000,161.80000000,23630045,23630045,1782865980608980,True,True
10252727,0.11480000,191.96000000,23630046,23630048,1782866060740517,True,True
10252728,0.11470000,14.34000000,23630049,23630049,1782866060740517,True,True
10252729,0.11470000,133.90000000,23630050,23630051,1782866114664693,True,True
10252730,0.11480000,715.77000000,23630052,23630056,1782866119649054,False,True
10252731,0.11480000,333.32000000,23630057,23630058,1782866125201134,True,True
10252732,0.11470000,395.69000000,23630059,23630061,1782866125201134,True,True
10252733,0.11460000,193.84000000,23630062,23630063,1782866125201868,True,True
10252734,0.11450000,1472.66000000,23630064,23630066,1782866125201868,True,True
10252735,0.11450000,174.10000000,23630067,23630067,1782866125201924,True,True
10252736,0.11450000,174.10000000,23630068,23630068,1782866125202085,True,True
10252737,0.11450000,174.10000000,23630069,23630069,1782866125202291,True,True
10252738,0.11450000,1666.50000000,23630070,23630071,1782866125202297,True,True
10252739,0.11450000,1022.91000000,23630072,23630074,1782866161237792,True,True
10252740,0.11450000,423.62000000,23630075,23630077,1782866161237970,True,True
10252741,0.11440000,2942.80000000,23630078,23630079,1782866161238605,True,True
10252742,0.11440000,533.25000000,23630080,23630080,1782866161239300,True,True
10252743,0.11440000,724.53000000,23630081,23630081,1782866161239440,True,True
10252744,0.11430000,46.67000000,23630082,23630082,1782866161242802,True,True
10252745,0.11420000,24.73000000,23630083,23630083,1782866161242802,True,True
10252746,0.11420000,74.20000000,23630084,23630085,1782866161244333,True,True
10252747,0.11420000,113.60000000,23630086,23630086,1782866161272010,True,True
10252748,0.11420000,104.60000000,23630087,23630088,1782866161358609,True,True
10252749,0.11420000,105.23000000,23630089,23630089,1782866161362333,True,True
10252750,0.11410000,8.73000000,23630090,23630090,1782866161362333,True,True
10252751,0.11420000,325.60000000,23630091,23630091,1782866161362978,True,True
10252752,0.11420000,211.60000000,23630092,23630092,1782866161364585,True,True
10252753,0.11420000,127.63000000,23630093,23630093,1782866161485800,True,True
10252754,0.11420000,139.61000000,23630094,23630094,1782866222524762,True,True
10252755,0.11410000,67.39000000,23630095,23630096,1782866222524762,True,True
10252756,0.11410000,503.62000000,23630097,23630099,1782866244999085,True,True
10252757,0.11420000,1502.29000000,23630100,23630100,1782866303566097,False,True
10252758,0.11420000,1502.29000000,23630101,23630101,1782866303567551,False,True
10252759,0.11420000,941.44000000,23630102,23630102,1782866303569540,False,True
10252760,0.11420000,209.37000000,23630103,23630103,1782866303570231,False,True
10252761,0.11420000,183.00000000,23630104,23630104,1782866303570390,False,True
10252762,0.11420000,800.03000000,23630105,23630105,1782866344159155,True,True
10252763,0.11420000,1332.11000000,23630106,23630107,1782866344161503,True,True
10252764,0.11420000,901.36000000,23630108,23630108,1782866344163661,True,True
10252765,0.11420000,183.00000000,23630109,23630110,1782866344165128,True,True
10252766,0.11420000,204.95000000,23630111,23630112,1782866348053317,True,True
10252767,0.11410000,222.46000000,23630113,23630114,1782866348053317,True,True
10252768,0.11400000,1612.36000000,23630115,23630117,1782866348053317,True,True
10252769,0.11400000,185.80000000,23630118,23630118,1782866348057602,True,True
10252770,0.11400000,206.60000000,23630119,23630119,1782866348058510,True,True
10252771,0.11400000,1282.60000000,23630120,23630120,1782866382400271,True,True
10252772,0.11400000,1528.00000000,23630121,23630122,1782866382400344,True,True
10252773,0.11400000,434.26000000,23630123,23630123,1782866382400353,True,True
10252774,0.11390000,104.63000000,23630124,23630125,1782866382400353,True,True
10252775,0.11380000,989.11000000,23630126,23630128,1782866382400353,True,True
10252776,0.11380000,1528.00000000,23630129,23630129,1782866382400357,True,True
10252777,0.11380000,1528.00000000,23630130,23630131,1782866382400414,True,True
10252778,0.11380000,1528.00000000,23630132,23630132,1782866382400672,True,True
10252779,0.11380000,118.36000000,23630133,23630133,1782866382403816,True,True
10252780,0.11380000,1754.20000000,23630134,23630135,1782866382404372,True,True
10252781,0.11380000,975.71000000,23630136,23630136,1782866382404411,True,True
10252782,0.11370000,778.49000000,23630137,23630138,1782866382404411,True,True
10252783,0.11370000,1327.40000000,23630139,23630139,1782866382404807,True,True
10252784,0.11370000,1754.20000000,23630140,23630141,1782866382404854,True,True
10252785,0.11370000,88.20000000,23630142,23630142,1782866382404923,True,True
10252786,0.11370000,1754.20000000,23630143,23630144,1782866382405080,True,True
10252787,0.11370000,89.60000000,23630145,23630145,1782866382405320,True,True
10252788,0.11370000,89.60000000,23630146,23630146,1782866382406315,True,True
10252789,0.11370000,88.80000000,23630147,23630147,1782866382406500,True,True
10252790,0.11370000,221.80000000,23630148,23630148,1782866382406588,True,True
10252791,0.11370000,212.90000000,23630149,23630149,1782866382407027,True,True
10252792,0.11370000,212.90000000,23630150,23630150,1782866382407403,True,True
10252793,0.11380000,468.60000000,23630151,23630151,1782866382565123,False,True
10252794,0.11380000,233.62000000,23630152,23630153,1782866382569123,False,True
10252795,0.11380000,359.50000000,23630154,23630155,1782866383747540,True,True
10252796,0.11380000,71.91000000,23630156,23630156,1782866383749384,True,True
10252797,0.11370000,264.10000000,23630157,23630159,1782866383753668,True,True
10252798,0.11370000,275.59000000,23630160,23630163,1782866387584924,True,True
10252799,0.11370000,55.11000000,23630164,23630164,1782866394094576,True,True
10252800,0.11370000,1334.49000000,23630165,23630165,1782866405909980,False,True
10252801,0.11370000,320.43000000,23630166,23630167,1782866407900637,True,True
10252802,0.11370000,73.32000000,23630168,23630168,1782866407903066,True,True
10252803,0.11370000,1028.69000000,23630169,23630171,1782866531692063,True,True
10252804,0.11370000,1318.20000000,23630172,23630173,1782866531696096,True,True
10252805,0.11370000,1019.80000000,23630174,23630176,1782866531696535,True,True
10252806,0.11370000,88.50000000,23630177,23630177,1782866531699390,True,True
10252807,0.11370000,161.62000000,23630178,23630179,1782866531699420,True,True
10252808,0.11360000,613.08000000,23630180,23630181,1782866531699420,True,True
10252809,0.11360000,44.40000000,23630182,23630182,1782866531700687,True,True
10252810,0.11360000,489.70000000,23630183,23630186,1782866531700712,True,True
10252811,0.11350000,187.80000000,23630187,23630188,1782866531700712,True,True
10252812,0.11360000,819.45000000,23630189,23630190,1782866620072446,True,True
10252813,0.11360000,340.60000000,23630191,23630191,1782866620072572,True,True
10252814,0.11360000,66.70000000,23630192,23630192,1782866620073093,True,True
10252815,0.11360000,444.80000000,23630193,23630193,1782866620073989,True,True
10252816,0.11360000,330.30000000,23630194,23630195,1782866620074581,True,True
10252817,0.11360000,125.80000000,23630196,23630197,1782866620074836,True,True
10252818,0.11350000,16.80000000,23630198,23630198,1782866620074836,True,True
10252819,0.11350000,187.70000000,23630199,23630199,1782866620075949,True,True
10252820,0.11350000,90.60000000,23630200,23630200,1782866620075982,True,True
10252821,0.11350000,221.71000000,23630201,23630202,1782866625463672,True,True
10252822,0.11350000,128.91000000,23630203,23630204,1782866625464394,True,True
10252823,0.11340000,46.67000000,23630205,23630205,1782866625464394,True,True
10252824,0.11330000,1.92000000,23630206,23630206,1782866625464394,True,True
10252825,0.11330000,107.00000000,23630207,23630208,1782866625466954,True,True
10252826,0.11350000,48.31000000,23630209,23630209,1782866645758714,False,True
10252827,0.11350000,1641.30000000,23630210,23630211,1782866647957011,True,True
10252828,0.11350000,388.52000000,23630212,23630212,1782866647962388,True,True
10252829,0.11360000,223.66000000,23630213,23630214,1782866683102359,False,True
10252830,0.11360000,525.13000000,23630215,23630218,1782866683105188,False,True
10252831,0.11370000,47.47000000,23630219,23630219,1782866700882442,False,True
10252832,0.11370000,312.51000000,23630220,23630220,1782866702387282,True,True
10252833,0.11360000,1764.12000000,23630221,23630222,1782866702387600,True,True
10252834,0.11360000,352.82000000,23630223,23630223,1782866702389030,True,True
10252835,0.11380000,1609.77000000,23630224,23630225,1782866825859177,False,True
10252836,0.11380000,1066.93000000,23630226,23630226,1782866825860272,False,True
10252837,0.11380000,108.56000000,23630227,23630227,1782866825989497,True,True
10252838,0.11370000,1442.39000000,23630228,23630231,1782866983634029,True,True
10252839,0.11370000,862.37000000,23630232,23630233,1782866983637675,True,True
10252840,0.11360000,690.75000000,23630234,23630238,1782866983641988,True,True
10252841,0.11350000,1068.25000000,23630239,23630241,1782866983641988,True,True
10252842,0.11350000,1759.00000000,23630242,23630242,1782866983642096,True,True
10252843,0.11350000,1759.00000000,23630243,23630244,1782866983642220,True,True
10252844,0.11360000,138.15000000,23630245,23630245,1782866983643155,True,True
10252845,0.11350000,944.05000000,23630246,23630246,1782866983643155,True,True
10252846,0.11350000,1058.00000000,23630247,23630247,1782866984633768,True,True
10252847,0.11370000,1617.09000000,23630248,23630252,1782867004235704,False,True
10252848,0.11380000,96.64000000,23630253,23630254,1782867004241425,False,True
10252849,0.11370000,47.33000000,23630255,23630255,1782867004480538,True,True
10252850,0.11360000,1099.35000000,23630256,23630258,1782867087744916,True,True
10252851,0.11360000,970.24000000,23630259,23630259,1782867087746911,True,True
10252852,0.11380000,1672.42000000,23630260,23630265,1782867131575243,False,True
10252853,0.11390000,96.60000000,23630266,23630267,1782867131576359,False,True
10252854,0.11390000,133.20000000,23630268,23630268,1782867131654710,True,True
10252855,0.11390000,133.19000000,23630269,23630269,1782867131654995,True,True
10252856,0.11390000,36.69000000,23630270,23630270,1782867131655204,True,True
10252857,0.11380000,96.51000000,23630271,23630271,1782867131655204,True,True
10252858,0.11380000,133.19000000,23630272,23630272,1782867131655365,True,True
10252859,0.11380000,105.00000000,23630273,23630273,1782867131655765,True,True
10252860,0.11380000,105.00000000,23630274,23630274,1782867131657147,True,True
10252861,0.11380000,342.10000000,23630275,23630278,1782867300364169,True,True
10252862,0.11380000,255.29000000,23630279,23630279,1782867300364386,True,True
10252863,0.11370000,86.81000000,23630280,23630280,1782867300364386,True,True
10252864,0.11370000,342.10000000,23630281,23630281,1782867300364414,True,True
10252865,0.11370000,342.10000000,23630282,23630283,1782867300367690,True,True
10252866,0.11360000,752.50000000,23630284,23630287,1782867330027259,True,True
10252867,0.11360000,1582.22000000,23630288,23630288,1782867330029453,True,True
10252868,0.11370000,1604.66000000,23630289,23630291,1782867457099240,False,True
10252869,0.11360000,225.00000000,23630292,23630293,1782867457105741,True,True
10252870,0.11360000,611.70000000,23630294,23630296,1782867481645434,True,True
10252871,0.11370000,499.79000000,23630297,23630297,1782867498726058,True,True
10252872,0.11370000,481.39000000,23630298,23630298,1782867498727270,True,True
10252873,0.11370000,435.15000000,23630299,23630299,1782867498728765,True,True
10252874,0.11360000,455.40000000,23630300,23630300,1782867498729669,True,True
10252875,0.11360000,481.30000000,23630301,23630304,1782867498730833,True,True
10252876,0.11360000,163.29000000,23630305,23630305,1782867498755141,True,True
10252877,0.11370000,562.31000000,23630306,23630308,1782867661928037,False,True
10252878,0.11380000,47.42000000,23630309,23630309,1782867680723235,False,True
10252879,0.11380000,194.00000000,23630310,23630310,1782867700007712,True,True
10252880,0.11380000,164.19000000,23630311,23630312,1782867700007806,True,True
10252881,0.11370000,29.81000000,23630313,23630313,1782867700007806,True,True
10252882,0.11370000,194.00000000,23630314,23630314,1782867700007835,True,True
10252883,0.11370000,194.00000000,23630315,23630315,1782867700008414,True,True
10252884,0.11370000,79.51000000,23630316,23630316,1782867700008431,True,True
10252885,0.11380000,71.63000000,23630317,23630317,1782867700008998,True,True
10252886,0.11370000,158.90000000,23630318,23630318,1782867700009245,True,True
10252887,0.11370000,114.50000000,23630319,23630319,1782867700010269,True,True
10252888,0.11370000,178.90000000,23630320,23630321,1782867716758480,True,True
10252889,0.11370000,46.14000000,23630322,23630322,1782867716758707,True,True
10252890,0.11360000,143.80000000,23630323,23630324,1782867716758964,True,True
10252891,0.11360000,45.79000000,23630325,23630325,1782867735859602,True,True
10252892,0.11360000,1201.44000000,23630326,23630328,1782867735860884,True,True
10252893,0.11360000,286.46000000,23630329,23630330,1782867735864834,True,True
10252894,0.11350000,73.44000000,23630331,23630332,1782867735864834,True,True
10252895,0.11360000,103.46000000,23630333,23630334,1782867736159659,True,True
10252896,0.11360000,946.22000000,23630335,23630336,1782867747374042,False,True
10252897,0.11360000,45.80000000,23630337,23630337,1782867759820765,True,True
10252898,0.11370000,47.47000000,23630338,23630338,1782867780600231,False,True
10252899,0.11370000,88.79000000,23630339,23630339,1782867840598043,True,True
10252900,0.11370000,222.93000000,23630340,23630340,1782867840598993,True,True
10252901,0.11370000,99.97000000,23630341,23630342,1782867840602505,True,True
10252902,0.11360000,47.38000000,23630343,23630343,1782867840602505,True,True
10252903,0.11350000,46.45000000,23630344,23630344,1782867840602505,True,True
10252904,0.11350000,193.80000000,23630345,23630346,1782867840602647,True,True
10252905,0.11350000,175.90000000,23630347,23630347,1782867840605844,True,True
10252906,0.11350000,175.90000000,23630348,23630348,1782867840605936,True,True
10252907,0.11350000,175.90000000,23630349,23630349,1782867840606079,True,True
10252908,0.11350000,175.90000000,23630350,23630350,1782867840606082,True,True
10252909,0.11350000,175.90000000,23630351,23630352,1782867840606352,True,True
10252910,0.11370000,2516.45000000,23630353,23630353,1782867858002882,False,True
10252911,0.11370000,2516.45000000,23630354,23630355,1782867858002897,False,True
10252912,0.11370000,879.50000000,23630356,23630360,1782867858004487,False,True
10252913,0.11370000,144.31000000,23630361,23630361,1782867858014019,True,True
10252914,0.11360000,112.69000000,23630362,23630362,1782867858014019,True,True
10252915,0.11360000,396.60000000,23630363,23630364,1782867900745008,True,True
10252916,0.11360000,248.96000000,23630365,23630366,1782867900745248,True,True
10252917,0.11350000,105.64000000,23630367,23630367,1782867900745248,True,True
10252918,0.11360000,46.20000000,23630368,23630368,1782867961638947,False,True
10252919,0.11370000,47.47000000,23630369,23630369,1782867963259810,False,True
10252920,0.11370000,312.48000000,23630370,23630370,1782867976586969,True,True
10252921,0.11370000,71.73000000,23630371,23630371,1782867976589507,True,True
10252922,0.11360000,323.56000000,23630372,23630375,1782867976590729,True,True
10252923,0.11350000,35.04000000,23630376,23630376,1782867976590729,True,True
10252924,0.11350000,358.60000000,23630377,23630379,1782867976591081,True,True
10252925,0.11350000,358.60000000,23630380,23630380,1782867976591237,True,True
10252926,0.11350000,190.50000000,23630381,23630381,1782867976591940,True,True
10252927,0.11360000,44.40000000,23630382,23630382,1782867976778520,False,True
10252928,0.11360000,44.40000000,23630383,23630383,1782867976799775,False,True
10252929,0.11350000,775.90000000,23630384,23630384,1782868114188486,True,True
10252930,0.11350000,775.90000000,23630385,23630385,1782868114188904,True,True
10252931,0.11350000,775.90000000,23630386,23630388,1782868114188993,True,True
10252932,0.11350000,775.91000000,23630389,23630389,1782868114189073,True,True
10252933,0.11350000,775.90000000,23630390,23630390,1782868114189091,True,True
10252934,0.11350000,775.90000000,23630391,23630392,1782868114189144,True,True
10252935,0.11350000,147.77000000,23630393,23630393,1782868114190664,True,True
10252936,0.11350000,641.05000000,23630394,23630394,1782868114191226,True,True
10252937,0.11340000,776.20000000,23630395,23630397,1782868114196118,True,True
10252938,0.11340000,776.20000000,23630398,23630398,1782868114196657,True,True
10252939,0.11340000,776.60000000,23630399,23630401,1782868132561336,True,True
10252940,0.11340000,776.60000000,23630402,23630402,1782868132561376,True,True
10252941,0.11340000,776.60000000,23630403,23630403,1782868132561409,True,True
10252942,0.11340000,97.20000000,23630404,23630404,1782868132561452,True,True
10252943,0.11340000,238.90000000,23630405,23630405,1782868132561567,True,True
10252944,0.11340000,679.40000000,23630406,23630406,1782868132562933,True,True
10252945,0.11330000,486.00000000,23630407,23630407,1782868132565069,True,True
10252946,0.11330000,131.90000000,23630408,23630408,1782868132565225,True,True
10252947,0.11330000,485.89000000,23630409,23630409,1782868132565342,True,True
10252948,0.11330000,762.82000000,23630410,23630411,1782868132566483,True,True
10252949,0.11320000,13.88000000,23630412,23630412,1782868132566483,True,True
10252950,0.11320000,776.70000000,23630413,23630414,1782868132566564,True,True
10252951,0.11320000,238.91000000,23630415,23630415,1782868132566676,True,True
10252952,0.11320000,776.70000000,23630416,23630416,1782868132566745,True,True
10252953,0.11320000,51.90000000,23630417,23630417,1782868132566897,True,True
10252954,0.11320000,354.20000000,23630418,23630418,1782868132566939,True,True
10252955,0.11320000,290.70000000,23630419,23630419,1782868132566950,True,True
10252956,0.11320000,290.60000000,23630420,23630421,1782868132567073,True,True
10252957,0.11330000,101.97000000,23630422,23630422,1782868133055109,False,True
10252958,0.11340000,47.60000000,23630423,23630423,1782868148735918,False,True
10252959,0.11350000,47.60000000,23630424,23630424,1782868148803899,False,True
10252960,0.11360000,1616.58000000,23630425,23630426,1782868156214691,False,True
10252961,0.11360000,1616.58000000,23630427,23630427,1782868156216258,False,True
10252962,0.11360000,183.00000000,23630428,23630428,1782868156216342,False,True
10252963,0.11360000,2286.78000000,23630429,23630430,1782868156216374,False,True
10252964,0.11370000,47.47000000,23630431,23630431,1782868156398710,False,True
10252965,0.11380000,922.93000000,23630432,23630433,1782868156398710,False,True
10252966,0.11380000,47.47000000,23630434,23630434,1782868201459992,False,True
10252967,0.11380000,58.41000000,23630435,23630435,1782868215622412,True,True
10252968,0.11380000,140.50000000,23630436,23630437,1782868217529995,True,True
10252969,0.11380000,1307.90000000,23630438,23630438,1782868218042769,True,True
10252970,0.11380000,618.10000000,23630439,23630440,1782868218043462,True,True
10252971,0.11380000,349.56000000,23630441,23630442,1782868218044232,True,True
10252972,0.11380000,1244.25000000,23630443,23630443,1782868218045796,True,True
10252973,0.11380000,253.90000000,23630444,23630444,1782868218047574,True,True
10252974,0.11380000,823.92000000,23630445,23630445,1782868218048651,True,True
10252975,0.11380000,66.10000000,23630446,23630446,1782868220519948,False,True
10252976,0.11380000,59.50000000,23630447,23630447,1782868220989478,False,True
10252977,0.11380000,53.50000000,23630448,23630448,1782868221233659,False,True
10252978,0.11380000,48.20000000,23630449,23630449,1782868221445866,False,True
10252979,0.11380000,1351.49000000,23630450,23630450,1782868223981365,False,True
10252980,0.11380000,958.41000000,23630451,23630452,1782868223982594,False,True
10252981,0.11390000,10729.81000000,23630453,23630461,1782868224012774,False,True
10252982,0.11390000,176.06000000,23630462,23630463,1782868224016700,True,True
10252983,0.11390000,62.00000000,23630464,23630464,1782868227950220,True,True
10252984,0.11390000,142.80000000,23630465,23630465,1782868268390426,False,True
10252985,0.11390000,1709.72000000,23630466,23630467,1782868268458670,False,True
10252986,0.11380000,773.50000000,23630468,23630471,1782868280441539,True,True
10252987,0.11380000,160.90000000,23630472,23630472,1782868280441870,True,True
10252988,0.11380000,1411.36000000,23630473,23630474,1782868280442797,True,True
10252989,0.11370000,105.30000000,23630475,23630476,1782868280443598,True,True
10252990,0.11370000,230.80000000,23630477,23630477,1782868280443815,True,True
10252991,0.11370000,81.20000000,23630478,23630478,1782868280444017,True,True
10252992,0.11370000,80.90000000,23630479,23630479,1782868280444391,True,True
10252993,0.11370000,84.90000000,23630480,23630480,1782868280446731,True,True
10252994,0.11370000,941.49000000,23630481,23630482,1782868280447982,True,True
10252995,0.11380000,125.30000000,23630483,23630484,1782868280631749,False,True
10252996,0.11380000,931.89000000,23630485,23630486,1782868365195990,True,True
10252997,0.11380000,1175.41000000,23630487,23630488,1782868365255978,True,True
10252998,0.11380000,421.46000000,23630489,23630489,1782868365289587,True,True
10252999,0.11370000,302.83000000,23630490,23630491,1782868365289587,True,True
10253000,0.11380000,3444.57000000,23630492,23630492,1782868373114915,True,True
10253001,0.11380000,46.12000000,23630493,23630493,1782868373117235,True,True
10253002,0.11370000,774.50000000,23630494,23630498,1782868373121820,True,True
10253003,0.11370000,54.70000000,23630499,23630499,1782868373123403,True,True
10253004,0.11370000,207.25000000,23630500,23630500,1782868373123674,True,True
10253005,0.11360000,578.56000000,23630501,23630501,1782868373123674,True,True
10253006,0.11360000,302.11000000,23630502,23630502,1782868373123738,True,True
10253007,0.11370000,46.12000000,23630503,23630503,1782868373129029,True,True
10253008,0.11360000,728.38000000,23630504,23630505,1782868373129029,True,True
10253009,0.11360000,389.65000000,23630506,23630506,1782868373132919,True,True
10253010,0.11350000,384.85000000,23630507,23630507,1782868373132919,True,True
10253011,0.11360000,77.93000000,23630508,23630508,1782868373140449,True,True
10253012,0.11350000,270.87000000,23630509,23630509,1782868373140449,True,True
10253013,0.11350000,348.80000000,23630510,23630511,1782868373143975,True,True
10253014,0.11360000,87.76000000,23630512,23630512,1782868373143995,False,True
10253015,0.11350000,219.50000000,23630513,23630513,1782868373144899,True,True
10253016,0.11350000,559.90000000,23630514,23630514,1782868373146594,True,True
10253017,0.11350000,399.50000000,23630515,23630515,1782868373146939,True,True
10253018,0.11350000,619.00000000,23630516,23630516,1782868373147643,True,True
10253019,0.11360000,53.00000000,23630517,23630518,1782868373179592,False,True
10253020,0.11360000,0.07000000,23630519,23630519,1782868373317632,False,True
10253021,0.11370000,93.59000000,23630520,23630521,1782868373317632,False,True
10253022,0.11380000,1.04000000,23630522,23630522,1782868373317632,False,True
10253023,0.11370000,50.98000000,23630523,23630523,1782868373320991,True,True
10253024,0.11380000,1743.13000000,23630524,23630525,1782868437158156,False,True
10253025,0.11380000,1743.13000000,23630526,23630527,1782868437159418,False,True
10253026,0.11380000,3289.21000000,23630528,23630528,1782868437160638,False,True
10253027,0.11380000,46.18000000,23630529,23630529,1782868437165455,False,True
10253028,0.11390000,47.38000000,23630530,23630530,1782868440561220,False,True
10253029,0.11400000,183.00000000,23630531,23630532,1782868441642414,False,True
10253030,0.11400000,50.60000000,23630533,23630534,1782868442389405,False,True
10253031,0.11400000,50.60000000,23630535,23630535,1782868442394908,False,True
10253032,0.11400000,45.50000000,23630536,23630536,1782868442454769,False,True
10253033,0.11400000,1999.28000000,23630537,23630537,1782868442457251,False,True
10253034,0.11410000,44.50000000,23630538,23630538,1782868507405446,False,True
10253035,0.11410000,177.44000000,23630539,23630540,1782868509044097,False,True
10253036,0.11420000,6734.57000000,23630541,23630543,1782868511454269,False,True
10253037,0.11430000,47.20000000,23630544,23630544,1782868511461152,False,True
10253038,0.11440000,677.10000000,23630545,23630545,1782868511461152,False,True
10253039,0.11440000,93.08000000,23630546,23630547,1782868587684724,False,True
10253040,0.11440000,81.70000000,23630548,23630548,1782868593258573,True,True
10253041,0.11440000,610.60000000,23630549,23630551,1782868593258866,True,True
10253042,0.11440000,2649.81000000,23630552,23630556,1782868629248576,True,True
10253043,0.11440000,87.37000000,23630557,23630557,1782868629251455,True,True
10253044,0.11440000,877.47000000,23630558,23630558,1782868629253196,True,True
10253045,0.11440000,2901.62000000,23630559,23630560,1782868629253561,True,True
10253046,0.11450000,44.10000000,23630561,23630561,1782868629396400,False,True
10253047,0.11430000,151.95000000,23630562,23630564,1782868638383535,True,True
10253048,0.11440000,1759.37000000,23630565,23630568,1782868657166954,False,True
10253049,0.11440000,45.90000000,23630569,23630569,1782868657362842,False,True
10253050,0.11430000,1762.66000000,23630570,23630571,1782868686478065,True,True
10253051,0.11420000,158.69000000,23630572,23630572,1782868686481390,True,True
10253052,0.11420000,464.90000000,23630573,23630577,1782868686481857,True,True
10253053,0.11420000,127.10000000,23630578,23630578,1782868686482520,True,True
10253054,0.11420000,44.20000000,23630579,23630579,1782868686482964,True,True
10253055,0.11420000,567.61000000,23630580,23630580,1782868686483225,True,True
10253056,0.11420000,305.60000000,23630581,23630581,1782868686483541,True,True
10253057,0.11410000,2631.84000000,23630582,23630583,1782868706997944,True,True
10253058,0.11410000,45.96000000,23630584,23630584,1782868706999801,True,True
10253059,0.11400000,129.04000000,23630585,23630585,1782868706999801,True,True
10253060,0.11400000,175.00000000,23630586,23630586,1782868706999847,True,True
10253061,0.11400000,175.00000000,23630587,23630587,1782868706999881,True,True
10253062,0.11400000,175.00000000,23630588,23630588,1782868707000433,True,True
10253063,0.11400000,175.00000000,23630589,23630589,1782868707000867,True,True
10253064,0.11400000,2748.80000000,23630590,23630593,1782868707018187,True,True
10253065,0.11420000,44.20000000,23630594,23630594,1782868707154239,False,True
10253066,0.11420000,44.20000000,23630595,23630595,1782868707193103,False,True
10253067,0.11400000,108.00000000,23630596,23630596,1782868860667707,True,True
10253068,0.11400000,44.30000000,23630597,23630597,1782868860831232,False,True
10253069,0.11410000,293.29000000,23630598,23630600,1782868882431129,False,True
10253070,0.11410000,177.00000000,23630601,23630601,1782868882466096,True,True
10253071,0.11420000,47.29000000,23630602,23630602,1782868901253785,False,True
10253072,0.11430000,1072.70000000,23630603,23630608,1782868901256610,False,True
10253073,0.11430000,175.00000000,23630609,23630609,1782868901257897,False,True
10253074,0.11430000,813.00000000,23630610,23630614,1782868901259195,False,True
10253075,0.11440000,47.16000000,23630615,23630615,1782868901418834,False,True
10253076,0.11450000,410.24000000,23630616,23630618,1782868901418834,False,True
10253077,0.11450000,61.50000000,23630619,23630619,1782868926811977,False,True
10253078,0.11450000,126.10000000,23630620,23630620,1782868927204635,False,True
10253079,0.11450000,126.10000000,23630621,23630621,1782868927239936,False,True
10253080,0.11450000,98.00000000,23630622,23630622,1782868932662460,False,True
10253081,0.11450000,76.50000000,23630623,23630623,1782868932690873,False,True
10253082,0.11450000,1322.93000000,23630624,23630624,1782868932691262,False,True
10253083,0.11460000,1449.62000000,23630625,23630626,1782868948373213,False,True
10253084,0.11460000,59.40000000,23630627,23630627,1782868948393881,False,True
10253085,0.11460000,53.40000000,23630628,23630628,1782868948683788,False,True
10253086,0.11460000,48.10000000,23630629,23630629,1782868948891734,False,True
10253087,0.11460000,71.50000000,23630630,23630630,1782868949083890,False,True
10253088,0.11460000,71.50000000,23630631,23630631,1782868949097376,False,True
10253089,0.11460000,1559.89000000,23630632,23630632,1782868952514708,False,True
10253090,0.11470000,156.00000000,23630633,23630634,1782868952519052,False,True
10253091,0.11470000,58.50000000,23630635,23630635,1782868952534228,False,True
10253092,0.11470000,914.17000000,23630636,23630636,1782868968518340,False,True
10253093,0.11480000,47.02000000,23630637,23630637,1782868990070045,False,True
10253094,0.11490000,46.94000000,23630638,23630638,1782868990070045,False,True
10253095,0.11500000,29.54000000,23630639,23630639,1782868990070045,False,True
10253096,0.11500000,50.50000000,23630640,23630641,1782868990074775,False,True
10253097,0.11500000,174.00000000,23630642,23630642,1782868990090797,False,True
10253098,0.11500000,77.00000000,23630643,23630643,1782868990091671,False,True
10253099,0.11490000,766.50000000,23630644,23630644,1782869013308191,True,True
10253100,0.11490000,766.40000000,23630645,23630645,1782869013308609,True,True
10253101,0.11490000,1815.32000000,23630646,23630646,1782869013309107,True,True
10253102,0.11490000,24.69000000,23630647,23630647,1782869013310445,True,True
10253103,0.11480000,1740.50000000,23630648,23630649,1782869013314378,True,True
10253104,0.11480000,675.00000000,23630650,23630650,1782869013314382,True,True
10253105,0.11480000,416.51000000,23630651,23630652,1782869013314671,True,True
10253106,0.11470000,1323.99000000,23630653,23630653,1782869013314671,True,True
10253107,0.11470000,1740.50000000,23630654,23630655,1782869013314751,True,True
10253108,0.11470000,1740.50000000,23630656,23630656,1782869013315138,True,True
10253109,0.11470000,570.09000000,23630657,23630660,1782869022217509,True,True
10253110,0.11470000,429.91000000,23630661,23630661,1782869041761256,False,True
10253111,0.11480000,1819.54000000,23630662,23630663,1782869041762360,False,True
10253112,0.11480000,220.70000000,23630664,23630664,1782869052836319,False,True
10253113,0.11480000,0.03000000,23630665,23630665,1782869053938665,False,True
10253114,0.11490000,116.97000000,23630666,23630666,1782869053938665,False,True
10253115,0.11490000,46.98000000,23630667,23630667,1782869062373747,False,True
10253116,0.11500000,173.90000000,23630668,23630669,1782869062378403,False,True
10253117,0.11510000,173.60000000,23630670,23630671,1782869062489883,False,True
10253118,0.11510000,173.60000000,23630672,23630672,1782869062491441,False,True
10253119,0.11510000,162.70000000,23630673,23630673,1782869062608307,False,True
10253120,0.11510000,162.70000000,23630674,23630674,1782869062609459,False,True
10253121,0.11510000,425.90000000,23630675,23630675,1782869063264616,False,True
10253122,0.11510000,43.80000000,23630676,23630676,1782869063467322,False,True
10253123,0.11510000,113.30000000,23630677,23630677,1782869063681822,False,True
10253124,0.11510000,60.30000000,23630678,23630678,1782869063786289,False,True
10253125,0.11500000,173.90000000,23630679,23630679,1782869084365329,True,True
10253126,0.11490000,8045.24000000,23630680,23630687,1782869142187775,True,True
10253127,0.11480000,46.85000000,23630688,23630688,1782869142222437,True,True
10253128,0.11490000,790.40000000,23630689,23630690,1782869142315478,False,True
10253129,0.11500000,46.90000000,23630691,23630691,1782869259520020,False,True
10253130,0.11500000,0.04000000,23630692,23630692,1782869259520977,False,True
10253131,0.11510000,46.86000000,23630693,23630693,1782869259520977,False,True
10253132,0.11510000,46.89000000,23630694,23630694,1782869267872095,False,True
10253133,0.11520000,126.71000000,23630695,23630697,1782869267872095,False,True
10253134,0.11530000,164.50000000,23630698,23630699,1782869278495077,False,True
10253135,0.11530000,164.50000000,23630700,23630700,1782869278502534,False,True
10253136,0.11530000,143.99000000,23630701,23630701,1782869283517084,False,True
10253137,0.11540000,29.31000000,23630702,23630702,1782869283517084,False,True
10253138,0.11540000,78.80000000,23630703,23630704,1782869283517127,False,True
10253139,0.11540000,94.50000000,23630705,23630705,1782869283519832,False,True
10253140,0.11540000,173.30000000,23630706,23630706,1782869283520219,False,True
10253141,0.11540000,46.72000000,23630707,23630707,1782869283542967,False,True
10253142,0.11550000,24.88000000,23630708,23630708,1782869283542967,False,True
10253143,0.11550000,173.30000000,23630709,23630710,1782869283543455,False,True
10253144,0.11550000,101.70000000,23630711,23630711,1782869283543461,False,True
10253145,0.11550000,866.00000000,23630712,23630716,1782869288167907,True,True
10253146,0.11540000,46.59000000,23630717,23630717,1782869288199844,True,True
10253147,0.11550000,43.70000000,23630718,23630718,1782869288345861,False,True
10253148,0.11550000,508.60000000,23630719,23630719,1782869288365676,False,True
10253149,0.11560000,46.67000000,23630720,23630720,1782869344734070,False,True
10253150,0.11570000,126.23000000,23630721,23630722,1782869344734070,False,True
10253151,0.11560000,107.01000000,23630723,23630723,1782869353680026,True,True
10253152,0.11580000,3503.58000000,23630724,23630730,1782869353711514,False,True
10253153,0.11580000,498.07000000,23630731,23630731,1782869353713031,True,True
10253154,0.11590000,824.30000000,23630732,23630734,1782869362324768,False,True
10253155,0.11590000,172.40000000,23630735,23630735,1782869365592017,False,True
10253156,0.11590000,1840.28000000,23630736,23630736,1782869365595011,False,True
10253157,0.11590000,172.40000000,23630737,23630737,1782869365613970,False,True
10253158,0.11590000,69.30000000,23630738,23630738,1782869365614838,False,True
10253159,0.11590000,103.10000000,23630739,23630739,1782869365616278,False,True
10253160,0.11590000,824.30000000,23630740,23630741,1782869365715504,False,True
10253161,0.11590000,445.50000000,23630742,23630742,1782869365744883,False,True
10253162,0.11590000,445.50000000,23630743,23630743,1782869365754522,False,True
10253163,0.11590000,598.00000000,23630744,23630744,1782869365846927,False,True
10253164,0.11600000,46.60000000,23630745,23630745,1782869376197454,False,True
10253165,0.11600000,0.07000000,23630746,23630746,1782869376221655,False,True
10253166,0.11610000,46.53000000,23630747,23630747,1782869376221655,False,True
10253167,0.11610000,904.00000000,23630748,23630750,1782869394359512,False,True
10253168,0.11590000,58.32000000,23630751,23630751,1782869395530024,True,True
10253169,0.11610000,445.50000000,23630752,23630753,1782869399559874,False,True
10253170,0.11610000,445.50000000,23630754,23630754,1782869399565520,False,True
10253171,0.11620000,44.50000000,23630755,23630755,1782869403936150,False,True
10253172,0.11620000,44.50000000,23630756,23630757,1782869403949588,False,True
10253173,0.11620000,44.50000000,23630758,23630758,1782869403953129,False,True
10253174,0.11630000,44.50000000,23630759,23630759,1782869420290685,False,True
10253175,0.11630000,43.90000000,23630760,23630761,1782869420541840,False,True
10253176,0.11630000,43.90000000,23630762,23630762,1782869420873588,False,True
10253177,0.11630000,43.90000000,23630763,23630763,1782869421215190,False,True
10253178,0.11620000,1896.90000000,23630764,23630770,1782869422973699,True,True
10253179,0.11630000,44.50000000,23630771,23630771,1782869424823104,False,True
10253180,0.11630000,2551.47000000,23630772,23630777,1782869424825663,False,True
10253181,0.11640000,43.90000000,23630778,23630778,1782869424827571,False,True
10253182,0.11640000,2.77000000,23630779,23630779,1782869430211573,False,True
10253183,0.11650000,1191.03000000,23630780,23630782,1782869430211573,False,True
10253184,0.11640000,182.53000000,23630783,23630783,1782869431811938,True,True
10253185,0.11640000,171.80000000,23630784,23630784,1782869432436810,True,True
10253186,0.11630000,49.10000000,23630785,23630785,1782869432440480,True,True
10253187,0.11630000,79.20000000,23630786,23630786,1782869432441734,True,True
10253188,0.11650000,171.50000000,23630787,23630787,1782869436481521,False,True
10253189,0.11650000,0.40000000,23630788,23630788,1782869436481971,False,True
10253190,0.11660000,171.10000000,23630789,23630791,1782869436481971,False,True
10253191,0.11660000,171.90000000,23630792,23630792,1782869436551490,False,True
10253192,0.11650000,640.54000000,23630793,23630794,1782869438598412,True,True
10253193,0.11660000,445.50000000,23630795,23630795,1782869449183538,False,True
10253194,0.11660000,987.00000000,23630796,23630796,1782869449195769,False,True
10253195,0.11660000,445.50000000,23630797,23630797,1782869449212377,False,True
10253196,0.11660000,44.50000000,23630798,23630798,1782869450864639,False,True
10253197,0.11660000,44.50000000,23630799,23630799,1782869450865304,False,True
10253198,0.11660000,44.50000000,23630800,23630800,1782869450879945,False,True
10253199,0.11660000,44.50000000,23630801,23630801,1782869450881581,False,True
10253200,0.11660000,986.90000000,23630802,23630802,1782869451016600,False,True
10253201,0.11660000,987.00000000,23630803,23630804,1782869451657187,False,True
10253202,0.11650000,598.19000000,23630805,23630805,1782869453473798,True,True
10253203,0.11650000,1588.46000000,23630806,23630806,1782869454240631,True,True
10253204,0.11660000,171.40000000,23630807,23630807,1782869459458024,False,True
10253205,0.11660000,915.96000000,23630808,23630809,1782869459459247,False,True
10253206,0.11670000,171.40000000,23630810,23630811,1782869459477130,False,True
10253207,0.11670000,171.40000000,23630812,23630812,1782869459478251,False,True
10253208,0.11680000,1070.10000000,23630813,23630814,1782869481345123,False,True
10253209,0.11680000,445.50000000,23630815,23630817,1782869482300624,False,True
10253210,0.11680000,445.50000000,23630818,23630818,1782869482322771,False,True
10253211,0.11680000,1070.10000000,23630819,23630819,1782869482377738,False,True
10253212,0.11680000,104.30000000,23630820,23630820,1782869482876055,False,True
10253213,0.11680000,171.10000000,23630821,23630821,1782869482879067,False,True
10253214,0.11680000,1070.10000000,23630822,23630822,1782869483035168,False,True
10253215,0.11680000,66.80000000,23630823,23630823,1782869484475766,False,True
10253216,0.11680000,1153.50000000,23630824,23630824,1782869484618699,False,True
10253217,0.11680000,171.10000000,23630825,23630825,1782869485544481,False,True
10253218,0.11680000,171.10000000,23630826,23630826,1782869485545076,False,True
10253219,0.11680000,431.90000000,23630827,23630827,1782869487877861,False,True
10253220,0.11680000,388.70000000,23630828,23630828,1782869488079668,False,True
10253221,0.11680000,349.90000000,23630829,23630829,1782869488364413,False,True
10253222,0.11680000,314.90000000,23630830,23630830,1782869488726349,False,True
10253223,0.11680000,283.40000000,23630831,23630831,1782869489023548,False,True
10253224,0.11680000,255.00000000,23630832,23630832,1782869489287652,False,True
10253225,0.11680000,229.50000000,23630833,23630833,1782869489551788,False,True
10253226,0.11680000,1153.50000000,23630834,23630834,1782869490637030,False,True
10253227,0.11680000,171.10000000,23630835,23630835,1782869490740625,False,True
10253228,0.11680000,109.40000000,23630836,23630836,1782869490759536,False,True
10253229,0.11670000,900.00000000,23630837,23630837,1782869500999782,True,True
10253230,0.11680000,171.10000000,23630838,23630838,1782869508930502,False,True
10253231,0.11680000,171.10000000,23630839,23630839,1782869508931001,False,True
10253232,0.11680000,171.10000000,23630840,23630840,1782869509243919,False,True
10253233,0.11680000,83.60000000,23630841,23630841,1782869509245210,False,True
10253234,0.11680000,171.10000000,23630842,23630842,1782869511606868,False,True
10253235,0.11680000,171.10000000,23630843,23630843,1782869511606987,False,True
10253236,0.11680000,87.50000000,23630844,23630844,1782869511623698,False,True
10253237,0.11680000,47.60000000,23630845,23630845,1782869514144483,False,True
10253238,0.11680000,171.10000000,23630846,23630846,1782869514162364,False,True
10253239,0.11680000,103.60000000,23630847,23630847,1782869514432096,False,True
10253240,0.11680000,110.80000000,23630848,23630848,1782869514432667,False,True
10253241,0.11680000,43.70000000,23630849,23630849,1782869515737610,False,True
10253242,0.11680000,171.10000000,23630850,23630850,1782869520946540,False,True
10253243,0.11680000,171.10000000,23630851,23630851,1782869522037709,False,True
10253244,0.11680000,78.70000000,23630852,23630852,1782869522059353,False,True
10253245,0.11680000,171.10000000,23630853,23630853,1782869523874791,False,True
10253246,0.11680000,92.40000000,23630854,23630854,1782869523877121,False,True
10253247,0.11680000,1153.50000000,23630855,23630855,1782869524736663,False,True
10253248,0.11680000,171.10000000,23630856,23630856,1782869524861714,False,True
10253249,0.11680000,86.20000000,23630857,23630857,1782869524885608,False,True
10253250,0.11680000,84.90000000,23630858,23630858,1782869527064021,False,True
10253251,0.11680000,171.10000000,23630859,23630859,1782869527064439,False,True
10253252,0.11680000,171.10000000,23630860,23630860,1782869527250259,False,True
10253253,0.11680000,171.10000000,23630861,23630861,1782869527250552,False,True
10253254,0.11680000,149.50000000,23630862,23630862,1782869527384045,False,True
10253255,0.11680000,366.09000000,23630863,23630864,1782869527414821,False,True
10253256,0.11690000,149.50000000,23630865,23630866,1782869527426230,False,True
10253257,0.11680000,149.41000000,23630867,23630867,1782869527498366,True,True
10253258,0.11670000,46.03000000,23630868,23630868,1782869527501514,True,True
10253259,0.11690000,224.20000000,23630869,23630870,1782869532603346,False,True
10253260,0.11690000,224.20000000,23630871,23630871,1782869532639648,False,True
10253261,0.11690000,171.00000000,23630872,23630872,1782869534308139,False,True
10253262,0.11690000,90.90000000,23630873,23630873,1782869534312007,False,True
10253263,0.11690000,80.10000000,23630874,23630874,1782869534647016,False,True
10253264,0.11700000,171.00000000,23630875,23630876,1782869535965621,False,True
10253265,0.11700000,44.90000000,23630877,23630877,1782869535966514,False,True
10253266,0.11700000,171.00000000,23630878,23630878,1782869535987647,False,True
10253267,0.11700000,171.00000000,23630879,23630879,1782869535989485,False,True
10253268,0.11700000,1239.50000000,23630880,23630880,1782869536056381,False,True
10253269,0.11700000,300.00000000,23630881,23630881,1782869536316150,False,True
10253270,0.11700000,48.90000000,23630882,23630882,1782869536447984,False,True
10253271,0.11700000,170.80000000,23630883,23630883,1782869536448051,False,True
10253272,0.11700000,1321.70000000,23630884,23630885,1782869536473576,False,True
10253273,0.11700000,600.00000000,23630886,23630886,1782869536621495,False,True
10253274,0.11680000,1829.64000000,23630887,23630890,1782869540379577,True,True
10253275,0.11680000,1056.51000000,23630891,23630892,1782869540381195,True,True
10253276,0.11680000,37.49000000,23630893,23630893,1782869540453653,True,True
10253277,0.11670000,46.03000000,23630894,23630894,1782869540463378,True,True
10253278,0.11660000,512.37000000,23630895,23630895,1782869540463378,True,True
10253279,0.11660000,601.49000000,23630896,23630896,1782869540464046,True,True
10253280,0.11660000,558.40000000,23630897,23630897,1782869540464091,True,True
10253281,0.11660000,602.00000000,23630898,23630898,1782869540464300,True,True
10253282,0.11660000,558.40000000,23630899,23630900,1782869540464374,True,True
10253283,0.11660000,235.90000000,23630901,23630901,1782869540469927,True,True
10253284,0.11660000,451.69000000,23630902,23630905,1782869540582811,True,True
10253285,0.11660000,280.38000000,23630906,23630907,1782869540582870,True,True
10253286,0.11650000,169.32000000,23630908,23630908,1782869540582870,True,True
10253287,0.11650000,171.50000000,23630909,23630909,1782869540586130,True,True
10253288,0.11650000,63.00000000,23630910,23630910,1782869540586493,True,True
10253289,0.11650000,171.50000000,23630911,23630911,1782869540587408,True,True
10253290,0.11650000,108.50000000,23630912,23630912,1782869540587562,True,True
10253291,0.11650000,248.10000000,23630913,23630913,1782869540682236,True,True
10253292,0.11650000,515.10000000,23630914,23630916,1782869540852612,True,True
10253293,0.11640000,150.20000000,23630917,23630918,1782869540982016,True,True
10253294,0.11640000,317.50000000,23630919,23630919,1782869540982332,True,True
10253295,0.11640000,47.10000000,23630920,23630920,1782869540982464,True,True
10253296,0.11630000,270.40000000,23630921,23630922,1782869540982464,True,True
10253297,0.11660000,46.20000000,23630923,23630923,1782869544816956,False,True
10253298,0.11670000,46.20000000,23630924,23630924,1782869545481063,False,True
10253299,0.11680000,171.30000000,23630925,23630925,1782869545481550,False,True
10253300,0.11680000,46.16000000,23630926,23630926,1782869555869067,False,True
10253301,0.11690000,171.10000000,23630927,23630927,1782869555869862,False,True
10253302,0.11690000,171.10000000,23630928,23630928,1782869555889662,False,True
10253303,0.11690000,86.20000000,23630929,23630929,1782869555890095,False,True
10253304,0.11690000,84.90000000,23630930,23630930,1782869555896015,False,True
10253305,0.11690000,46.11000000,23630931,23630931,1782869560369535,False,True
10253306,0.11700000,90.90000000,23630932,23630933,1782869571601892,False,True
10253307,0.11700000,0.05000000,23630934,23630934,1782869577002527,False,True
10253308,0.11710000,48.15000000,23630935,23630936,1782869577002527,False,True
10253309,0.11690000,944.88000000,23630937,23630938,1782869580587781,True,True
10253310,0.11680000,135.00000000,23630939,23630939,1782869580591215,True,True
10253311,0.11680000,218.20000000,23630940,23630942,1782869580591367,True,True
10253312,0.11680000,88.40000000,23630943,23630943,1782869580591425,True,True
10253313,0.11680000,72.60000000,23630944,23630945,1782869580591792,True,True
10253314,0.11680000,294.50000000,23630946,23630946,1782869580592221,True,True
10253315,0.11680000,542.30000000,23630947,23630947,1782869580592448,True,True
10253316,0.11680000,456.30000000,23630948,23630948,1782869580592776,True,True
10253317,0.11680000,223.10000000,23630949,23630949,1782869580592850,True,True
10253318,0.11680000,223.10000000,23630950,23630951,1782869580593109,True,True
10253319,0.11680000,114.00000000,23630952,23630952,1782869580593135,True,True
10253320,0.11680000,367.90000000,23630953,23630953,1782869580593177,True,True
10253321,0.11680000,399.50000000,23630954,23630955,1782869580593545,True,True
10253322,0.11680000,247.80000000,23630956,23630958,1782869580593668,True,True
10253323,0.11680000,135.99000000,23630959,23630959,1782869580595141,True,True
10253324,0.11690000,448.00000000,23630960,23630962,1782869580737894,False,True
10253325,0.11690000,114.00000000,23630963,23630964,1782869580743358,False,True
10253326,0.11670000,68.43000000,23630965,23630966,1782869586052240,True,True
10253327,0.11700000,171.00000000,23630967,23630967,1782869598030641,False,True
10253328,0.11680000,1807.64000000,23630968,23630970,1782869599352419,True,True
10253329,0.11670000,1645.96000000,23630971,23630976,1782869599352419,True,True
10253330,0.11670000,134.63000000,23630977,23630978,1782869599353563,True,True
10253331,0.11660000,46.07000000,23630979,23630979,1782869599355329,True,True
10253332,0.11650000,279.64000000,23630980,23630981,1782869599355390,True,True
10253333,0.11650000,341.88000000,23630982,23630983,1782869599357710,True,True
10253334,0.11640000,46.16000000,23630984,23630984,1782869599357710,True,True
10253335,0.11630000,44.46000000,23630985,23630985,1782869599357710,True,True
10253336,0.11640000,547.95000000,23630986,23630986,1782869599357899,True,True
10253337,0.11630000,192.34000000,23630987,23630988,1782869599357899,True,True
10253338,0.11640000,1712.20000000,23630989,23630989,1782869599358918,True,True
10253339,0.11640000,323.10000000,23630990,23630990,1782869599359299,True,True
10253340,0.11640000,1164.70000000,23630991,23630991,1782869599359963,True,True
10253341,0.11640000,203.00000000,23630992,23630992,1782869599360636,True,True
10253342,0.11640000,50.59000000,23630993,23630993,1782869599360863,True,True
10253343,0.11630000,1661.61000000,23630994,23630994,1782869599360863,True,True
10253344,0.11630000,161.60000000,23630995,23630995,1782869599360941,True,True
10253345,0.11630000,161.60000000,23630996,23630996,1782869599360982,True,True
10253346,0.11630000,1017.58000000,23630997,23630999,1782869599361726,True,True
10253347,0.11620000,694.62000000,23631000,23631002,1782869599361726,True,True
10253348,0.11620000,155.01000000,23631003,23631003,1782869599365632,True,True
10253349,0.11620000,134.80000000,23631004,23631004,1782869599367043,True,True
10253350,0.11640000,49.22000000,23631005,23631005,1782869599396743,True,True
10253351,0.11630000,1712.30000000,23631006,23631006,1782869599561539,False,True
10253352,0.11630000,855.09000000,23631007,23631007,1782869599567405,False,True
10253353,0.11640000,1072.41000000,23631008,23631008,1782869599567405,False,True
10253354,0.11640000,859.10000000,23631009,23631009,1782869599674412,False,True
10253355,0.11630000,347.87000000,23631010,23631010,1782869599709854,True,True
10253356,0.11630000,172.00000000,23631011,23631011,1782869600000132,True,True
10253357,0.11620000,117.10000000,23631012,23631014,1782869601066581,True,True
10253358,0.11620000,117.10000000,23631015,23631015,1782869601066753,True,True
10253359,0.11620000,29.27000000,23631016,23631016,1782869601067342,True,True
10253360,0.11610000,87.83000000,23631017,23631018,1782869601067342,True,True
10253361,0.11620000,45.15000000,23631019,23631019,1782869601068678,True,True
10253362,0.11610000,45.25000000,23631020,23631020,1782869601068678,True,True
10253363,0.11610000,90.40000000,23631021,23631022,1782869601069025,True,True
10253364,0.11620000,45.15000000,23631023,23631023,1782869601070339,True,True
10253365,0.11610000,45.25000000,23631024,23631024,1782869601070339,True,True
10253366,0.11610000,63.70000000,23631025,23631025,1782869601071159,True,True
10253367,0.11620000,45.15000000,23631026,23631026,1782869601071859,True,True
10253368,0.11610000,18.55000000,23631027,23631027,1782869601071859,True,True
10253369,0.11620000,45.15000000,23631028,23631028,1782869601074208,True,True
10253370,0.11610000,5.05000000,23631029,23631029,1782869601074208,True,True
10253371,0.11610000,63.60000000,23631030,23631031,1782869601075312,True,True
10253372,0.11610000,58.00000000,23631032,23631032,1782869601078289,True,True
10253373,0.11610000,85.55000000,23631033,23631033,1782869601095533,True,True
10253374,0.11600000,672.45000000,23631034,23631036,1782869601095533,True,True
10253375,0.11630000,2579.53000000,23631037,23631037,1782869601097292,False,True
10253376,0.11640000,2253.04000000,23631038,23631045,1782869601097292,False,True
10253377,0.11620000,179.25000000,23631046,23631046,1782869601099389,False,True
10253378,0.11610000,85.50000000,23631047,23631047,1782869601135982,True,True
10253379,0.11630000,90.40000000,23631048,23631049,1782869601291948,False,True
10253380,0.11610000,758.00000000,23631050,23631053,1782869604586695,True,True
10253381,0.11610000,758.00000000,23631054,23631054,1782869604586707,True,True
10253382,0.11610000,326.70000000,23631055,23631055,1782869604586830,True,True
10253383,0.11610000,371.00000000,23631056,23631056,1782869604589065,True,True
10253384,0.11610000,110.80000000,23631057,23631058,1782869604590084,True,True
10253385,0.11610000,61.50000000,23631059,23631059,1782869604590274,True,True
10253386,0.11610000,19.94000000,23631060,23631060,1782869604590767,True,True
10253387,0.11610000,87.20000000,23631061,23631061,1782869604717388,False,True
10253388,0.11620000,46.37000000,23631062,23631062,1782869613709965,False,True
10253389,0.11630000,46.37000000,23631063,23631063,1782869614567127,False,True
10253390,0.11640000,46.33000000,23631064,23631064,1782869614567437,False,True
10253391,0.11650000,125.47000000,23631065,23631065,1782869614567437,False,True
10253392,0.11650000,171.80000000,23631066,23631066,1782869614567698,False,True
10253393,0.11650000,171.80000000,23631067,23631067,1782869614585731,False,True
10253394,0.11650000,171.80000000,23631068,23631068,1782869614587829,False,True
10253395,0.11650000,46.33000000,23631069,23631069,1782869618822070,False,True
10253396,0.11660000,171.50000000,23631070,23631071,1782869618824822,False,True
10253397,0.11660000,171.50000000,23631072,23631072,1782869618846516,False,True
10253398,0.11660000,171.50000000,23631073,23631073,1782869618847645,False,True
10253399,0.11650000,501.76000000,23631074,23631075,1782869619182252,True,True
10253400,0.11640000,130.40000000,23631076,23631077,1782869619185867,True,True
10253401,0.11640000,130.40000000,23631078,23631078,1782869619186380,True,True
10253402,0.11640000,283.50000000,23631079,23631079,1782869619186455,True,True
10253403,0.11640000,326.80000000,23631080,23631080,1782869619186545,True,True
10253404,0.11640000,153.10000000,23631081,23631081,1782869619186632,True,True
10253405,0.11640000,153.10000000,23631082,23631082,1782869619187541,True,True
10253406,0.11630000,50.10000000,23631083,23631083,1782869628361204,True,True
10253407,0.11630000,706.60000000,23631084,23631088,1782869628363978,True,True
10253408,0.11630000,756.70000000,23631089,23631089,1782869628364379,True,True
10253409,0.11630000,218.20000000,23631090,23631091,1782869628366461,True,True
10253410,0.11620000,169.69000000,23631092,23631092,1782869628369759,True,True
10253411,0.11620000,46.24000000,23631093,23631093,1782869628471083,True,True
10253412,0.11640000,636.93000000,23631094,23631096,1782869640597340,False,True
10253413,0.11650000,2623.59000000,23631097,23631098,1782869656703665,False,True
10253414,0.11660000,3369.56000000,23631099,23631100,1782869656703665,False,True
10253415,0.11660000,46.28000000,23631101,23631101,1782869670871454,False,True
10253416,0.11670000,171.20000000,23631102,23631102,1782869683379802,False,True
10253417,0.11670000,171.20000000,23631103,23631103,1782869698771358,False,True
10253418,0.11670000,171.20000000,23631104,23631104,1782869698772830,False,True
10253419,0.11670000,451.20000000,23631105,23631105,1782869700690081,False,True
10253420,0.11670000,64.80000000,23631106,23631106,1782869701436258,False,True
10253421,0.11660000,2231.26000000,23631107,23631110,1782869704421398,True,True
10253422,0.11650000,46.11000000,23631111,23631111,1782869704422710,True,True
10253423,0.11640000,171.50000000,23631112,23631112,1782869704425282,True,True
10253424,0.11640000,311.60000000,23631113,23631113,1782869704425671,True,True
10253425,0.11640000,135.01000000,23631114,23631114,1782869704426504,True,True
10253426,0.11640000,146.90000000,23631115,23631115,1782869704430698,True,True
10253427,0.11640000,1654.25000000,23631116,23631119,1782869704446606,True,True
10253428,0.11630000,170.10000000,23631120,23631120,1782869704450611,True,True
10253429,0.11650000,747.40000000,23631121,23631121,1782869704516844,False,True
10253430,0.11660000,45.50000000,23631122,23631122,1782869704620783,False,True
10253431,0.11660000,46.24000000,23631123,23631123,1782869724821120,False,True
10253432,0.11670000,171.20000000,23631124,23631124,1782869724851898,False,True
10253433,0.11670000,171.20000000,23631125,23631125,1782869728210819,False,True
10253434,0.11670000,1745.55000000,23631126,23631127,1782869728212444,False,True
10253435,0.11680000,46.24000000,23631128,23631128,1782869728231392,False,True
10253436,0.11690000,30.56000000,23631129,23631129,1782869728231392,False,True
10253437,0.11690000,171.20000000,23631130,23631130,1782869728232044,False,True
10253438,0.11690000,94.40000000,23631131,23631131,1782869728232511,False,True
10253439,0.11690000,46.24000000,23631132,23631132,1782869769764755,False,True
10253440,0.11700000,518.34000000,23631133,23631134,1782869769764755,False,True
10253441,0.11680000,1847.25000000,23631135,23631137,1782869769932221,True,True
10253442,0.11680000,74.20000000,23631138,23631138,1782869769932613,True,True
10253443,0.11670000,753.80000000,23631139,23631139,1782869769932920,True,True
10253444,0.11670000,302.39000000,23631140,23631140,1782869769933695,True,True
10253445,0.11670000,155.20000000,23631141,23631141,1782869769934257,True,True
10253446,0.11670000,524.40000000,23631142,23631142,1782869769934332,True,True
10253447,0.11670000,451.40000000,23631143,23631143,1782869769935553,True,True
10253448,0.11670000,46.03000000,23631144,23631144,1782869769936021,True,True
10253449,0.11660000,707.77000000,23631145,23631145,1782869769936021,True,True
10253450,0.11660000,84.60000000,23631146,23631146,1782869769937203,True,True
10253451,0.11660000,217.80000000,23631147,23631147,1782869769937476,True,True
10253452,0.11690000,753.80000000,23631148,23631148,1782869770111763,False,True
10253453,0.11680000,70.37000000,23631149,23631149,1782869773521767,True,True
10253454,0.11680000,230.10000000,23631150,23631150,1782869780142653,True,True
10253455,0.11700000,46.11000000,23631151,23631151,1782869813538618,False,True
10253456,0.11710000,45.99000000,23631152,23631152,1782869818744703,False,True
10253457,0.11710000,47.06000000,23631153,23631153,1782869818748595,True,True
10253458,0.11720000,14306.45000000,23631154,23631164,1782869818761501,False,True
10253459,0.11720000,156.08000000,23631165,23631165,1782869818764095,False,True
10253460,0.11730000,43.50000000,23631166,23631166,1782869860790749,False,True
10253461,0.11730000,19470.74000000,23631167,23631168,1782869861000530,False,True
10253462,0.11730000,947.85000000,23631169,23631169,1782869861002145,False,True
10253463,0.11730000,1847.62000000,23631170,23631170,1782869861002194,False,True
10253464,0.11730000,947.85000000,23631171,23631171,1782869861002281,False,True
10253465,0.11730000,947.85000000,23631172,23631172,1782869861002497,False,True
10253466,0.11730000,183.00000000,23631173,23631173,1782869861002667,False,True
10253467,0.11730000,170.30000000,23631174,23631174,1782869861003840,False,True
10253468,0.11730000,262.17000000,23631175,23631175,1782869861003918,False,True
10253469,0.11730000,170.30000000,23631176,23631176,1782869861004147,False,True
10253470,0.11730000,294.91000000,23631177,23631177,1782869861005480,False,True
10253471,0.11730000,57.80000000,23631178,23631178,1782869861016660,False,True
10253472,0.11730000,170.30000000,23631179,23631179,1782869861022123,False,True
10253473,0.11730000,170.30000000,23631180,23631180,1782869861022700,False,True
10253474,0.11730000,1702.10000000,23631181,23631181,1782869861164975,False,True
10253475,0.11730000,183.00000000,23631182,23631182,1782869861166939,False,True
10253476,0.11730000,445.50000000,23631183,23631183,1782869861190447,False,True
10253477,0.11730000,445.50000000,23631184,23631184,1782869861203201,False,True
10253478,0.11730000,1701.50000000,23631185,23631185,1782869861302253,False,True
10253479,0.11730000,450.70000000,23631186,23631186,1782869861397144,False,True
10253480,0.11730000,3927.11000000,23631187,23631188,1782869861415570,False,True
10253481,0.11730000,1165.91000000,23631189,23631189,1782869861415626,False,True
10253482,0.11740000,667.09000000,23631190,23631192,1782869861415879,False,True
10253483,0.11750000,600.95000000,23631193,23631194,1782869861415985,False,True
10253484,0.11760000,958.65000000,23631195,23631197,1782869861415985,False,True
10253485,0.11760000,170.30000000,23631198,23631198,1782869861416083,False,True
10253486,0.11760000,170.30000000,23631199,23631199,1782869861416473,False,True
10253487,0.11750000,170.30000000,23631200,23631200,1782869861434024,False,True
10253488,0.11750000,170.30000000,23631201,23631201,1782869861445398,False,True
10253489,0.11740000,1855.25000000,23631202,23631205,1782869887080553,True,True
10253490,0.11740000,208.78000000,23631206,23631207,1782869887081052,True,True
10253491,0.11730000,541.13000000,23631208,23631208,1782869887081052,True,True
10253492,0.11730000,749.90000000,23631209,23631209,1782869887081370,True,True
10253493,0.11730000,509.50000000,23631210,23631210,1782869887084407,True,True
10253494,0.11730000,85.10000000,23631211,23631211,1782869887085784,True,True
10253495,0.11730000,1849.87000000,23631212,23631216,1782869893058748,True,True
10253496,0.11730000,366.00000000,23631217,23631217,1782869893060442,True,True
10253497,0.11730000,58.15000000,23631218,23631218,1782869893063239,True,True
10253498,0.11720000,45.82000000,23631219,23631219,1782869893077400,True,True
10253499,0.11710000,66.65000000,23631220,23631221,1782869911521451,True,True
10253500,0.11730000,1571.89000000,23631222,23631223,1782869935704381,False,True
10253501,0.11720000,45.82000000,23631224,23631224,1782869939055239,True,True
10253502,0.11710000,124.68000000,23631225,23631225,1782869939055239,True,True
10253503,0.11710000,170.50000000,23631226,23631227,1782869939055339,True,True
10253504,0.11710000,170.50000000,23631228,23631229,1782869939055423,True,True
10253505,0.11710000,2631.77000000,23631230,23631232,1782869939057396,True,True
10253506,0.11710000,170.50000000,23631233,23631234,1782869939057602,True,True
10253507,0.11700000,89.10000000,23631235,23631236,1782869939061230,True,True
10253508,0.11700000,124.70000000,23631237,23631237,1782869939062166,True,True
10253509,0.11700000,3322.30000000,23631238,23631239,1782869939066175,True,True
10253510,0.11690000,45.90000000,23631240,23631240,1782869939382431,True,True
10253511,0.11680000,45.99000000,23631241,23631241,1782869940684517,True,True
10253512,0.11670000,46.03000000,23631242,23631242,1782869940688227,True,True
10253513,0.11660000,125.07000000,23631243,23631243,1782869940688227,True,True
10253514,0.11660000,171.10000000,23631244,23631244,1782869940688347,True,True
10253515,0.11660000,171.10000000,23631245,23631245,1782869940688352,True,True
10253516,0.11660000,171.10000000,23631246,23631246,1782869940689093,True,True
10253517,0.11660000,113.20000000,23631247,23631248,1782869940692438,True,True
10253518,0.11660000,472.67000000,23631249,23631249,1782869940693883,True,True
10253519,0.11650000,168.63000000,23631250,23631251,1782869940693883,True,True
10253520,0.11670000,114.52000000,23631252,23631253,1782869946507759,False,True
10253521,0.11670000,114.52000000,23631254,23631254,1782869946519577,False,True
10253522,0.11670000,68.36000000,23631255,23631255,1782869946538713,False,True
10253523,0.11670000,468.64000000,23631256,23631256,1782869946574789,False,True
10253524,0.11660000,182.97000000,23631257,23631258,1782869952292864,True,True
10253525,0.11650000,561.17000000,23631259,23631262,1782869963657928,True,True
10253526,0.11640000,46.11000000,23631263,23631263,1782869963661098,True,True
10253527,0.11630000,82.59000000,23631264,23631265,1782869963661098,True,True
10253528,0.11630000,151.60000000,23631266,23631266,1782869963661536,True,True
10253529,0.11630000,320.45000000,23631267,23631267,1782869963661615,True,True
10253530,0.11630000,171.70000000,23631268,23631268,1782869963662329,True,True
10253531,0.11640000,1831.13000000,23631269,23631269,1782869968903806,False,True
10253532,0.11640000,171.70000000,23631270,23631270,1782869968940001,False,True
10253533,0.11640000,43.90000000,23631271,23631271,1782870001473972,False,True
10253534,0.11640000,2697.66000000,23631272,23631273,1782870001476188,False,True
10253535,0.11620000,1317.30000000,23631274,23631276,1782870004239229,True,True
10253536,0.11620000,549.34000000,23631277,23631277,1782870004240144,True,True
10253537,0.11620000,240.54000000,23631278,23631279,1782870004240581,True,True
10253538,0.11610000,281.49000000,23631280,23631281,1782870004240581,True,True
10253539,0.11600000,33.38000000,23631282,23631282,1782870004240581,True,True
10253540,0.11600000,357.40000000,23631283,23631284,1782870004244199,True,True
10253541,0.11600000,337.30000000,23631285,23631285,1782870004244269,True,True
10253542,0.11600000,218.25000000,23631286,23631286,1782870004244287,True,True
10253543,0.11590000,119.05000000,23631287,23631288,1782870004244287,True,True
10253544,0.11590000,1721.00000000,23631289,23631290,1782870004244322,True,True
10253545,0.11590000,1721.00000000,23631291,23631292,1782870004244530,True,True
10253546,0.11590000,1721.00000000,23631293,23631293,1782870004245365,True,True
10253547,0.11590000,49.22000000,23631294,23631294,1782870004246882,True,True
10253548,0.11580000,1671.78000000,23631295,23631296,1782870004246882,True,True
10253549,0.11590000,530.53000000,23631297,23631297,1782870004247387,True,True
10253550,0.11600000,468.64000000,23631298,23631299,1782870004281291,False,True
10253551,0.11600000,43.30000000,23631300,23631300,1782870004387083,False,True
10253552,0.11600000,43.20000000,23631301,23631301,1782870004448397,False,True
10253553,0.11610000,581.80000000,23631302,23631303,1782870006971737,False,True
10253554,0.11610000,1157.34000000,23631304,23631304,1782870006973892,False,True
10253555,0.11610000,51.54000000,23631305,23631305,1782870019441209,False,True
10253556,0.11620000,46.46000000,23631306,23631306,1782870060591855,False,True
10253557,0.11630000,46.40000000,23631307,23631307,1782870060772842,False,True
10253558,0.11630000,46.46000000,23631308,23631308,1782870080409069,False,True
10253559,0.11630000,4098.57000000,23631309,23631309,1782870091718227,True,True
10253560,0.11630000,528.70000000,23631310,23631311,1782870091718695,True,True
10253561,0.11620000,46.24000000,23631312,23631312,1782870091719037,True,True
10253562,0.11610000,713.87000000,23631313,23631316,1782870091719037,True,True
10253563,0.11610000,757.10000000,23631317,23631317,1782870091719193,True,True
10253564,0.11610000,757.10000000,23631318,23631318,1782870091719294,True,True
10253565,0.11610000,757.03000000,23631319,23631320,1782870091719508,True,True
10253566,0.11600000,172.50000000,23631321,23631321,1782870091721996,True,True
10253567,0.11600000,528.70000000,23631322,23631322,1782870091722516,True,True
10253568,0.11600000,137.50000000,23631323,23631323,1782870091722636,True,True
10253569,0.11600000,528.70000000,23631324,23631325,1782870091722725,True,True
10253570,0.11600000,475.30000000,23631326,23631327,1782870091723106,True,True
10253571,0.11600000,110.00000000,23631328,23631328,1782870091723357,True,True
10253572,0.11610000,4094.56000000,23631329,23631329,1782870091803889,False,True
10253573,0.11630000,46.41000000,23631330,23631330,1782870119133734,False,True
10253574,0.11640000,125.49000000,23631331,23631332,1782870119133734,False,True
10253575,0.11610000,137.70000000,23631333,23631333,1782870231346624,True,True
10253576,0.11600000,58.21000000,23631334,23631334,1782870231350228,True,True
10253577,0.11600000,58.20000000,23631335,23631335,1782870231351687,True,True
10253578,0.11600000,58.20000000,23631336,23631337,1782870231351721,True,True
10253579,0.11600000,58.20000000,23631338,23631338,1782870231351913,True,True
10253580,0.11600000,97.19000000,23631339,23631339,1782870231355633,True,True
10253581,0.11600000,405.93000000,23631340,23631343,1782870231355735,True,True
10253582,0.11590000,73.67000000,23631344,23631345,1782870231355735,True,True
10253583,0.11590000,56.00000000,23631346,23631346,1782870231356630,True,True
10253584,0.11610000,689.20000000,23631347,23631350,1782870232075875,False,True
10253585,0.11620000,2460.21000000,23631351,23631352,1782870232256413,False,True
10253586,0.11630000,642.79000000,23631353,23631354,1782870232256413,False,True
10253587,0.11630000,1000.10000000,23631355,23631355,1782870232288360,False,True
10253588,0.11600000,517.20000000,23631356,23631358,1782870247377676,True,True
10253589,0.11590000,129.30000000,23631359,23631360,1782870247380581,True,True
10253590,0.11580000,46.41000000,23631361,23631361,1782870249482075,True,True
10253591,0.11570000,154.50000000,23631362,23631363,1782870249678839,True,True
10253592,0.11570000,61.90000000,23631364,23631364,1782870249686977,True,True
10253593,0.11560000,875.37000000,23631365,23631370,1782870252536503,True,True
10253594,0.11550000,46.54000000,23631371,23631371,1782870252540202,True,True
10253595,0.11540000,126.46000000,23631372,23631372,1782870252540202,True,True
10253596,0.11540000,173.00000000,23631373,23631373,1782870252541258,True,True
10253597,0.11560000,156.45000000,23631374,23631374,1782870252860244,False,True
10253598,0.11540000,190.74000000,23631375,23631376,1782870268864421,True,True
10253599,0.11530000,710.60000000,23631377,23631378,1782870268865748,True,True
10253600,0.11530000,710.60000000,23631379,23631379,1782870268867772,True,True
10253601,0.11530000,710.60000000,23631380,23631380,1782870268867880,True,True
10253602,0.11530000,328.63000000,23631381,23631381,1782870268868006,True,True
10253603,0.11520000,381.97000000,23631382,23631383,1782870268868006,True,True
10253604,0.11550000,5045.20000000,23631384,23631386,1782870280284910,False,True
10253605,0.11560000,320.51000000,23631387,23631388,1782870304346878,False,True
10253606,0.11570000,46.59000000,23631389,23631389,1782870304347300,False,True
10253607,0.11580000,95.81000000,23631390,23631391,1782870304347766,False,True
10253608,0.11560000,665.00000000,23631392,23631393,1782870304358541,True,True
10253609,0.11590000,46.50000000,23631394,23631394,1782870310036868,False,True
10253610,0.11580000,1002.10000000,23631395,23631396,1782870315788736,True,True
10253611,0.11570000,1219.36000000,23631397,23631399,1782870315789213,True,True
10253612,0.11560000,2430.50000000,23631400,23631405,1782870315789213,True,True
10253613,0.11550000,1349.46000000,23631406,23631409,1782870315792455,True,True
10253614,0.11550000,477.90000000,23631410,23631410,1782870315792591,True,True
10253615,0.11550000,183.00000000,23631411,23631411,1782870315795474,False,True
10253616,0.11550000,68.13000000,23631412,23631412,1782870315798044,False,True
10253617,0.11540000,88.00000000,23631413,23631414,1782870321891729,True,True
10253618,0.11540000,87.40000000,23631415,23631415,1782870321892850,True,True
10253619,0.11540000,395.30000000,23631416,23631419,1782870321904999,True,True
10253620,0.11540000,862.24000000,23631420,23631420,1782870321906621,True,True
10253621,0.11530000,173.30000000,23631421,23631422,1782870321908761,True,True
10253622,0.11530000,508.41000000,23631423,23631423,1782870321928747,True,True
10253623,0.11550000,46.67000000,23631424,23631424,1782870342777486,False,True
10253624,0.11560000,126.33000000,23631425,23631426,1782870342777486,False,True
10253625,0.11560000,173.00000000,23631427,23631427,1782870342781200,False,True
10253626,0.11550000,138.50000000,23631428,23631428,1782870443123668,True,True
10253627,0.11540000,190.40000000,23631429,23631429,1782870443123668,True,True
10253628,0.11540000,354.69000000,23631430,23631430,1782870443124303,True,True
10253629,0.11540000,724.29000000,23631431,23631431,1782870443125563,True,True
10253630,0.11540000,46.59000000,23631432,23631432,1782870443127421,True,True
10253631,0.11530000,58.50000000,23631433,23631433,1782870443128030,True,True
10253632,0.11530000,58.50000000,23631434,23631434,1782870443128094,True,True
10253633,0.11530000,58.50000000,23631435,23631436,1782870443128546,True,True
10253634,0.11530000,504.89000000,23631437,23631439,1782870443130601,True,True
10253635,0.11530000,447.90000000,23631440,23631442,1782870443131025,True,True
10253636,0.11530000,504.90000000,23631443,23631443,1782870443131036,True,True
10253637,0.11530000,7.44000000,23631444,23631444,1782870443132843,True,True
10253638,0.11520000,49.56000000,23631445,23631446,1782870443132843,True,True
10253639,0.11520000,1192.61000000,23631447,23631449,1782870479377936,True,True
10253640,0.11550000,47.62000000,23631450,23631450,1782870480347589,False,True
10253641,0.11540000,6162.75000000,23631451,23631458,1782870555615014,False,True
10253642,0.11540000,787.80000000,23631459,23631460,1782870555618049,False,True
10253643,0.11540000,347.00000000,23631461,23631462,1782870555619293,False,True
10253644,0.11550000,95.94000000,23631463,23631464,1782870555621025,False,True
10253645,0.11550000,787.20000000,23631465,23631466,1782870555622323,False,True
10253646,0.11560000,46.72000000,23631467,23631467,1782870788812895,False,True
10253647,0.11550000,2509.09000000,23631468,23631469,1782870790473724,True,True
10253648,0.11540000,566.49000000,23631470,23631473,1782870790559743,True,True
10253649,0.11530000,46.63000000,23631474,23631474,1782870790562611,True,True
10253650,0.11520000,36.78000000,23631475,23631475,1782870790562611,True,True
10253651,0.11520000,333.70000000,23631476,23631476,1782870790562749,True,True
10253652,0.11520000,173.30000000,23631477,23631477,1782870790563926,True,True
10253653,0.11520000,852.67000000,23631478,23631481,1782870808439685,True,True
10253654,0.11520000,173.60000000,23631482,23631482,1782870808442853,True,True
10253655,0.11520000,885.87000000,23631483,23631483,1782870808444158,True,True
10253656,0.11520000,163.63000000,23631484,23631484,1782870808444343,True,True
10253657,0.11510000,312.80000000,23631485,23631486,1782870852065022,True,True
10253658,0.11520000,46.80000000,23631487,23631487,1782870999971093,False,True
10253659,0.11510000,732.90000000,23631488,23631488,1782871052273816,True,True
10253660,0.11510000,488.12000000,23631489,23631489,1782871052276277,True,True
10253661,0.11510000,192.32000000,23631490,23631490,1782871052305055,True,True
10253662,0.11510000,113.82000000,23631491,23631491,1782871091514014,True,True
10253663,0.11510000,374.32000000,23631492,23631494,1782871279320211,True,True
10253664,0.11500000,1762.36000000,23631495,23631496,1782871308166617,True,True
10253665,0.11490000,1739.00000000,23631497,23631500,1782871308167541,True,True
10253666,0.11490000,1739.00000000,23631501,23631501,1782871308167595,True,True
10253667,0.11490000,81.17000000,23631502,23631502,1782871308167630,True,True
10253668,0.11480000,1657.83000000,23631503,23631505,1782871308167630,True,True
10253669,0.11480000,1739.00000000,23631506,23631507,1782871308167636,True,True
10253670,0.11470000,47.62000000,23631508,23631509,1782871308761194,True,True
10253671,0.11480000,900.00000000,23631510,23631510,1782871340430201,False,True
10253672,0.11480000,130.66000000,23631511,23631511,1782871451190062,False,True
10253673,0.11480000,891.50000000,23631512,23631518,1782871492635870,False,True
10253674,0.11490000,1619.24000000,23631519,23631522,1782871492637364,False,True
10253675,0.11500000,46.94000000,23631523,23631523,1782871597879438,False,True
10253676,0.11510000,1104.64000000,23631524,23631525,1782871597880046,False,True
10253677,0.11520000,46.80000000,23631526,23631526,1782871607978111,False,True
10253678,0.11530000,46.76000000,23631527,23631527,1782871610450553,False,True
10253679,0.11540000,46.70000000,23631528,23631528,1782871610687588,False,True
10253680,0.11530000,260.19000000,23631529,23631529,1782871620603615,True,True
10253681,0.11530000,1454.26000000,23631530,23631530,1782871620604809,True,True
10253682,0.11530000,260.27000000,23631531,23631532,1782871620608854,True,True
10253683,0.11530000,172.30000000,23631533,23631533,1782871620610550,True,True
10253684,0.11530000,1469.10000000,23631534,23631534,1782871620611116,True,True
10253685,0.11520000,616.39000000,23631535,23631536,1782871629386996,True,True
10253686,0.11520000,72.11000000,23631537,23631538,1782871646688719,True,True
10253687,0.11520000,434.00000000,23631539,23631541,1782871651507438,True,True
10253688,0.11520000,260.40000000,23631542,23631543,1782871651508069,True,True
10253689,0.11520000,433.98000000,23631544,23631544,1782871651508378,True,True
10253690,0.11520000,642.09000000,23631545,23631545,1782871651509095,True,True
10253691,0.11520000,395.98000000,23631546,23631546,1782871651509170,True,True
