11247161,0.13740000,40.10000000,20296372,20296372,1782864002559598,False,True
11247162,0.13730000,720.00000000,20296373,20296373,1782864008947968,False,True
11247163,0.13740000,928.30000000,20296374,20296375,1782864008947968,False,True
11247164,0.13740000,432.10000000,20296376,20296376,1782864009571608,False,True
11247165,0.13720000,40.10000000,20296377,20296377,1782864018476778,True,True
11247166,0.13710000,40.20000000,20296378,20296378,1782864020381422,True,True
11247167,0.13700000,774.60000000,20296379,20296380,1782864048784545,False,True
11247168,0.13710000,4141.90000000,20296381,20296385,1782864048784545,False,True
11247169,0.13720000,949.80000000,20296386,20296387,1782864048784545,False,True
11247170,0.13710000,2350.10000000,20296388,20296390,1782864052468789,False,True
11247171,0.13690000,202.80000000,20296391,20296391,1782864077970541,True,True
11247172,0.13680000,40.30000000,20296392,20296392,1782864078715610,True,True
11247173,0.13660000,40.30000000,20296393,20296393,1782864082072614,True,True
11247174,0.13650000,40.30000000,20296394,20296394,1782864082996092,True,True
11247175,0.13640000,40.40000000,20296395,20296395,1782864087407310,True,True
11247176,0.13640000,1462.70000000,20296396,20296399,1782864087905756,False,True
11247177,0.13630000,73.40000000,20296400,20296401,1782864111249839,True,True
11247178,0.13630000,1184.50000000,20296402,20296402,1782864111251065,True,True
11247179,0.13630000,73.40000000,20296403,20296403,1782864111265722,True,True
11247180,0.13650000,6631.40000000,20296404,20296407,1782864122095711,False,True
11247181,0.13630000,40.40000000,20296408,20296408,1782864133147429,True,True
11247182,0.13620000,40.40000000,20296409,20296409,1782864135871413,True,True
11247183,0.13620000,646.10000000,20296410,20296410,1782864136038683,False,True
11247184,0.13610000,40.50000000,20296411,20296411,1782864139199491,True,True
11247185,0.13600000,714.50000000,20296412,20296413,1782864139294299,True,True
11247186,0.13600000,630.20000000,20296414,20296414,1782864139295560,True,True
11247187,0.13590000,714.00000000,20296415,20296415,1782864139698421,True,True
11247188,0.13590000,40.50000000,20296416,20296416,1782864139700756,True,True
11247189,0.13600000,262.40000000,20296417,20296417,1782864143344674,False,True
11247190,0.13600000,5323.70000000,20296418,20296427,1782864156028126,False,True
11247191,0.13600000,37.00000000,20296428,20296428,1782864156028667,False,True
11247192,0.13610000,3824.30000000,20296429,20296453,1782864156029965,False,True
11247193,0.13610000,147.00000000,20296454,20296454,1782864156031420,False,True
11247194,0.13570000,40.60000000,20296455,20296455,1782864182095668,True,True
11247195,0.13590000,177.20000000,20296456,20296456,1782864187859436,False,True
11247196,0.13590000,583.30000000,20296457,20296458,1782864187860672,False,True
11247197,0.13570000,714.50000000,20296459,20296459,1782864192786678,True,True
11247198,0.13570000,40.60000000,20296460,20296460,1782864192788145,True,True
11247199,0.13560000,330.10000000,20296461,20296462,1782864195103385,True,True
11247200,0.13560000,48.60000000,20296463,20296463,1782864200551105,True,True
11247201,0.13560000,84.80000000,20296464,20296466,1782864200552576,True,True
11247202,0.13540000,40.70000000,20296467,20296467,1782864207322228,True,True
11247203,0.13530000,71.20000000,20296468,20296469,1782864208499040,True,True
11247204,0.13550000,4399.00000000,20296470,20296478,1782864208984705,False,True
11247205,0.13560000,48.70000000,20296479,20296479,1782864211132837,False,True
11247206,0.13560000,405.50000000,20296480,20296480,1782864211132880,False,True
11247207,0.13560000,2812.20000000,20296481,20296482,1782864211134505,False,True
11247208,0.13570000,1501.00000000,20296483,20296484,1782864213277822,False,True
11247209,0.13570000,735.20000000,20296485,20296486,1782864233392370,False,True
11247210,0.13580000,40.60000000,20296487,20296487,1782864243547278,False,True
11247211,0.13590000,40.50000000,20296488,20296488,1782864248563225,False,True
11247212,0.13600000,40.50000000,20296489,20296489,1782864254145588,False,True
11247213,0.13610000,40.50000000,20296490,20296490,1782864260800758,False,True
11247214,0.13620000,40.40000000,20296491,20296491,1782864261946913,False,True
11247215,0.13630000,40.40000000,20296492,20296492,1782864267557839,False,True
11247216,0.13630000,656.00000000,20296493,20296493,1782864271652076,True,True
11247217,0.13640000,1568.70000000,20296494,20296497,1782864292014306,False,True
11247218,0.13630000,556.30000000,20296498,20296498,1782864292018071,True,True
11247219,0.13640000,183.20000000,20296499,20296499,1782864302366716,False,True
11247220,0.13640000,656.00000000,20296500,20296500,1782864309618035,True,True
11247221,0.13650000,40.30000000,20296501,20296501,1782864336481724,False,True
11247222,0.13630000,587.20000000,20296502,20296502,1782864349806880,True,True
11247223,0.13660000,40.30000000,20296503,20296503,1782864420623674,False,True
11247224,0.13660000,258.30000000,20296504,20296504,1782864429774010,True,True
11247225,0.13670000,40.30000000,20296505,20296505,1782864430940998,False,True
11247226,0.13680000,479.50000000,20296506,20296507,1782864460946500,False,True
11247227,0.13650000,2220.70000000,20296508,20296510,1782864466088001,True,True
11247228,0.13640000,524.00000000,20296511,20296512,1782864466109179,True,True
11247229,0.13640000,48.20000000,20296513,20296513,1782864466153024,True,True
11247230,0.13640000,1596.90000000,20296514,20296515,1782864466154426,True,True
11247231,0.13640000,2794.30000000,20296516,20296518,1782864489860839,True,True
11247232,0.13650000,57.10000000,20296519,20296519,1782864504221034,True,True
11247233,0.13670000,146.30000000,20296520,20296520,1782864511672743,False,True
11247234,0.13670000,40.30000000,20296521,20296521,1782864540649916,False,True
11247235,0.13680000,36.50000000,20296522,20296522,1782864544357398,False,True
11247236,0.13680000,40.30000000,20296523,20296523,1782864578202742,False,True
11247237,0.13680000,1311.50000000,20296524,20296524,1782864598823755,False,True
11247238,0.13690000,40.20000000,20296525,20296525,1782864600654561,False,True
11247239,0.13690000,54.80000000,20296526,20296526,1782864631580967,True,True
11247240,0.13700000,2017.00000000,20296527,20296530,1782864634414608,False,True
11247241,0.13680000,37.00000000,20296531,20296531,1782864667337728,True,True
11247242,0.13670000,40.30000000,20296532,20296532,1782864684254100,True,True
11247243,0.13650000,40.30000000,20296533,20296533,1782864700644345,True,True
11247244,0.13640000,40.40000000,20296534,20296534,1782864700671631,True,True
11247245,0.13640000,56.80000000,20296535,20296535,1782864706312461,False,True
11247246,0.13630000,88.20000000,20296536,20296537,1782864710315402,True,True
11247247,0.13630000,714.30000000,20296538,20296538,1782864710317063,True,True
11247248,0.13630000,90.00000000,20296539,20296539,1782864710317131,True,True
11247249,0.13650000,40.30000000,20296540,20296540,1782864727333745,False,True
11247250,0.13650000,208.80000000,20296541,20296541,1782864733796407,True,True
11247251,0.13660000,1563.80000000,20296542,20296544,1782864747950155,False,True
11247252,0.13660000,656.00000000,20296545,20296545,1782864747951649,False,True
11247253,0.13670000,40.30000000,20296546,20296546,1782864756505817,False,True
11247254,0.13670000,41.10000000,20296547,20296548,1782864758389911,True,True
11247255,0.13680000,40.30000000,20296549,20296549,1782864763017923,False,True
11247256,0.13700000,40.20000000,20296550,20296550,1782864763019952,False,True
11247257,0.13700000,720.00000000,20296551,20296551,1782864763021721,False,True
11247258,0.13690000,43.90000000,20296552,20296552,1782864763172722,True,True
11247259,0.13680000,48.20000000,20296553,20296553,1782864766199158,True,True
11247260,0.13680000,2024.90000000,20296554,20296554,1782864766199392,True,True
11247261,0.13670000,40.30000000,20296555,20296555,1782864766207065,True,True
11247262,0.13660000,40.30000000,20296556,20296556,1782864783322075,True,True
11247263,0.13650000,40.30000000,20296557,20296557,1782864821784111,True,True
11247264,0.13640000,77.70000000,20296558,20296558,1782864821784111,True,True
11247265,0.13640000,220.20000000,20296559,20296559,1782864841776892,True,True
11247266,0.13660000,380.40000000,20296560,20296561,1782864877363858,False,True
11247267,0.13660000,99.50000000,20296562,20296562,1782864877478139,False,True
11247268,0.13670000,40.30000000,20296563,20296563,1782864877752220,False,True
11247269,0.13670000,219.90000000,20296564,20296564,1782864881776218,True,True
11247270,0.13680000,3620.50000000,20296565,20296569,1782864890808529,False,True
11247271,0.13690000,7177.50000000,20296570,20296573,1782864890808529,False,True
11247272,0.13680000,167.00000000,20296574,20296574,1782864911775910,True,True
11247273,0.13690000,40.20000000,20296575,20296575,1782864914767964,False,True
11247274,0.13700000,40.20000000,20296576,20296576,1782864939623268,False,True
11247275,0.13710000,40.20000000,20296577,20296577,1782864939929031,False,True
11247276,0.13710000,225.00000000,20296578,20296578,1782864941777312,True,True
11247277,0.13700000,1902.20000000,20296579,20296581,1782864948903591,False,True
11247278,0.13710000,2906.80000000,20296582,20296584,1782864948903591,False,True
11247279,0.13720000,3256.30000000,20296585,20296589,1782864948903591,False,True
11247280,0.13710000,285.30000000,20296590,20296590,1782864976789080,True,True
11247281,0.13700000,217.40000000,20296591,20296591,1782865001776043,True,True
11247282,0.13700000,454.50000000,20296592,20296592,1782865002739041,False,True
11247283,0.13700000,117.50000000,20296593,20296593,1782865031775491,True,True
11247284,0.13700000,1320.50000000,20296594,20296595,1782865038615031,True,True
11247285,0.13690000,40.20000000,20296596,20296596,1782865051781897,True,True
11247286,0.13680000,213.00000000,20296597,20296597,1782865051781897,True,True
11247287,0.13690000,154.20000000,20296598,20296598,1782865061775446,True,True
11247288,0.13690000,134.70000000,20296599,20296599,1782865086782190,True,True
11247289,0.13700000,1430.20000000,20296600,20296600,1782865089401365,False,True
11247290,0.13700000,151.20000000,20296601,20296601,1782865106787448,True,True
11247291,0.13710000,40.20000000,20296602,20296602,1782865109377610,False,True
11247292,0.13720000,48.10000000,20296603,20296603,1782865111224803,False,True
11247293,0.13730000,2079.70000000,20296604,20296607,1782865116602116,False,True
11247294,0.13740000,1560.80000000,20296608,20296610,1782865116602116,False,True
11247295,0.13730000,185.60000000,20296611,20296611,1782865121775576,True,True
11247296,0.13730000,1899.20000000,20296612,20296614,1782865127699194,True,True
11247297,0.13720000,4312.10000000,20296615,20296620,1782865127699194,True,True
11247298,0.13710000,3446.50000000,20296621,20296625,1782865127699194,True,True
11247299,0.13720000,113.20000000,20296626,20296626,1782865127700509,True,True
11247300,0.13710000,720.00000000,20296627,20296627,1782865127702299,True,True
11247301,0.13710000,294.10000000,20296628,20296628,1782865146775535,True,True
11247302,0.13720000,184.60000000,20296629,20296629,1782865181777904,True,True
11247303,0.13740000,311.60000000,20296630,20296630,1782865204825048,False,True
11247304,0.13720000,142.00000000,20296631,20296631,1782865206784212,True,True
11247305,0.13720000,198.30000000,20296632,20296632,1782865231799347,True,True
11247306,0.13730000,54.60000000,20296633,20296633,1782865237791075,True,True
11247307,0.13730000,181.00000000,20296634,20296634,1782865241775660,True,True
11247308,0.13720000,371.50000000,20296635,20296635,1782865259017824,False,True
11247309,0.13710000,40.20000000,20296636,20296636,1782865259560329,True,True
11247310,0.13700000,40.20000000,20296637,20296637,1782865259562000,True,True
11247311,0.13690000,40.20000000,20296638,20296638,1782865264127552,True,True
11247312,0.13680000,40.30000000,20296639,20296639,1782865266776780,True,True
11247313,0.13670000,123.00000000,20296640,20296640,1782865266776780,True,True
11247314,0.13680000,197.50000000,20296641,20296641,1782865291801719,True,True
11247315,0.13680000,65.50000000,20296642,20296642,1782865292585603,True,True
11247316,0.13680000,1058.80000000,20296643,20296644,1782865296309104,True,True
11247317,0.13680000,222.90000000,20296645,20296645,1782865301775932,True,True
11247318,0.13670000,48.20000000,20296646,20296646,1782865312616889,True,True
11247319,0.13670000,475.00000000,20296647,20296647,1782865312645496,True,True
11247320,0.13670000,783.40000000,20296648,20296650,1782865312707201,True,True
11247321,0.13690000,40.20000000,20296651,20296651,1782865318422802,False,True
11247322,0.13690000,320.00000000,20296652,20296652,1782865331776152,True,True
11247323,0.13700000,40.20000000,20296653,20296653,1782865351408494,False,True
11247324,0.13710000,963.40000000,20296654,20296655,1782865351408494,False,True
11247325,0.13710000,40.20000000,20296656,20296656,1782865354322926,False,True
11247326,0.13710000,285.80000000,20296657,20296657,1782865361776922,True,True
11247327,0.13710000,434.20000000,20296658,20296658,1782865372381874,True,True
11247328,0.13700000,422.10000000,20296659,20296659,1782865372381874,True,True
11247329,0.13710000,720.00000000,20296660,20296660,1782865383270434,True,True
11247330,0.13700000,853.40000000,20296661,20296662,1782865405265512,False,True
11247331,0.13700000,228.20000000,20296663,20296663,1782865406795571,True,True
11247332,0.13720000,156.70000000,20296664,20296665,1782865416861322,False,True
11247333,0.13730000,133.40000000,20296666,20296667,1782865424982110,False,True
11247334,0.13720000,158.00000000,20296668,20296668,1782865451777075,True,True
11247335,0.13710000,1762.70000000,20296669,20296672,1782865454564556,True,True
11247336,0.13720000,564.40000000,20296673,20296673,1782865460423216,False,True
11247337,0.13720000,720.00000000,20296674,20296674,1782865473025720,False,True
11247338,0.13730000,302.10000000,20296675,20296675,1782865481776111,True,True
11247339,0.13750000,95.80000000,20296676,20296677,1782865500698158,False,True
11247340,0.13750000,486.90000000,20296678,20296678,1782865503440551,True,True
11247341,0.13750000,720.00000000,20296679,20296679,1782865520840628,False,True
11247342,0.13750000,141.30000000,20296680,20296680,1782865521792212,True,True
11247343,0.13750000,714.60000000,20296681,20296681,1782865539913211,True,True
11247344,0.13750000,1316.80000000,20296682,20296682,1782865539945173,True,True
11247345,0.13760000,40.00000000,20296683,20296683,1782865552488393,False,True
11247346,0.13760000,128.60000000,20296684,20296684,1782865554661969,True,True
11247347,0.13760000,434.20000000,20296685,20296685,1782865598364916,False,True
11247348,0.13740000,40.10000000,20296686,20296686,1782865605370140,True,True
11247349,0.13730000,40.10000000,20296687,20296687,1782865605375496,True,True
11247350,0.13720000,40.10000000,20296688,20296688,1782865620316700,True,True
11247351,0.13720000,977.70000000,20296689,20296689,1782865620319266,False,True
11247352,0.13740000,40.10000000,20296690,20296690,1782865620591170,False,True
11247353,0.13750000,40.00000000,20296691,20296691,1782865626842632,False,True
11247354,0.13760000,40.00000000,20296692,20296692,1782865629338931,False,True
11247355,0.13770000,67.20000000,20296693,20296694,1782865629338931,False,True
11247356,0.13760000,131.10000000,20296695,20296695,1782865629345280,True,True
11247357,0.13770000,7138.80000000,20296696,20296701,1782865632465021,False,True
11247358,0.13780000,40.00000000,20296702,20296702,1782865632472944,False,True
11247359,0.13790000,1669.50000000,20296703,20296715,1782865640644373,False,True
11247360,0.13800000,2701.20000000,20296716,20296717,1782865640644483,False,True
11247361,0.13800000,40.10000000,20296718,20296718,1782865640649762,True,True
11247362,0.13790000,125.00000000,20296719,20296719,1782865640651991,True,True
11247363,0.13790000,125.00000000,20296720,20296720,1782865640652228,True,True
11247364,0.13800000,826.10000000,20296721,20296721,1782865640656213,False,True
11247365,0.13800000,87.80000000,20296722,20296722,1782865644254103,True,True
11247366,0.13820000,39.80000000,20296723,20296723,1782865644426122,False,True
11247367,0.13830000,39.80000000,20296724,20296724,1782865647847705,False,True
11247368,0.13840000,39.80000000,20296725,20296725,1782865647937038,False,True
11247369,0.13840000,47.80000000,20296726,20296726,1782865648010040,False,True
11247370,0.13850000,39.80000000,20296727,20296727,1782865650318915,False,True
11247371,0.13860000,39.70000000,20296728,20296728,1782865651975001,False,True
11247372,0.13870000,1091.40000000,20296729,20296731,1782865655046287,False,True
11247373,0.13870000,446.60000000,20296732,20296732,1782865655048974,False,True
11247374,0.13880000,1194.70000000,20296733,20296735,1782865655627282,False,True
11247375,0.13880000,47.70000000,20296736,20296736,1782865655628111,False,True
11247376,0.13880000,549.90000000,20296737,20296737,1782865655628697,False,True
11247377,0.13890000,39.60000000,20296738,20296738,1782865655629786,False,True
11247378,0.13900000,39.80000000,20296739,20296740,1782865655632304,False,True
11247379,0.13900000,256.00000000,20296741,20296741,1782865656781317,True,True
11247380,0.13900000,256.00000000,20296742,20296742,1782865656781353,True,True
11247381,0.13910000,714.00000000,20296743,20296744,1782865661117035,False,True
11247382,0.13910000,3940.70000000,20296745,20296745,1782865661117245,False,True
11247383,0.13920000,39.60000000,20296746,20296746,1782865665082078,False,True
11247384,0.13920000,720.00000000,20296747,20296747,1782865666083670,True,True
11247385,0.13900000,36.80000000,20296748,20296748,1782865668617537,True,True
11247386,0.13910000,495.30000000,20296749,20296749,1782865678198670,False,True
11247387,0.13910000,325.10000000,20296750,20296750,1782865679612735,True,True
11247388,0.13910000,230.70000000,20296751,20296751,1782865681091599,False,True
11247389,0.13910000,489.30000000,20296752,20296752,1782865681091832,False,True
11247390,0.13910000,172.80000000,20296753,20296753,1782865681287169,True,True
11247391,0.13920000,504.90000000,20296754,20296754,1782865682708181,False,True
11247392,0.13910000,172.80000000,20296755,20296755,1782865682713588,True,True
11247393,0.13900000,39.60000000,20296756,20296756,1782865682879971,True,True
11247394,0.13900000,719.40000000,20296757,20296757,1782865682882371,False,True
11247395,0.13900000,78.00000000,20296758,20296759,1782865682882659,False,True
11247396,0.13900000,611.50000000,20296760,20296760,1782865682882745,False,True
11247397,0.13890000,36.60000000,20296761,20296761,1782865685630415,True,True
11247398,0.13890000,3.00000000,20296762,20296762,1782865686536111,True,True
11247399,0.13880000,39.70000000,20296763,20296763,1782865690245927,True,True
11247400,0.13870000,39.70000000,20296764,20296764,1782865690513740,True,True
11247401,0.13860000,39.70000000,20296765,20296765,1782865696242850,True,True
11247402,0.13850000,39.80000000,20296766,20296766,1782865698141112,True,True
11247403,0.13840000,133.30000000,20296767,20296767,1782865700395642,True,True
11247404,0.13850000,43.50000000,20296768,20296768,1782865702921755,False,True
11247405,0.13840000,39.80000000,20296769,20296769,1782865708251475,True,True
11247406,0.13870000,1134.20000000,20296770,20296770,1782865742939377,True,True
11247407,0.13860000,39.00000000,20296771,20296771,1782865747192627,False,True
11247408,0.13850000,3794.30000000,20296772,20296773,1782865747218756,True,True
11247409,0.13850000,39.00000000,20296774,20296774,1782865747909129,False,True
11247410,0.13840000,39.80000000,20296775,20296775,1782865758435084,True,True
11247411,0.13840000,1206.20000000,20296776,20296777,1782865774292450,False,True
11247412,0.13840000,75.20000000,20296778,20296778,1782865800588363,True,True
11247413,0.13830000,759.80000000,20296779,20296780,1782865808587146,True,True
11247414,0.13840000,423.60000000,20296781,20296781,1782865808590423,False,True
11247415,0.13830000,520.30000000,20296782,20296782,1782865808604963,False,True
11247416,0.13840000,47.60000000,20296783,20296783,1782865816462434,False,True
11247417,0.13840000,54.20000000,20296784,20296784,1782865816462529,False,True
11247418,0.13850000,700.70000000,20296785,20296791,1782865816462843,False,True
11247419,0.13850000,340.20000000,20296792,20296794,1782865816462863,False,True
11247420,0.13850000,268.60000000,20296795,20296797,1782865816464256,False,True
11247421,0.13850000,481.20000000,20296798,20296801,1782865816464290,False,True
11247422,0.13850000,156.40000000,20296802,20296803,1782865816465213,False,True
11247423,0.13860000,39.70000000,20296804,20296804,1782865816492751,False,True
11247424,0.13870000,1203.30000000,20296805,20296806,1782865829024675,False,True
11247425,0.13870000,560.00000000,20296807,20296808,1782865829026025,False,True
11247426,0.13860000,130.20000000,20296809,20296809,1782865835307219,True,True
11247427,0.13860000,1356.20000000,20296810,20296810,1782865835308379,True,True
11247428,0.13850000,520.00000000,20296811,20296811,1782865835372498,False,True
11247429,0.13860000,720.00000000,20296812,20296812,1782865852561499,False,True
11247430,0.13870000,3067.90000000,20296813,20296834,1782865852561978,False,True
11247431,0.13880000,712.20000000,20296835,20296839,1782865852561978,False,True
11247432,0.13880000,877.10000000,20296840,20296845,1782865852562249,False,True
11247433,0.13880000,39.70000000,20296846,20296846,1782865852564799,False,True
11247434,0.13850000,81.70000000,20296847,20296847,1782865860636394,True,True
11247435,0.13850000,478.10000000,20296848,20296849,1782865860636440,True,True
11247436,0.13830000,39.80000000,20296850,20296850,1782865869179406,True,True
11247437,0.13820000,39.80000000,20296851,20296851,1782865880635995,True,True
11247438,0.13830000,719.90000000,20296852,20296852,1782865882886915,False,True
11247439,0.13840000,39.80000000,20296853,20296853,1782865884299233,False,True
11247440,0.13820000,39.80000000,20296854,20296854,1782865895818581,True,True
11247441,0.13800000,47.70000000,20296855,20296855,1782865895818605,True,True
11247442,0.13820000,1564.20000000,20296856,20296857,1782865895824188,False,True
11247443,0.13820000,36.20000000,20296858,20296858,1782865922830256,True,True
11247444,0.13810000,720.00000000,20296859,20296859,1782865925159341,True,True
11247445,0.13800000,1143.00000000,20296860,20296861,1782865925159589,True,True
11247446,0.13790000,618.70000000,20296862,20296863,1782865925160038,True,True
11247447,0.13780000,272.50000000,20296864,20296865,1782865925160038,True,True
11247448,0.13770000,423.20000000,20296866,20296866,1782865925160038,True,True
11247449,0.13760000,40.00000000,20296867,20296867,1782865925161661,True,True
11247450,0.13750000,1238.90000000,20296868,20296869,1782865925161821,True,True
11247451,0.13750000,1238.90000000,20296870,20296870,1782865925161922,True,True
11247452,0.13770000,83.40000000,20296871,20296871,1782865925163127,False,True
11247453,0.13750000,1149.00000000,20296872,20296872,1782865925163644,True,True
11247454,0.13750000,956.20000000,20296873,20296874,1782865925164204,True,True
11247455,0.13740000,282.70000000,20296875,20296876,1782865925164204,True,True
11247456,0.13750000,186.00000000,20296877,20296877,1782865925164455,True,True
11247457,0.13750000,843.40000000,20296878,20296879,1782865925173128,True,True
11247458,0.13750000,533.90000000,20296880,20296880,1782865925195694,True,True
11247459,0.13740000,1412.00000000,20296881,20296882,1782865925229327,True,True
11247460,0.13730000,48.40000000,20296883,20296883,1782865925229327,True,True
11247461,0.13740000,218.30000000,20296884,20296884,1782865935284870,True,True
11247462,0.13740000,218.30000000,20296885,20296885,1782865935285206,True,True
11247463,0.13740000,218.30000000,20296886,20296886,1782865935285210,True,True
11247464,0.13740000,65.10000000,20296887,20296887,1782865935286456,True,True
11247465,0.13730000,76.60000000,20296888,20296889,1782865941721289,True,True
11247466,0.13730000,720.00000000,20296890,20296890,1782865941913883,False,True
11247467,0.13730000,218.60000000,20296891,20296891,1782865945285401,True,True
11247468,0.13730000,218.60000000,20296892,20296892,1782865945285718,True,True
11247469,0.13730000,218.60000000,20296893,20296893,1782865945285888,True,True
11247470,0.13730000,331.20000000,20296894,20296894,1782865945436189,True,True
11247471,0.13720000,40.10000000,20296895,20296895,1782865946476418,True,True
11247472,0.13710000,1117.10000000,20296896,20296897,1782865946476418,True,True
11247473,0.13710000,7074.40000000,20296898,20296898,1782865946476745,True,True
11247474,0.13710000,6212.50000000,20296899,20296899,1782865946477020,True,True
11247475,0.13700000,37.30000000,20296900,20296900,1782865948030064,True,True
11247476,0.13700000,3079.70000000,20296901,20296903,1782865948031382,True,True
11247477,0.13710000,2486.60000000,20296904,20296912,1782865954173961,False,True
11247478,0.13710000,218.90000000,20296913,20296913,1782865955290129,True,True
11247479,0.13710000,218.90000000,20296914,20296914,1782865955290215,True,True
11247480,0.13710000,218.90000000,20296915,20296915,1782865955290367,True,True
11247481,0.13720000,760.90000000,20296916,20296917,1782865969046763,False,True
11247482,0.13730000,10164.70000000,20296918,20296924,1782865969046763,False,True
11247483,0.13730000,63.30000000,20296925,20296925,1782865969047844,False,True
11247484,0.13720000,218.60000000,20296926,20296926,1782865975293066,True,True
11247485,0.13720000,218.60000000,20296927,20296927,1782865975293304,True,True
11247486,0.13720000,218.60000000,20296928,20296928,1782865975293545,True,True
11247487,0.13720000,36.60000000,20296929,20296929,1782865981652889,True,True
11247488,0.13700000,504.90000000,20296930,20296930,1782865982693956,True,True
11247489,0.13700000,76.70000000,20296931,20296932,1782865982727774,True,True
11247490,0.13700000,504.90000000,20296933,20296933,1782866024470090,True,True
11247491,0.13700000,324.60000000,20296934,20296934,1782866044312412,True,True
11247492,0.13700000,274.60000000,20296935,20296935,1782866044312631,True,True
11247493,0.13700000,120.80000000,20296936,20296936,1782866044312653,True,True
11247494,0.13690000,243.80000000,20296937,20296938,1782866044312653,True,True
11247495,0.13690000,2704.00000000,20296939,20296941,1782866062046587,True,True
11247496,0.13690000,929.20000000,20296942,20296942,1782866062047725,False,True
11247497,0.13700000,175.60000000,20296943,20296943,1782866062051321,False,True
11247498,0.13700000,43.70000000,20296944,20296944,1782866063637572,False,True
11247499,0.13680000,518.80000000,20296945,20296946,1782866066792153,True,True
11247500,0.13670000,40.30000000,20296947,20296947,1782866070930257,True,True
11247501,0.13660000,40.30000000,20296948,20296948,1782866076425116,True,True
11247502,0.13660000,103.50000000,20296949,20296949,1782866076427824,False,True
11247503,0.13660000,2729.00000000,20296950,20296952,1782866076429894,False,True
11247504,0.13660000,292.80000000,20296953,20296954,1782866076449204,False,True
11247505,0.13670000,40.30000000,20296955,20296955,1782866088398747,False,True
11247506,0.13670000,43.20000000,20296956,20296956,1782866100431533,False,True
11247507,0.13690000,613.00000000,20296957,20296958,1782866109168613,False,True
11247508,0.13680000,662.50000000,20296959,20296959,1782866109175565,True,True
11247509,0.13680000,355.30000000,20296960,20296960,1782866126555792,False,True
11247510,0.13660000,36.70000000,20296961,20296961,1782866154572781,True,True
11247511,0.13670000,996.40000000,20296962,20296963,1782866167449410,False,True
11247512,0.13660000,219.60000000,20296964,20296964,1782866169576522,True,True
11247513,0.13690000,40.20000000,20296965,20296965,1782866208085798,False,True
11247514,0.13700000,40.20000000,20296966,20296966,1782866211459545,False,True
11247515,0.13710000,40.20000000,20296967,20296967,1782866218643557,False,True
11247516,0.13720000,40.10000000,20296968,20296968,1782866218648409,False,True
11247517,0.13730000,760.10000000,20296969,20296970,1782866219779938,False,True
11247518,0.13740000,40.10000000,20296971,20296971,1782866219780255,False,True
11247519,0.13750000,227.70000000,20296972,20296972,1782866219780512,False,True
11247520,0.13730000,286.00000000,20296973,20296973,1782866247773956,True,True
11247521,0.13730000,127.30000000,20296974,20296974,1782866278114413,True,True
11247522,0.13730000,136.20000000,20296975,20296975,1782866282779873,True,True
11247523,0.13730000,75.10000000,20296976,20296976,1782866304721664,True,True
11247524,0.13730000,245.10000000,20296977,20296977,1782866307774828,True,True
11247525,0.13730000,330.40000000,20296978,20296978,1782866337774648,True,True
11247526,0.13750000,40.00000000,20296979,20296979,1782866356349703,False,True
11247527,0.13770000,760.00000000,20296980,20296981,1782866356351693,False,True
11247528,0.13760000,141.40000000,20296982,20296982,1782866367775579,True,True
11247529,0.13760000,164.60000000,20296983,20296983,1782866392779858,True,True
11247530,0.13780000,40.00000000,20296984,20296984,1782866408150233,False,True
11247531,0.13780000,1376.00000000,20296985,20296986,1782866416254370,True,True
11247532,0.13770000,242.90000000,20296987,20296987,1782866417788539,True,True
11247533,0.13770000,146.80000000,20296988,20296988,1782866427775120,True,True
11247534,0.13770000,135.50000000,20296989,20296989,1782866452779376,True,True
11247535,0.13770000,656.00000000,20296990,20296990,1782866453124910,True,True
11247536,0.13760000,40.00000000,20296991,20296991,1782866455077083,True,True
11247537,0.13750000,40.00000000,20296992,20296992,1782866460680093,True,True
11247538,0.13740000,40.10000000,20296993,20296993,1782866464812613,True,True
11247539,0.13740000,54.50000000,20296994,20296994,1782866471964586,True,True
11247540,0.13740000,243.70000000,20296995,20296995,1782866477786474,True,True
11247541,0.13740000,192.50000000,20296996,20296996,1782866487774416,True,True
11247542,0.13740000,164.70000000,20296997,20296997,1782866489209774,True,True
11247543,0.13730000,129.40000000,20296998,20296998,1782866517782345,True,True
11247544,0.13730000,714.30000000,20296999,20296999,1782866520021270,True,True
11247545,0.13730000,739.20000000,20297000,20297001,1782866520022528,True,True
11247546,0.13720000,40.10000000,20297002,20297002,1782866522177423,True,True
11247547,0.13710000,40.20000000,20297003,20297003,1782866546470939,True,True
11247548,0.13700000,40.20000000,20297004,20297004,1782866547782722,True,True
11247549,0.13690000,101.20000000,20297005,20297005,1782866547782722,True,True
11247550,0.13690000,40.20000000,20297006,20297006,1782866553443937,True,True
11247551,0.13690000,36.70000000,20297007,20297007,1782866563416237,False,True
11247552,0.13680000,232.00000000,20297008,20297009,1782866567784314,True,True
11247553,0.13690000,106.40000000,20297010,20297010,1782866585770769,False,True
11247554,0.13690000,154.80000000,20297011,20297011,1782866597786821,True,True
11247555,0.13700000,53.70000000,20297012,20297012,1782866601844705,False,True
11247556,0.13670000,40.30000000,20297013,20297013,1782866605249083,True,True
11247557,0.13660000,292.80000000,20297014,20297015,1782866607774919,True,True
11247558,0.13660000,48.20000000,20297016,20297016,1782866633403888,True,True
11247559,0.13650000,36.70000000,20297017,20297017,1782866633404232,True,True
11247560,0.13660000,6024.40000000,20297018,20297020,1782866633407580,False,True
11247561,0.13670000,40.30000000,20297021,20297021,1782866634213892,False,True
11247562,0.13690000,40.20000000,20297022,20297022,1782866638352424,False,True
11247563,0.13690000,644.90000000,20297023,20297023,1782866638354467,True,True
11247564,0.13670000,40.30000000,20297024,20297024,1782866657787404,True,True
11247565,0.13660000,67.60000000,20297025,20297025,1782866657787404,True,True
11247566,0.13660000,154.60000000,20297026,20297026,1782866667781827,True,True
11247567,0.13670000,828.50000000,20297027,20297028,1782866687809683,True,True
11247568,0.13680000,141.10000000,20297029,20297029,1782866692778929,True,True
11247569,0.13680000,146.30000000,20297030,20297030,1782866700485861,True,True
11247570,0.13670000,149.70000000,20297031,20297031,1782866717786842,True,True
11247571,0.13660000,291.00000000,20297032,20297032,1782866727774158,True,True
11247572,0.13660000,207.90000000,20297033,20297034,1782866777786400,True,True
11247573,0.13670000,199.00000000,20297035,20297035,1782866787773874,True,True
11247574,0.13680000,336.20000000,20297036,20297036,1782866803466673,False,True
11247575,0.13690000,40.20000000,20297037,20297037,1782866806184395,False,True
11247576,0.13680000,75.00000000,20297038,20297038,1782866816087639,True,True
11247577,0.13680000,135.00000000,20297039,20297039,1782866817774271,True,True
11247578,0.13680000,174.10000000,20297040,20297040,1782866832774103,True,True
11247579,0.13680000,720.00000000,20297041,20297041,1782866833068299,False,True
11247580,0.13680000,181.60000000,20297042,20297042,1782866847774454,True,True
11247581,0.13700000,40.20000000,20297043,20297043,1782866864242202,False,True
11247582,0.13700000,115.80000000,20297044,20297044,1782866877781191,True,True
11247583,0.13700000,210.00000000,20297045,20297045,1782866892773860,True,True
11247584,0.13700000,80.70000000,20297046,20297046,1782866933598596,False,True
11247585,0.13710000,48.10000000,20297047,20297047,1782866940408471,False,True
11247586,0.13700000,177.80000000,20297048,20297048,1782866952774295,True,True
11247587,0.13700000,230.50000000,20297049,20297050,1782866967774148,True,True
11247588,0.13700000,184.20000000,20297051,20297051,1782866981673782,False,True
11247589,0.13700000,158.90000000,20297052,20297052,1782867002836486,True,True
11247590,0.13700000,1463.20000000,20297053,20297053,1782867005764331,True,True
11247591,0.13700000,3659.70000000,20297054,20297054,1782867005765377,True,True
11247592,0.13700000,43.90000000,20297055,20297055,1782867005781888,True,True
11247593,0.13700000,96.40000000,20297056,20297056,1782867005792444,True,True
11247594,0.13700000,5898.80000000,20297057,20297057,1782867016467833,True,True
11247595,0.13690000,40.20000000,20297058,20297058,1782867016478308,True,True
11247596,0.13680000,751.20000000,20297059,20297060,1782867023150418,True,True
11247597,0.13680000,284.80000000,20297061,20297061,1782867027774294,True,True
11247598,0.13690000,40.30000000,20297062,20297062,1782867041676195,False,True
11247599,0.13680000,295.40000000,20297063,20297063,1782867062780448,True,True
11247600,0.13680000,143.20000000,20297064,20297064,1782867062896393,True,True
11247601,0.13680000,1000.20000000,20297065,20297065,1782867062898132,True,True
11247602,0.13680000,103.70000000,20297066,20297066,1782867062910143,True,True
11247603,0.13680000,103.70000000,20297067,20297067,1782867062912078,True,True
11247604,0.13680000,800.00000000,20297068,20297068,1782867065670888,True,True
11247605,0.13680000,92.90000000,20297069,20297069,1782867065686817,True,True
11247606,0.13680000,92.90000000,20297070,20297070,1782867065687140,True,True
11247607,0.13680000,103.70000000,20297071,20297071,1782867065745826,True,True
11247608,0.13680000,103.70000000,20297072,20297072,1782867065745886,True,True
11247609,0.13680000,103.70000000,20297073,20297073,1782867065745916,True,True
11247610,0.13680000,103.70000000,20297074,20297074,1782867065745947,True,True
11247611,0.13680000,103.70000000,20297075,20297075,1782867065746115,True,True
11247612,0.13680000,103.70000000,20297076,20297076,1782867065747023,True,True
11247613,0.13680000,103.70000000,20297077,20297077,1782867065756461,True,True
11247614,0.13680000,103.70000000,20297078,20297078,1782867065761800,True,True
11247615,0.13680000,37.40000000,20297079,20297079,1782867073445078,True,True
11247616,0.13680000,37.40000000,20297080,20297080,1782867073445143,True,True
11247617,0.13680000,37.40000000,20297081,20297081,1782867073445248,True,True
11247618,0.13680000,37.40000000,20297082,20297082,1782867073445346,True,True
11247619,0.13680000,37.40000000,20297083,20297083,1782867073445350,True,True
11247620,0.13680000,37.40000000,20297084,20297084,1782867073445376,True,True
11247621,0.13680000,37.40000000,20297085,20297085,1782867073445441,True,True
11247622,0.13680000,37.40000000,20297086,20297086,1782867073445517,True,True
11247623,0.13680000,37.40000000,20297087,20297087,1782867073456645,True,True
11247624,0.13680000,37.40000000,20297088,20297088,1782867073462431,True,True
11247625,0.13680000,179.30000000,20297089,20297089,1782867087153958,True,True
11247626,0.13680000,179.30000000,20297090,20297090,1782867087155993,True,True
11247627,0.13680000,143.40000000,20297091,20297091,1782867087158636,True,True
11247628,0.13680000,143.40000000,20297092,20297092,1782867087158641,True,True
11247629,0.13680000,143.40000000,20297093,20297093,1782867087158671,True,True
11247630,0.13680000,143.40000000,20297094,20297094,1782867087158753,True,True
11247631,0.13680000,143.40000000,20297095,20297095,1782867087158839,True,True
11247632,0.13680000,143.40000000,20297096,20297096,1782867087158929,True,True
11247633,0.13680000,143.40000000,20297097,20297097,1782867087158981,True,True
11247634,0.13680000,143.40000000,20297098,20297098,1782867087159109,True,True
11247635,0.13680000,143.40000000,20297099,20297099,1782867087159951,True,True
11247636,0.13680000,143.40000000,20297100,20297100,1782867087172082,True,True
11247637,0.13680000,143.40000000,20297101,20297101,1782867087175943,True,True
11247638,0.13680000,166.00000000,20297102,20297102,1782867087774716,True,True
11247639,0.13680000,40.60000000,20297103,20297103,1782867087780493,True,True
11247640,0.13680000,40.60000000,20297104,20297104,1782867087780530,True,True
11247641,0.13680000,56.70000000,20297105,20297105,1782867087799499,True,True
11247642,0.13680000,56.70000000,20297106,20297106,1782867087799732,True,True
11247643,0.13680000,56.70000000,20297107,20297107,1782867087799790,True,True
11247644,0.13680000,56.70000000,20297108,20297108,1782867087799812,True,True
11247645,0.13680000,56.70000000,20297109,20297109,1782867087799821,True,True
11247646,0.13680000,56.70000000,20297110,20297110,1782867087799826,True,True
11247647,0.13680000,56.70000000,20297111,20297111,1782867087799950,True,True
11247648,0.13680000,56.70000000,20297112,20297112,1782867087800309,True,True
11247649,0.13680000,56.70000000,20297113,20297113,1782867087812562,True,True
11247650,0.13680000,56.70000000,20297114,20297114,1782867087816772,True,True
11247651,0.13680000,714.80000000,20297115,20297115,1782867088035031,True,True
11247652,0.13680000,3415.80000000,20297116,20297116,1782867088036941,True,True
11247653,0.13680000,77.00000000,20297117,20297117,1782867088037163,True,True
11247654,0.13680000,77.00000000,20297118,20297118,1782867088037307,True,True
11247655,0.13680000,77.00000000,20297119,20297119,1782867088037465,True,True
11247656,0.13680000,77.00000000,20297120,20297120,1782867088037514,True,True
11247657,0.13680000,77.00000000,20297121,20297121,1782867088037545,True,True
11247658,0.13680000,77.00000000,20297122,20297122,1782867088037734,True,True
11247659,0.13680000,77.00000000,20297123,20297123,1782867088038013,True,True
11247660,0.13680000,77.00000000,20297124,20297124,1782867088038304,True,True
11247661,0.13680000,98.80000000,20297125,20297125,1782867088038384,True,True
11247662,0.13670000,77.00000000,20297126,20297126,1782867088038414,True,True
11247663,0.13670000,77.00000000,20297127,20297127,1782867088038733,True,True
11247664,0.13670000,77.00000000,20297128,20297128,1782867088049720,True,True
11247665,0.13670000,77.00000000,20297129,20297129,1782867088054005,True,True
11247666,0.13670000,37.40000000,20297130,20297130,1782867097867948,True,True
11247667,0.13670000,37.40000000,20297131,20297131,1782867098187632,True,True
11247668,0.13670000,37.40000000,20297132,20297132,1782867098417701,True,True
11247669,0.13670000,37.40000000,20297133,20297133,1782867098621894,True,True
11247670,0.13670000,50.20000000,20297134,20297134,1782867099043976,True,True
11247671,0.13670000,45.20000000,20297135,20297135,1782867099311866,True,True
11247672,0.13670000,40.70000000,20297136,20297136,1782867099517672,True,True
11247673,0.13670000,37.40000000,20297137,20297137,1782867099731592,True,True
11247674,0.13670000,37.40000000,20297138,20297138,1782867100037783,True,True
11247675,0.13670000,37.40000000,20297139,20297139,1782867100337148,True,True
11247676,0.13670000,37.40000000,20297140,20297140,1782867100544072,True,True
11247677,0.13670000,226.70000000,20297141,20297142,1782867107774433,True,True
11247678,0.13670000,320.20000000,20297143,20297144,1782867132775667,True,True
11247679,0.13660000,275.30000000,20297145,20297145,1782867147774413,True,True
11247680,0.13670000,720.00000000,20297146,20297146,1782867181636233,False,True
11247681,0.13680000,3217.40000000,20297147,20297150,1782867181636233,False,True
11247682,0.13690000,9583.10000000,20297151,20297156,1782867181636233,False,True
11247683,0.13700000,9555.20000000,20297157,20297162,1782867181636233,False,True
11247684,0.13710000,2746.50000000,20297163,20297166,1782867181636233,False,True
11247685,0.13720000,3879.30000000,20297167,20297173,1782867181636233,False,True
11247686,0.13730000,13649.30000000,20297174,20297180,1782867181636233,False,True
11247687,0.13740000,21929.00000000,20297181,20297186,1782867181636233,False,True
11247688,0.13750000,9124.10000000,20297187,20297193,1782867181636233,False,True
11247689,0.13760000,2852.60000000,20297194,20297197,1782867181636233,False,True
11247690,0.13750000,48.20000000,20297198,20297198,1782867181641378,False,True
11247691,0.13750000,905.90000000,20297199,20297199,1782867181641693,False,True
11247692,0.13750000,641.80000000,20297200,20297202,1782867181642385,False,True
11247693,0.13760000,720.00000000,20297203,20297203,1782867181645177,True,True
11247694,0.13750000,1833.70000000,20297204,20297205,1782867181645177,True,True
11247695,0.13740000,182.00000000,20297206,20297206,1782867181667014,False,True
11247696,0.13740000,538.00000000,20297207,20297207,1782867181668603,False,True
11247697,0.13730000,161.00000000,20297208,20297208,1782867181671642,True,True
11247698,0.13730000,559.00000000,20297209,20297209,1782867181671811,True,True
11247699,0.13720000,965.20000000,20297210,20297211,1782867181671811,True,True
11247700,0.13720000,264.00000000,20297212,20297212,1782867181671968,True,True
11247701,0.13740000,72.80000000,20297213,20297213,1782867181700028,False,True
11247702,0.13710000,124.80000000,20297214,20297214,1782867187775567,True,True
11247703,0.13720000,343.90000000,20297215,20297215,1782867201648539,False,True
11247704,0.13710000,735.00000000,20297216,20297217,1782867207775224,True,True
11247705,0.13730000,278.60000000,20297218,20297218,1782867221654175,False,True
11247706,0.13740000,648.30000000,20297219,20297219,1782867227774408,True,True
11247707,0.13750000,48.00000000,20297220,20297220,1782867231804026,False,True
11247708,0.13750000,29.70000000,20297221,20297221,1782867231804660,False,True
11247709,0.13760000,760.00000000,20297222,20297223,1782867232177502,False,True
11247710,0.13750000,2332.80000000,20297224,20297226,1782867234571609,True,True
11247711,0.13740000,1757.00000000,20297227,20297229,1782867234571609,True,True
11247712,0.13730000,40.10000000,20297230,20297230,1782867267775813,True,True
11247713,0.13720000,655.80000000,20297231,20297231,1782867267775813,True,True
11247714,0.13730000,720.00000000,20297232,20297232,1782867288509900,False,True
11247715,0.13740000,607.90000000,20297233,20297233,1782867307774734,True,True
11247716,0.13720000,571.50000000,20297234,20297235,1782867327775070,True,True
11247717,0.13730000,48.00000000,20297236,20297236,1782867330188215,False,True
11247718,0.13730000,672.00000000,20297237,20297237,1782867354821547,False,True
11247719,0.13740000,759.90000000,20297238,20297239,1782867354821547,False,True
11247720,0.13740000,225.90000000,20297240,20297240,1782867362779345,True,True
11247721,0.13720000,40.10000000,20297241,20297241,1782867386733937,True,True
11247722,0.13710000,40.20000000,20297242,20297242,1782867419447755,True,True
11247723,0.13700000,40.20000000,20297243,20297243,1782867419556022,True,True
11247724,0.13690000,40.20000000,20297244,20297244,1782867426542707,True,True
11247725,0.13680000,40.50000000,20297245,20297246,1782867431602224,True,True
11247726,0.13680000,2154.80000000,20297247,20297249,1782867447441265,True,True
11247727,0.13680000,2717.20000000,20297250,20297250,1782867464696737,False,True
11247728,0.13680000,1995.60000000,20297251,20297251,1782867464698457,False,True
11247729,0.13680000,3561.70000000,20297252,20297252,1782867464699006,False,True
11247730,0.13680000,714.20000000,20297253,20297253,1782867464700293,False,True
11247731,0.13680000,7.40000000,20297254,20297254,1782867464700486,False,True
11247732,0.13700000,2663.10000000,20297255,20297265,1782867486490512,False,True
11247733,0.13710000,40.20000000,20297266,20297266,1782867520674522,False,True
11247734,0.13720000,40.10000000,20297267,20297267,1782867562883747,False,True
11247735,0.13730000,40.10000000,20297268,20297268,1782867562892035,False,True
11247736,0.13740000,40.10000000,20297269,20297269,1782867598606588,False,True
11247737,0.13750000,40.00000000,20297270,20297270,1782867600818802,False,True
11247738,0.13750000,436.20000000,20297271,20297271,1782867603878478,True,True
11247739,0.13740000,67.90000000,20297272,20297272,1782867604627017,False,True
11247740,0.13720000,40.10000000,20297273,20297273,1782867615136677,True,True
11247741,0.13710000,102.70000000,20297274,20297274,1782867616715398,True,True
11247742,0.13720000,54.50000000,20297275,20297275,1782867624093783,False,True
11247743,0.13730000,720.00000000,20297276,20297276,1782867654801390,False,True
11247744,0.13740000,696.10000000,20297277,20297278,1782867669982723,False,True
11247745,0.13740000,720.00000000,20297279,20297279,1782867676100092,True,True
11247746,0.13730000,43.80000000,20297280,20297280,1782867676236515,True,True
11247747,0.13720000,40.10000000,20297281,20297281,1782867677177078,True,True
11247748,0.13710000,94.80000000,20297282,20297283,1782867684160810,True,True
11247749,0.13710000,1517.90000000,20297284,20297284,1782867684162263,True,True
11247750,0.13710000,714.00000000,20297285,20297285,1782867684168797,True,True
11247751,0.13710000,102.80000000,20297286,20297286,1782867684384704,True,True
11247752,0.13720000,417.10000000,20297287,20297289,1782867684390552,False,True
11247753,0.13720000,48.00000000,20297290,20297291,1782867684392002,False,True
11247754,0.13720000,847.10000000,20297292,20297297,1782867684392029,False,True
11247755,0.13710000,102.80000000,20297298,20297298,1782867686781659,True,True
11247756,0.13710000,457.20000000,20297299,20297299,1782867686983713,True,True
11247757,0.13710000,193.30000000,20297300,20297300,1782867686983976,True,True
11247758,0.13710000,11277.70000000,20297301,20297301,1782867686985930,True,True
11247759,0.13710000,6407.60000000,20297302,20297302,1782867686985950,True,True
11247760,0.13710000,193.30000000,20297303,20297303,1782867686987376,True,True
11247761,0.13700000,40.20000000,20297304,20297304,1782867686990256,True,True
11247762,0.13690000,40.20000000,20297305,20297305,1782867730264685,True,True
11247763,0.13680000,40.30000000,20297306,20297306,1782867730274817,True,True
11247764,0.13680000,75.40000000,20297307,20297307,1782867740855651,False,True
11247765,0.13670000,78.60000000,20297308,20297309,1782867748416833,True,True
11247766,0.13680000,720.00000000,20297310,20297310,1782867749783661,False,True
11247767,0.13690000,4710.10000000,20297311,20297324,1782867749783661,False,True
11247768,0.13700000,2652.90000000,20297325,20297341,1782867749783661,False,True
11247769,0.13690000,48.20000000,20297342,20297342,1782867749786670,False,True
11247770,0.13690000,841.20000000,20297343,20297344,1782867749786725,False,True
11247771,0.13700000,40.20000000,20297345,20297345,1782867766312650,False,True
11247772,0.13710000,1052.00000000,20297346,20297349,1782867783286877,False,True
11247773,0.13720000,40.10000000,20297350,20297350,1782867784164153,False,True
11247774,0.13730000,40.10000000,20297351,20297351,1782867791379486,False,True
11247775,0.13740000,40.10000000,20297352,20297352,1782867795078847,False,True
11247776,0.13750000,1061.90000000,20297353,20297359,1782867800425500,False,True
11247777,0.13740000,720.00000000,20297360,20297360,1782867822121775,False,True
11247778,0.13750000,39.80000000,20297361,20297361,1782867864959235,False,True
11247779,0.13750000,2402.70000000,20297362,20297364,1782867901349610,False,True
11247780,0.13760000,172.10000000,20297365,20297366,1782867901352528,False,True
11247781,0.13760000,1904.00000000,20297367,20297375,1782867901352840,False,True
11247782,0.13770000,40.00000000,20297376,20297376,1782867901354309,False,True
11247783,0.13750000,40.00000000,20297377,20297377,1782867948373719,True,True
11247784,0.13750000,1812.50000000,20297378,20297382,1782867983577677,False,True
11247785,0.13760000,145.30000000,20297383,20297383,1782867983592800,False,True
11247786,0.13750000,714.70000000,20297384,20297384,1782867993464293,True,True
11247787,0.13750000,145.30000000,20297385,20297385,1782867993465925,True,True
11247788,0.13750000,427.90000000,20297386,20297386,1782867993467216,True,True
11247789,0.13750000,714.00000000,20297387,20297387,1782867993467748,True,True
11247790,0.13750000,5334.80000000,20297388,20297388,1782867993468335,True,True
11247791,0.13740000,40.10000000,20297389,20297389,1782867993469522,True,True
11247792,0.13730000,102.40000000,20297390,20297391,1782867993469522,True,True
11247793,0.13750000,291.00000000,20297392,20297393,1782868001109110,False,True
11247794,0.13760000,330.60000000,20297394,20297396,1782868001402604,False,True
11247795,0.13770000,905.20000000,20297397,20297399,1782868004483720,False,True
11247796,0.13750000,214.60000000,20297400,20297400,1782868004489536,True,True
11247797,0.13750000,215.70000000,20297401,20297401,1782868004489629,True,True
11247798,0.13750000,217.30000000,20297402,20297402,1782868004489637,True,True
11247799,0.13740000,145.50000000,20297403,20297403,1782868004490572,True,True
11247800,0.13740000,145.50000000,20297404,20297404,1782868004491378,True,True
11247801,0.13750000,582.00000000,20297405,20297408,1782868035364349,False,True
11247802,0.13770000,3631.00000000,20297409,20297427,1782868055364636,False,True
11247803,0.13770000,593.20000000,20297428,20297432,1782868055365955,False,True
11247804,0.13750000,427.90000000,20297433,20297434,1782868066103147,True,True
11247805,0.13750000,43.70000000,20297435,20297435,1782868066103736,True,True
11247806,0.13750000,66.00000000,20297436,20297436,1782868066104437,True,True
11247807,0.13730000,40.10000000,20297437,20297437,1782868068194500,True,True
11247808,0.13730000,1488.90000000,20297438,20297440,1782868075150707,False,True
11247809,0.13740000,3352.70000000,20297441,20297445,1782868075150707,False,True
11247810,0.13750000,6204.80000000,20297446,20297473,1782868075150707,False,True
11247811,0.13760000,11448.00000000,20297474,20297479,1782868075150707,False,True
11247812,0.13770000,1779.30000000,20297480,20297483,1782868075150707,False,True
11247813,0.13770000,2178.70000000,20297484,20297484,1782868075152806,True,True
11247814,0.13770000,1689.10000000,20297485,20297485,1782868075152849,True,True
11247815,0.13750000,868.60000000,20297486,20297486,1782868075153633,True,True
11247816,0.13740000,1045.80000000,20297487,20297487,1782868075153633,True,True
11247817,0.13730000,1741.70000000,20297488,20297489,1782868075154560,True,True
11247818,0.13740000,1999.20000000,20297490,20297491,1782868075155116,False,True
11247819,0.13750000,145.60000000,20297492,20297492,1782868075162558,False,True
11247820,0.13740000,720.00000000,20297493,20297493,1782868075187299,False,True
11247821,0.13760000,720.00000000,20297494,20297494,1782868075583022,False,True
11247822,0.13770000,1452.00000000,20297495,20297504,1782868080647245,False,True
11247823,0.13780000,506.70000000,20297505,20297505,1782868083669764,False,True
11247824,0.13770000,295.50000000,20297506,20297506,1782868090521986,True,True
11247825,0.13780000,450.30000000,20297507,20297510,1782868101974533,False,True
11247826,0.13780000,528.50000000,20297511,20297514,1782868156618409,False,True
11247827,0.13790000,714.10000000,20297515,20297516,1782868156621976,False,True
11247828,0.13790000,1450.00000000,20297517,20297526,1782868161076541,False,True
11247829,0.13790000,403.30000000,20297527,20297527,1782868200317983,True,True
11247830,0.13780000,78.30000000,20297528,20297528,1782868226321178,True,True
11247831,0.13770000,40.00000000,20297529,20297529,1782868300472366,True,True
11247832,0.13770000,47.90000000,20297530,20297531,1782868313148401,False,True
11247833,0.13770000,911.70000000,20297532,20297534,1782868313149653,False,True
11247834,0.13780000,145.10000000,20297535,20297535,1782868313991008,False,True
11247835,0.13790000,47.90000000,20297536,20297536,1782868322179708,False,True
11247836,0.13790000,474.90000000,20297537,20297540,1782868322179764,False,True
11247837,0.13800000,39.90000000,20297541,20297541,1782868322179991,False,True
11247838,0.13810000,39.90000000,20297542,20297542,1782868322180233,False,True
11247839,0.13810000,789.30000000,20297543,20297549,1782868339862578,False,True
11247840,0.13820000,473.90000000,20297550,20297553,1782868340606486,False,True
11247841,0.13830000,76.00000000,20297554,20297555,1782868340628667,False,True
11247842,0.13840000,1955.80000000,20297556,20297567,1782868352737678,False,True
11247843,0.13850000,104.00000000,20297568,20297569,1782868354557801,False,True
11247844,0.13820000,39.80000000,20297570,20297570,1782868365988769,True,True
11247845,0.13810000,39.90000000,20297571,20297571,1782868369639554,True,True
11247846,0.13800000,39.90000000,20297572,20297572,1782868372612840,True,True
11247847,0.13800000,47.70000000,20297573,20297573,1782868375088756,True,True
11247848,0.13810000,1902.20000000,20297574,20297580,1782868380506562,False,True
11247849,0.13820000,2994.70000000,20297581,20297585,1782868380506562,False,True
11247850,0.13830000,3587.40000000,20297586,20297590,1782868380506562,False,True
11247851,0.13810000,937.00000000,20297591,20297591,1782868397303759,False,True
11247852,0.13820000,47.70000000,20297592,20297592,1782868400414826,False,True
11247853,0.13820000,5544.50000000,20297593,20297595,1782868400414985,False,True
11247854,0.13820000,767.70000000,20297596,20297596,1782868400416284,False,True
11247855,0.13790000,288.10000000,20297597,20297597,1782868406495737,True,True
11247856,0.13800000,144.90000000,20297598,20297598,1782868413163806,False,True
11247857,0.13810000,332.20000000,20297599,20297599,1782868413163806,False,True
11247858,0.13820000,39.80000000,20297600,20297600,1782868419429074,False,True
11247859,0.13820000,1376.00000000,20297601,20297602,1782868420563289,True,True
11247860,0.13820000,1589.30000000,20297603,20297603,1782868420704847,False,True
11247861,0.13830000,184.40000000,20297604,20297605,1782868423304858,False,True
11247862,0.13840000,221.40000000,20297606,20297607,1782868464126409,False,True
11247863,0.13840000,1706.50000000,20297608,20297608,1782868479254865,False,True
11247864,0.13840000,3469.30000000,20297609,20297609,1782868479255044,False,True
11247865,0.13840000,8939.10000000,20297610,20297611,1782868479255196,False,True
11247866,0.13840000,67.50000000,20297612,20297612,1782868479256587,False,True
11247867,0.13840000,39.60000000,20297613,20297613,1782868479257870,False,True
11247868,0.13840000,39.20000000,20297614,20297614,1782868479257927,False,True
11247869,0.13820000,1258.10000000,20297615,20297616,1782868492057236,True,True
11247870,0.13810000,39.90000000,20297617,20297617,1782868492126442,True,True
11247871,0.13800000,1434.80000000,20297618,20297620,1782868497241378,True,True
11247872,0.13810000,714.60000000,20297621,20297621,1782868502900565,False,True
11247873,0.13830000,1542.60000000,20297622,20297622,1782868542324161,False,True
11247874,0.13830000,1108.50000000,20297623,20297624,1782868551792216,False,True
11247875,0.13840000,39.80000000,20297625,20297625,1782868552065988,False,True
11247876,0.13850000,39.80000000,20297626,20297626,1782868552201661,False,True
11247877,0.13850000,87.50000000,20297627,20297627,1782868569672445,False,True
11247878,0.13840000,39.80000000,20297628,20297628,1782868584190644,True,True
11247879,0.13830000,39.80000000,20297629,20297629,1782868596005371,True,True
11247880,0.13820000,39.80000000,20297630,20297630,1782868600933175,True,True
11247881,0.13810000,3621.30000000,20297631,20297636,1782868600933175,True,True
11247882,0.13810000,632.50000000,20297637,20297637,1782868600934588,True,True
11247883,0.13810000,4031.40000000,20297638,20297640,1782868600935221,True,True
11247884,0.13800000,39.90000000,20297641,20297641,1782868602644833,True,True
11247885,0.13820000,4887.30000000,20297642,20297642,1782868634165207,False,True
11247886,0.13820000,800.00000000,20297643,20297643,1782868634165234,False,True
11247887,0.13820000,3001.00000000,20297644,20297644,1782868634165276,False,True
11247888,0.13820000,5561.20000000,20297645,20297645,1782868634165341,False,True
11247889,0.13850000,39.80000000,20297646,20297646,1782868652019152,False,True
11247890,0.13830000,39.80000000,20297647,20297647,1782868697524098,True,True
11247891,0.13840000,733.40000000,20297648,20297649,1782868739242608,True,True
11247892,0.13850000,39.80000000,20297650,20297650,1782868741370726,False,True
11247893,0.13850000,36.60000000,20297651,20297651,1782868751065822,True,True
11247894,0.13860000,800.00000000,20297652,20297653,1782868761561001,False,True
11247895,0.13860000,13448.10000000,20297654,20297654,1782868761562889,False,True
11247896,0.13860000,43.70000000,20297655,20297655,1782868763505534,True,True
11247897,0.13860000,6192.50000000,20297656,20297659,1782868763531848,True,True
11247898,0.13850000,1732.70000000,20297660,20297667,1782868763534958,True,True
11247899,0.13870000,714.10000000,20297668,20297670,1782868764382759,False,True
11247900,0.13870000,756.60000000,20297671,20297671,1782868764383799,True,True
11247901,0.13870000,2615.10000000,20297672,20297672,1782868764383868,True,True
11247902,0.13860000,1630.30000000,20297673,20297673,1782868764383868,True,True
11247903,0.13840000,1051.30000000,20297674,20297681,1782868764388114,True,True
11247904,0.13830000,39.80000000,20297682,20297682,1782868764391092,True,True
11247905,0.13820000,269.50000000,20297683,20297684,1782868764396730,True,True
11247906,0.13810000,39.90000000,20297685,20297685,1782868764399003,True,True
11247907,0.13850000,229.10000000,20297686,20297686,1782868766923558,False,True
11247908,0.13860000,528.60000000,20297687,20297687,1782868767188763,False,True
11247909,0.13870000,39.70000000,20297688,20297688,1782868767238005,False,True
11247910,0.13870000,568.60000000,20297689,20297689,1782868781296102,True,True
11247911,0.13870000,79.60000000,20297690,20297690,1782868788354522,False,True
11247912,0.13880000,39.70000000,20297691,20297691,1782868796772208,False,True
11247913,0.13890000,39.60000000,20297692,20297692,1782868800238600,False,True
11247914,0.13900000,400.00000000,20297693,20297694,1782868802533242,False,True
11247915,0.13900000,8431.70000000,20297695,20297695,1782868802534140,False,True
11247916,0.13900000,1200.00000000,20297696,20297696,1782868802534302,False,True
11247917,0.13900000,714.90000000,20297697,20297697,1782868802534585,False,True
11247918,0.13900000,3460.50000000,20297698,20297698,1782868802534663,False,True
11247919,0.13910000,39.60000000,20297699,20297699,1782868802536034,False,True
11247920,0.13900000,47.50000000,20297700,20297700,1782868806783129,False,True
11247921,0.13900000,720.00000000,20297701,20297701,1782868810200710,True,True
11247922,0.13900000,400.00000000,20297702,20297702,1782868810922576,False,True
11247923,0.13880000,1415.70000000,20297703,20297705,1782868821868664,True,True
11247924,0.13870000,39.70000000,20297706,20297706,1782868827910716,True,True
11247925,0.13870000,400.00000000,20297707,20297707,1782868831099848,False,True
11247926,0.13880000,2478.80000000,20297708,20297709,1782868844282002,False,True
11247927,0.13890000,759.60000000,20297710,20297711,1782868848275230,False,True
11247928,0.13890000,2843.80000000,20297712,20297713,1782868848306970,True,True
11247929,0.13880000,369.30000000,20297714,20297714,1782868853223911,True,True
11247930,0.13900000,2020.40000000,20297715,20297717,1782868879600204,False,True
11247931,0.13910000,800.00000000,20297718,20297719,1782868882390428,False,True
11247932,0.13910000,800.00000000,20297720,20297720,1782868882390485,False,True
11247933,0.13910000,2225.00000000,20297721,20297721,1782868882392188,False,True
11247934,0.13910000,400.00000000,20297722,20297722,1782868885148456,False,True
11247935,0.13910000,9971.90000000,20297723,20297723,1782868890261372,False,True
11247936,0.13920000,4392.80000000,20297724,20297726,1782868890261372,False,True
11247937,0.13920000,384.60000000,20297727,20297727,1782868890265057,False,True
11247938,0.13940000,1515.90000000,20297728,20297730,1782868893736215,False,True
11247939,0.13950000,2199.90000000,20297731,20297735,1782868893736215,False,True
11247940,0.13950000,1641.10000000,20297736,20297737,1782868901173919,False,True
11247941,0.13930000,39.50000000,20297738,20297738,1782868924964613,True,True
11247942,0.13920000,1646.60000000,20297739,20297741,1782868925915402,True,True
11247943,0.13920000,39.60000000,20297742,20297742,1782868935152630,True,True
11247944,0.13910000,39.60000000,20297743,20297743,1782868957204092,True,True
11247945,0.13910000,522.70000000,20297744,20297744,1782868964789210,False,True
11247946,0.13910000,39.30000000,20297745,20297745,1782868964791994,False,True
11247947,0.13900000,39.60000000,20297746,20297746,1782868971280913,True,True
11247948,0.13900000,1737.80000000,20297747,20297749,1782868982976927,True,True
11247949,0.13890000,39.60000000,20297750,20297750,1782868989510606,True,True
11247950,0.13880000,39.70000000,20297751,20297751,1782868994857009,True,True
11247951,0.13870000,596.90000000,20297752,20297754,1782868994859310,True,True
11247952,0.13860000,39.70000000,20297755,20297755,1782869028165298,True,True
11247953,0.13850000,39.80000000,20297756,20297756,1782869040661116,True,True
11247954,0.13840000,39.80000000,20297757,20297757,1782869042452418,True,True
11247955,0.13830000,466.90000000,20297758,20297758,1782869042452418,True,True
11247956,0.13830000,47.60000000,20297759,20297759,1782869043253877,True,True
11247957,0.13830000,39.80000000,20297760,20297760,1782869043402900,True,True
11247958,0.13820000,39.80000000,20297761,20297761,1782869047565166,True,True
11247959,0.13810000,116.40000000,20297762,20297763,1782869048494663,True,True
11247960,0.13800000,39.90000000,20297764,20297764,1782869056457070,True,True
11247961,0.13810000,724.10000000,20297765,20297766,1782869061780831,False,True
11247962,0.13820000,1612.90000000,20297767,20297770,1782869077654147,False,True
11247963,0.13820000,266.70000000,20297771,20297772,1782869077655887,False,True
11247964,0.13810000,338.60000000,20297773,20297773,1782869104230580,True,True
11247965,0.13810000,39.90000000,20297774,20297774,1782869104242415,True,True
11247966,0.13800000,39.90000000,20297775,20297775,1782869121888170,True,True
11247967,0.13800000,47.80000000,20297776,20297776,1782869125487779,False,True
11247968,0.13790000,39.90000000,20297777,20297777,1782869160863738,True,True
11247969,0.13780000,40.00000000,20297778,20297778,1782869167070628,True,True
11247970,0.13770000,40.00000000,20297779,20297779,1782869172638987,True,True
11247971,0.13760000,760.00000000,20297780,20297781,1782869172640346,True,True
11247972,0.13750000,325.40000000,20297782,20297782,1782869172641939,True,True
11247973,0.13750000,330.10000000,20297783,20297783,1782869172642083,True,True
11247974,0.13790000,128.30000000,20297784,20297784,1782869172645155,False,True
11247975,0.13790000,39.90000000,20297785,20297785,1782869172655857,False,True
11247976,0.13780000,396.10000000,20297786,20297786,1782869179465892,True,True
11247977,0.13770000,720.00000000,20297787,20297787,1782869186678686,True,True
11247978,0.13760000,760.00000000,20297788,20297789,1782869190139292,True,True
11247979,0.13750000,2692.90000000,20297790,20297795,1782869190139292,True,True
11247980,0.13740000,2833.50000000,20297796,20297800,1782869190139292,True,True
11247981,0.13730000,7395.90000000,20297801,20297806,1782869190139292,True,True
11247982,0.13720000,668.00000000,20297807,20297808,1782869190139292,True,True
11247983,0.13740000,285.70000000,20297809,20297809,1782869192087494,False,True
11247984,0.13770000,40.00000000,20297810,20297810,1782869208364203,False,True
11247985,0.13790000,2114.10000000,20297811,20297814,1782869219453853,False,True
11247986,0.13800000,854.00000000,20297815,20297817,1782869219453853,False,True
11247987,0.13800000,846.60000000,20297818,20297818,1782869219455224,False,True
11247988,0.13810000,215.60000000,20297819,20297820,1782869219458970,False,True
11247989,0.13810000,278.40000000,20297821,20297821,1782869219755554,False,True
11247990,0.13810000,275.00000000,20297822,20297822,1782869219758067,False,True
11247991,0.13810000,714.10000000,20297823,20297823,1782869219759418,False,True
11247992,0.13800000,990.10000000,20297824,20297824,1782869219873411,True,True
11247993,0.13800000,278.40000000,20297825,20297825,1782869219877515,False,True
11247994,0.13800000,326.50000000,20297826,20297826,1782869219877606,False,True
11247995,0.13800000,86.80000000,20297827,20297827,1782869222101184,False,True
11247996,0.13810000,717.40000000,20297828,20297829,1782869229021937,False,True
11247997,0.13810000,445.20000000,20297830,20297830,1782869233719770,False,True
11247998,0.13820000,469.20000000,20297831,20297832,1782869249864364,False,True
11247999,0.13820000,389.80000000,20297833,20297833,1782869280704358,True,True
11248000,0.13820000,52.30000000,20297834,20297834,1782869303620813,True,True
11248001,0.13830000,39.80000000,20297835,20297835,1782869328263141,False,True
11248002,0.13830000,144.60000000,20297836,20297836,1782869345344684,False,True
11248003,0.13840000,184.30000000,20297837,20297838,1782869349267352,False,True
11248004,0.13850000,490.90000000,20297839,20297839,1782869349269463,False,True
11248005,0.13850000,268.90000000,20297840,20297841,1782869349272022,False,True
11248006,0.13860000,222.00000000,20297842,20297842,1782869349272022,False,True
11248007,0.13860000,1352.50000000,20297843,20297847,1782869355826794,False,True
11248008,0.13860000,45.90000000,20297848,20297848,1782869377222691,True,True
11248009,0.13870000,144.20000000,20297849,20297849,1782869377390622,False,True
11248010,0.13860000,94.40000000,20297850,20297850,1782869394714626,False,True
11248011,0.13850000,759.80000000,20297851,20297852,1782869395571871,True,True
11248012,0.13840000,39.80000000,20297853,20297853,1782869404464072,True,True
11248013,0.13840000,171.10000000,20297854,20297854,1782869405385081,False,True
11248014,0.13830000,39.80000000,20297855,20297855,1782869410238962,True,True
11248015,0.13820000,39.80000000,20297856,20297856,1782869410572550,True,True
11248016,0.13820000,39.80000000,20297857,20297857,1782869410574793,True,True
11248017,0.13820000,39.80000000,20297858,20297858,1782869410575322,True,True
11248018,0.13840000,54.20000000,20297859,20297859,1782869451611120,False,True
11248019,0.13830000,669.90000000,20297860,20297860,1782869460621948,True,True
11248020,0.13820000,39.80000000,20297861,20297861,1782869465853199,True,True
11248021,0.13820000,144.70000000,20297862,20297862,1782869466523320,False,True
11248022,0.13830000,144.60000000,20297863,20297863,1782869467662492,False,True
11248023,0.13820000,187.80000000,20297864,20297864,1782869486748451,False,True
11248024,0.13810000,39.90000000,20297865,20297865,1782869506093196,True,True
11248025,0.13800000,39.90000000,20297866,20297866,1782869507204352,True,True
11248026,0.13790000,39.90000000,20297867,20297867,1782869508592723,True,True
11248027,0.13790000,1428.20000000,20297868,20297869,1782869526342480,False,True
11248028,0.13800000,40.00000000,20297870,20297870,1782869526344845,False,True
11248029,0.13800000,1266.20000000,20297871,20297872,1782869551239389,False,True
11248030,0.13800000,8871.60000000,20297873,20297873,1782869551241699,True,True
11248031,0.13800000,2822.00000000,20297874,20297874,1782869551243234,True,True
11248032,0.13800000,72.40000000,20297875,20297875,1782869551244844,True,True
11248033,0.13800000,3634.40000000,20297876,20297876,1782869551249513,True,True
11248034,0.13790000,319.30000000,20297877,20297877,1782869551251951,True,True
11248035,0.13790000,275.40000000,20297878,20297878,1782869551251959,True,True
11248036,0.13790000,288.10000000,20297879,20297879,1782869551252078,True,True
11248037,0.13780000,34.30000000,20297880,20297880,1782869551252078,True,True
11248038,0.13790000,413.80000000,20297881,20297881,1782869580687566,True,True
11248039,0.13780000,11914.50000000,20297882,20297895,1782869592962752,True,True
11248040,0.13770000,3191.80000000,20297896,20297900,1782869592962752,True,True
11248041,0.13760000,6569.80000000,20297901,20297905,1782869592962752,True,True
11248042,0.13750000,1341.60000000,20297906,20297907,1782869592962752,True,True
11248043,0.13770000,63.70000000,20297908,20297908,1782869592966756,False,True
11248044,0.13750000,40.00000000,20297909,20297909,1782869593611752,True,True
11248045,0.13740000,40.10000000,20297910,20297910,1782869610434189,True,True
11248046,0.13730000,2289.80000000,20297911,20297914,1782869610434189,True,True
11248047,0.13720000,1796.20000000,20297915,20297918,1782869610434189,True,True
11248048,0.13720000,4571.70000000,20297919,20297921,1782869610434308,True,True
11248049,0.13720000,204.20000000,20297922,20297923,1782869610435990,True,True
11248050,0.13710000,760.20000000,20297924,20297925,1782869610438019,True,True
11248051,0.13700000,40.20000000,20297926,20297926,1782869611856143,True,True
11248052,0.13690000,760.20000000,20297927,20297928,1782869611857722,True,True
11248053,0.13700000,43.70000000,20297929,20297929,1782869612234663,False,True
11248054,0.13700000,82.60000000,20297930,20297930,1782869612322973,False,True
11248055,0.13700000,53.30000000,20297931,20297931,1782869613192114,False,True
11248056,0.13690000,589.40000000,20297932,20297932,1782869623592560,False,True
11248057,0.13700000,559.10000000,20297933,20297933,1782869626964587,False,True
11248058,0.13700000,459.00000000,20297934,20297934,1782869626965431,False,True
11248059,0.13700000,674.90000000,20297935,20297936,1782869626965752,False,True
11248060,0.13710000,103.30000000,20297937,20297937,1782869626965805,False,True
11248061,0.13710000,40.20000000,20297938,20297938,1782869633454792,False,True
11248062,0.13720000,73.60000000,20297939,20297939,1782869633454792,False,True
11248063,0.13720000,48.10000000,20297940,20297940,1782869634918510,False,True
11248064,0.13720000,389.30000000,20297941,20297943,1782869634918533,False,True
11248065,0.13710000,322.20000000,20297944,20297944,1782869640691708,True,True
11248066,0.13700000,97.90000000,20297945,20297945,1782869645373437,True,True
11248067,0.13700000,40.20000000,20297946,20297946,1782869655081729,True,True
11248068,0.13690000,40.20000000,20297947,20297947,1782869660097565,True,True
11248069,0.13680000,40.30000000,20297948,20297948,1782869668086667,True,True
11248070,0.13670000,40.30000000,20297949,20297949,1782869685282398,True,True
11248071,0.13660000,714.40000000,20297950,20297951,1782869685286494,True,True
11248072,0.13670000,66.90000000,20297952,20297952,1782869690580807,False,True
11248073,0.13680000,145.10000000,20297953,20297953,1782869701244052,False,True
11248074,0.13680000,1.10000000,20297954,20297954,1782869701244225,False,True
11248075,0.13690000,145.10000000,20297955,20297955,1782869701245300,False,True
11248076,0.13690000,115.60000000,20297956,20297956,1782869701245413,False,True
11248077,0.13690000,102.30000000,20297957,20297957,1782869701246797,False,True
11248078,0.13690000,543.30000000,20297958,20297960,1782869701249211,False,True
11248079,0.13690000,146.10000000,20297961,20297961,1782869703006630,False,True
11248080,0.13690000,977.20000000,20297962,20297965,1782869703033890,True,True
11248081,0.13690000,4193.20000000,20297966,20297979,1782869707468774,False,True
11248082,0.13700000,3082.10000000,20297980,20297984,1782869707468774,False,True
11248083,0.13700000,1012.00000000,20297985,20297987,1782869717193493,False,True
11248084,0.13710000,3278.70000000,20297988,20297992,1782869717193493,False,True
11248085,0.13720000,652.90000000,20297993,20297993,1782869717193493,False,True
11248086,0.13710000,247.20000000,20297994,20297996,1782869717196476,False,True
11248087,0.13700000,102.20000000,20297997,20297997,1782869722531709,True,True
11248088,0.13700000,551.50000000,20297998,20297998,1782869724332995,False,True
11248089,0.13710000,1050.00000000,20297999,20298000,1782869724332995,False,True
11248090,0.13700000,43.90000000,20298001,20298001,1782869724338269,True,True
11248091,0.13700000,560.50000000,20298002,20298002,1782869746222066,True,True
11248092,0.13710000,2843.20000000,20298003,20298006,1782869752601700,False,True
11248093,0.13720000,16506.00000000,20298007,20298035,1782869752601700,False,True
11248094,0.13730000,2097.50000000,20298036,20298039,1782869752601700,False,True
11248095,0.13730000,720.00000000,20298040,20298040,1782869752606171,False,True
11248096,0.13740000,40.10000000,20298041,20298041,1782869752636658,False,True
11248097,0.13750000,363.50000000,20298042,20298042,1782869757281445,False,True
11248098,0.13730000,562.80000000,20298043,20298043,1782869760631392,True,True
11248099,0.13720000,5604.60000000,20298044,20298057,1782869797395348,False,True
11248100,0.13730000,2459.70000000,20298058,20298061,1782869797395348,False,True
11248101,0.13730000,714.80000000,20298062,20298064,1782869797398643,False,True
11248102,0.13730000,3304.80000000,20298065,20298087,1782869797398736,False,True
11248103,0.13730000,48.10000000,20298088,20298089,1782869797398809,False,True
11248104,0.13730000,872.40000000,20298090,20298095,1782869797400090,False,True
11248105,0.13710000,40.20000000,20298096,20298096,1782869797407032,True,True
11248106,0.13700000,105.80000000,20298097,20298097,1782869797407032,True,True
11248107,0.13700000,680.00000000,20298098,20298099,1782869813585358,True,True
11248108,0.13690000,40.20000000,20298100,20298100,1782869818676351,True,True
11248109,0.13680000,464.40000000,20298101,20298101,1782869820697913,True,True
11248110,0.13680000,319.70000000,20298102,20298103,1782869838573710,True,True
11248111,0.13680000,720.00000000,20298104,20298104,1782869855830722,False,True
11248112,0.13690000,350.90000000,20298105,20298105,1782869855830722,False,True
11248113,0.13690000,314.20000000,20298106,20298106,1782869861518218,False,True
11248114,0.13700000,986.30000000,20298107,20298108,1782869861518218,False,True
11248115,0.13700000,2851.00000000,20298109,20298122,1782869861518542,False,True
11248116,0.13700000,48.20000000,20298123,20298124,1782869861520042,False,True
11248117,0.13700000,714.40000000,20298125,20298129,1782869861520088,False,True
11248118,0.13700000,3798.20000000,20298130,20298138,1782869861520165,False,True
11248119,0.13700000,3388.50000000,20298139,20298143,1782869861520197,False,True
11248120,0.13700000,589.50000000,20298144,20298144,1782869861520215,False,True
11248121,0.13710000,40.20000000,20298145,20298145,1782869861520215,False,True
11248122,0.13720000,40.10000000,20298146,20298146,1782869861521235,False,True
11248123,0.13730000,77.20000000,20298147,20298148,1782869861521235,False,True
11248124,0.13730000,106.20000000,20298149,20298149,1782869861521349,False,True
11248125,0.13700000,357.50000000,20298150,20298150,1782869866028413,False,True
11248126,0.13700000,357.50000000,20298151,20298151,1782869866028419,False,True
11248127,0.13690000,1090.30000000,20298152,20298153,1782869873900837,True,True
11248128,0.13700000,357.50000000,20298154,20298154,1782869873904077,False,True
11248129,0.13700000,351.70000000,20298155,20298155,1782869873904253,False,True
11248130,0.13710000,357.50000000,20298156,20298156,1782869873983655,False,True
11248131,0.13690000,40.20000000,20298157,20298157,1782869880641899,True,True
11248132,0.13700000,145.80000000,20298158,20298158,1782869885814536,False,True
11248133,0.13690000,103.20000000,20298159,20298159,1782869906021671,True,True
11248134,0.13710000,1223.70000000,20298160,20298162,1782869925025718,False,True
11248135,0.13720000,185.90000000,20298163,20298164,1782869941324755,False,True
11248136,0.13730000,291.40000000,20298165,20298166,1782869942039176,False,True
11248137,0.13740000,305.30000000,20298167,20298169,1782869943220264,False,True
11248138,0.13740000,171.60000000,20298170,20298171,1782869943544888,False,True
11248139,0.13750000,185.50000000,20298172,20298173,1782869944906387,False,True
11248140,0.13760000,185.30000000,20298174,20298175,1782869946691070,False,True
11248141,0.13760000,185.30000000,20298176,20298176,1782869950070474,True,True
11248142,0.13760000,55.50000000,20298177,20298177,1782869950073680,False,True
11248143,0.13770000,107.80000000,20298178,20298179,1782869951790299,False,True
11248144,0.13770000,77.40000000,20298180,20298180,1782869951800356,False,True
11248145,0.13770000,77.40000000,20298181,20298181,1782869952387544,True,True
11248146,0.13760000,278.40000000,20298182,20298182,1782869959033376,False,True
11248147,0.13760000,87.40000000,20298183,20298183,1782870005835652,True,True
11248148,0.13760000,720.00000000,20298184,20298184,1782870023549866,False,True
11248149,0.13760000,74.20000000,20298185,20298185,1782870036376900,True,True
11248150,0.13750000,40.00000000,20298186,20298186,1782870066445508,True,True
11248151,0.13750000,291.00000000,20298187,20298188,1782870067767984,False,True
11248152,0.13740000,211.70000000,20298189,20298190,1782870102761002,True,True
11248153,0.13730000,40.10000000,20298191,20298191,1782870107749784,True,True
11248154,0.13740000,191.00000000,20298192,20298193,1782870182024858,False,True
11248155,0.13740000,100.20000000,20298194,20298194,1782870182024979,False,True
11248156,0.13740000,720.00000000,20298195,20298195,1782870209281633,True,True
11248157,0.13730000,86.00000000,20298196,20298196,1782870250639008,True,True
11248158,0.13760000,104.40000000,20298197,20298198,1782870288694167,False,True
11248159,0.13760000,40.00000000,20298199,20298199,1782870288695298,False,True
11248160,0.13760000,714.60000000,20298200,20298200,1782870288695568,False,True
11248161,0.13770000,40.00000000,20298201,20298201,1782870302210606,False,True
11248162,0.13770000,46.20000000,20298202,20298202,1782870341976416,True,True
11248163,0.13780000,40.00000000,20298203,20298203,1782870430533597,False,True
11248164,0.13790000,39.90000000,20298204,20298204,1782870459458230,False,True
11248165,0.13790000,39.90000000,20298205,20298205,1782870464788041,True,True
11248166,0.13800000,39.90000000,20298206,20298206,1782870481868598,False,True
11248167,0.13810000,9.70000000,20298207,20298207,1782870481868598,False,True
11248168,0.13810000,40.00000000,20298208,20298208,1782870481870918,False,True
11248169,0.13810000,353.10000000,20298209,20298209,1782870481871504,False,True
11248170,0.13810000,350.70000000,20298210,20298211,1782870481871537,False,True
11248171,0.13810000,40.00000000,20298212,20298213,1782870481874461,False,True
11248172,0.13800000,587.80000000,20298214,20298214,1782870559780978,False,True
11248173,0.13800000,72.40000000,20298215,20298215,1782870559783575,False,True
11248174,0.13800000,40.00000000,20298216,20298216,1782870559783645,False,True
11248175,0.13800000,299.60000000,20298217,20298217,1782870559784548,False,True
11248176,0.13810000,42.90000000,20298218,20298219,1782870562454702,False,True
11248177,0.13820000,167.50000000,20298220,20298220,1782870562454702,False,True
11248178,0.13810000,1334.60000000,20298221,20298223,1782870566253799,True,True
11248179,0.13810000,400.00000000,20298224,20298224,1782870622357380,False,True
11248180,0.13810000,211.40000000,20298225,20298225,1782870622358482,False,True
11248181,0.13820000,137.40000000,20298226,20298227,1782870624088879,False,True
11248182,0.13820000,57.00000000,20298228,20298228,1782870647884692,False,True
11248183,0.13820000,262.80000000,20298229,20298229,1782870647884752,False,True
11248184,0.13830000,1143.70000000,20298230,20298232,1782870688769463,False,True
11248185,0.13840000,39.80000000,20298233,20298233,1782870712289012,False,True
11248186,0.13850000,40.00000000,20298234,20298234,1782870712291013,False,True
11248187,0.13850000,39.80000000,20298235,20298235,1782870718549047,False,True
11248188,0.13850000,1350.50000000,20298236,20298242,1782870738095956,True,True
11248189,0.13830000,39.80000000,20298243,20298243,1782870746823074,True,True
11248190,0.13820000,39.80000000,20298244,20298244,1782870746824273,True,True
11248191,0.13820000,193.60000000,20298245,20298245,1782870746824834,True,True
11248192,0.13810000,759.90000000,20298246,20298247,1782870746826355,True,True
11248193,0.13820000,1316.90000000,20298248,20298249,1782870767098933,False,True
11248194,0.13820000,1.80000000,20298250,20298250,1782870767099009,False,True
11248195,0.13830000,1315.10000000,20298251,20298252,1782870767099009,False,True
11248196,0.13830000,858.10000000,20298253,20298255,1782870767099335,False,True
11248197,0.13840000,39.80000000,20298256,20298256,1782870767101116,False,True
11248198,0.13840000,714.50000000,20298257,20298257,1782870767102854,False,True
11248199,0.13840000,5.50000000,20298258,20298258,1782870767104378,False,True
11248200,0.13840000,206.60000000,20298259,20298259,1782870767106175,False,True
11248201,0.13840000,513.40000000,20298260,20298260,1782870767107697,False,True
11248202,0.13840000,635.50000000,20298261,20298261,1782870767222362,True,True
11248203,0.13850000,759.80000000,20298262,20298263,1782870767876900,False,True
11248204,0.13860000,3345.60000000,20298264,20298268,1782870767876900,False,True
11248205,0.13870000,4281.50000000,20298269,20298272,1782870767876900,False,True
11248206,0.13880000,2795.90000000,20298273,20298277,1782870767876900,False,True
11248207,0.13890000,1413.90000000,20298278,20298280,1782870767876900,False,True
11248208,0.13890000,634.40000000,20298281,20298281,1782870767879300,False,True
11248209,0.13900000,2261.00000000,20298282,20298284,1782870767879300,False,True
11248210,0.13870000,720.00000000,20298285,20298285,1782870767943687,True,True
11248211,0.13870000,622.70000000,20298286,20298286,1782870768413545,False,True
11248212,0.13870000,93.70000000,20298287,20298287,1782870768416487,False,True
11248213,0.13870000,3.60000000,20298288,20298288,1782870768418992,False,True
11248214,0.13870000,86.80000000,20298289,20298289,1782870768422124,True,True
11248215,0.13880000,359.20000000,20298290,20298290,1782870768539857,False,True
11248216,0.13880000,360.80000000,20298291,20298291,1782870768586615,False,True
11248217,0.13880000,385.30000000,20298292,20298292,1782870768623864,False,True
11248218,0.13880000,334.70000000,20298293,20298293,1782870768650596,False,True
11248219,0.13880000,78.60000000,20298294,20298294,1782870770023878,False,True
11248220,0.13870000,43.70000000,20298295,20298296,1782870777350935,True,True
11248221,0.13880000,500.10000000,20298297,20298297,1782870782711324,False,True
11248222,0.13870000,720.00000000,20298298,20298298,1782870785417605,False,True
11248223,0.13880000,1675.90000000,20298299,20298300,1782870785417605,False,True
11248224,0.13890000,388.50000000,20298301,20298301,1782870785417605,False,True
11248225,0.13860000,39.70000000,20298302,20298302,1782870815981316,True,True
11248226,0.13850000,39.80000000,20298303,20298303,1782870820020421,True,True
11248227,0.13840000,39.80000000,20298304,20298304,1782870821483201,True,True
11248228,0.13830000,838.80000000,20298305,20298306,1782870825059007,True,True
11248229,0.13820000,39.80000000,20298307,20298307,1782870826333560,True,True
11248230,0.13840000,1695.80000000,20298308,20298311,1782870830104089,False,True
11248231,0.13850000,10226.90000000,20298312,20298324,1782870830104089,False,True
11248232,0.13860000,126.30000000,20298325,20298325,1782870830104089,False,True
11248233,0.13860000,401.30000000,20298326,20298327,1782870831910649,False,True
11248234,0.13850000,268.00000000,20298328,20298328,1782870834644013,False,True
11248235,0.13840000,144.40000000,20298329,20298329,1782870900274180,False,True
11248236,0.13830000,315.00000000,20298330,20298331,1782870900635488,True,True
11248237,0.13830000,1444.20000000,20298332,20298333,1782870900637337,True,True
11248238,0.13820000,39.80000000,20298334,20298334,1782870904348825,True,True
11248239,0.13810000,39.90000000,20298335,20298335,1782870907771368,True,True
11248240,0.13800000,263.30000000,20298336,20298337,1782870907771368,True,True
11248241,0.13800000,170.00000000,20298338,20298339,1782870910933688,True,True
11248242,0.13800000,1413.40000000,20298340,20298341,1782870916584040,False,True
11248243,0.13810000,3867.40000000,20298342,20298347,1782870916584040,False,True
11248244,0.13820000,1210.80000000,20298348,20298349,1782870916584040,False,True
11248245,0.13810000,355.80000000,20298350,20298350,1782870937771169,True,True
11248246,0.13820000,39.80000000,20298351,20298351,1782870952840285,False,True
11248247,0.13820000,500.10000000,20298352,20298352,1782870962727097,True,True
11248248,0.13810000,495.30000000,20298353,20298353,1782870967771366,True,True
11248249,0.13830000,39.80000000,20298354,20298354,1782870979872936,False,True
11248250,0.13800000,418.60000000,20298355,20298355,1782871017771501,True,True
11248251,0.13810000,205.30000000,20298356,20298356,1782871027771807,True,True
11248252,0.13830000,39.80000000,20298357,20298357,1782871032596671,False,True
11248253,0.13820000,164.10000000,20298358,20298359,1782871047771449,True,True
11248254,0.13820000,720.00000000,20298360,20298360,1782871067400150,False,True
11248255,0.13830000,2927.10000000,20298361,20298371,1782871067400150,False,True
11248256,0.13840000,3285.20000000,20298372,20298377,1782871067400150,False,True
11248257,0.13850000,1719.50000000,20298378,20298382,1782871067400150,False,True
11248258,0.13840000,107.90000000,20298383,20298383,1782871067411502,True,True
11248259,0.13820000,162.10000000,20298384,20298384,1782871072771216,True,True
11248260,0.13840000,410.00000000,20298385,20298385,1782871080651859,True,True
11248261,0.13850000,714.50000000,20298386,20298387,1782871083181210,False,True
11248262,0.13850000,379.20000000,20298388,20298388,1782871083182418,False,True
11248263,0.13840000,364.10000000,20298389,20298389,1782871087771466,True,True
11248264,0.13830000,47.70000000,20298390,20298390,1782871104955837,True,True
11248265,0.13830000,1010.40000000,20298391,20298391,1782871104986761,True,True
11248266,0.13820000,39.80000000,20298392,20298392,1782871105714443,True,True
11248267,0.13810000,39.90000000,20298393,20298393,1782871105730860,True,True
11248268,0.13800000,338.00000000,20298394,20298395,1782871132771507,True,True
11248269,0.13790000,254.60000000,20298396,20298396,1782871147771499,True,True
11248270,0.13800000,398.70000000,20298397,20298397,1782871172771418,True,True
11248271,0.13800000,720.00000000,20298398,20298398,1782871191604217,False,True
11248272,0.13800000,465.70000000,20298399,20298399,1782871200862138,True,True
11248273,0.13810000,47.80000000,20298400,20298400,1782871201894801,False,True
11248274,0.13810000,271.00000000,20298401,20298401,1782871207771548,True,True
11248275,0.13820000,37.00000000,20298402,20298402,1782871212020997,True,True
11248276,0.13800000,47.80000000,20298403,20298403,1782871229551694,True,True
11248277,0.13800000,1618.00000000,20298404,20298405,1782871229551799,True,True
11248278,0.13790000,266.20000000,20298406,20298407,1782871232771813,True,True
11248279,0.13800000,48.10000000,20298408,20298408,1782871242035367,True,True
11248280,0.13790000,714.00000000,20298409,20298409,1782871255855546,True,True
11248281,0.13790000,475.20000000,20298410,20298410,1782871255856840,True,True
11248282,0.13790000,2608.10000000,20298411,20298411,1782871255857367,True,True
11248283,0.13790000,401.90000000,20298412,20298412,1782871256724229,False,True
11248284,0.13780000,464.90000000,20298413,20298413,1782871260657576,True,True
11248285,0.13780000,40.00000000,20298414,20298414,1782871260674591,True,True
11248286,0.13770000,85.50000000,20298415,20298415,1782871267771746,True,True
11248287,0.13770000,714.00000000,20298416,20298417,1782871267847375,True,True
11248288,0.13770000,386.40000000,20298418,20298418,1782871267850199,True,True
11248289,0.13770000,1365.00000000,20298419,20298424,1782871272342510,False,True
11248290,0.13760000,37.20000000,20298425,20298425,1782871279758084,True,True
11248291,0.13770000,720.00000000,20298426,20298426,1782871292796447,True,True
11248292,0.13760000,3702.20000000,20298427,20298432,1782871292796447,True,True
11248293,0.13750000,614.20000000,20298433,20298433,1782871292796447,True,True
11248294,0.13790000,3318.40000000,20298434,20298452,1782871314105437,False,True
11248295,0.13790000,203.40000000,20298453,20298454,1782871314106987,False,True
11248296,0.13770000,1099.30000000,20298455,20298456,1782871333726000,True,True
11248297,0.13780000,271.10000000,20298457,20298457,1782871333726349,True,True
11248298,0.13760000,47.80000000,20298458,20298458,1782871333726817,True,True
11248299,0.13770000,174.80000000,20298459,20298459,1782871333732435,False,True
11248300,0.13770000,37.40000000,20298460,20298460,1782871342651120,True,True
11248301,0.13770000,72.00000000,20298461,20298461,1782871342949689,True,True
11248302,0.13760000,40.00000000,20298462,20298462,1782871380619532,True,True
11248303,0.13750000,144.40000000,20298463,20298464,1782871380770616,True,True
11248304,0.13760000,1715.10000000,20298465,20298467,1782871413300929,False,True
11248305,0.13750000,145.60000000,20298468,20298469,1782871413314931,True,True
11248306,0.13750000,145.60000000,20298470,20298470,1782871413331194,True,True
11248307,0.13750000,719.90000000,20298471,20298471,1782871423851560,False,True
11248308,0.13750000,0.10000000,20298472,20298472,1782871423851606,False,True
11248309,0.13740000,134.80000000,20298473,20298473,1782871441436236,True,True
11248310,0.13750000,37.20000000,20298474,20298474,1782871461327604,True,True
11248311,0.13750000,38.80000000,20298475,20298475,1782871461639823,True,True
11248312,0.13750000,57.20000000,20298476,20298476,1782871461847247,True,True
11248313,0.13750000,51.40000000,20298477,20298477,1782871462051662,True,True
11248314,0.13750000,42.50000000,20298478,20298478,1782871462327638,True,True
11248315,0.13750000,38.30000000,20298479,20298479,1782871462551776,True,True
11248316,0.13750000,45.40000000,20298480,20298480,1782871462759569,True,True
11248317,0.13750000,40.90000000,20298481,20298481,1782871463021834,True,True
11248318,0.13750000,37.20000000,20298482,20298482,1782871463217477,True,True
11248319,0.13750000,37.20000000,20298483,20298483,1782871463758665,True,True
11248320,0.13750000,37.20000000,20298484,20298484,1782871463977526,True,True
11248321,0.13740000,47.90000000,20298485,20298485,1782871484827620,True,True
11248322,0.13770000,422.40000000,20298486,20298489,1782871503477940,False,True
11248323,0.13770000,53.20000000,20298490,20298490,1782871503480172,False,True
11248324,0.13780000,760.00000000,20298491,20298492,1782871503612539,False,True
11248325,0.13780000,145.10000000,20298493,20298493,1782871510336036,False,True
11248326,0.13790000,329.90000000,20298494,20298496,1782871513777728,False,True
11248327,0.13790000,50.90000000,20298497,20298497,1782871529433874,True,True
11248328,0.13790000,50.90000000,20298498,20298498,1782871529433881,True,True
11248329,0.13790000,50.90000000,20298499,20298499,1782871529434025,True,True
11248330,0.13790000,50.90000000,20298500,20298500,1782871529434105,True,True
11248331,0.13790000,50.90000000,20298501,20298501,1782871529434128,True,True
11248332,0.13790000,50.90000000,20298502,20298502,1782871529434236,True,True
11248333,0.13790000,50.90000000,20298503,20298503,1782871529434271,True,True
11248334,0.13790000,50.90000000,20298504,20298504,1782871529434434,True,True
11248335,0.13790000,50.90000000,20298505,20298505,1782871529434494,True,True
11248336,0.13790000,72.40000000,20298506,20298506,1782871529436996,True,True
11248337,0.13790000,72.40000000,20298507,20298507,1782871529437116,True,True
11248338,0.13790000,50.90000000,20298508,20298508,1782871529463176,True,True
11248339,0.13800000,3025.30000000,20298509,20298530,1782871553808816,False,True
11248340,0.13800000,347.30000000,20298531,20298533,1782871553810360,False,True
11248341,0.13810000,39.90000000,20298534,20298534,1782871553874038,False,True
11248342,0.13820000,520.30000000,20298535,20298539,1782871558204663,False,True
11248343,0.13820000,2847.60000000,20298540,20298559,1782871558210038,False,True
11248344,0.13820000,395.30000000,20298560,20298560,1782871563338819,False,True
11248345,0.13820000,278.40000000,20298561,20298562,1782871575244188,False,True
11248346,0.13820000,11.00000000,20298563,20298563,1782871575245646,False,True
11248347,0.13830000,473.60000000,20298564,20298567,1782871582489775,False,True
11248348,0.13820000,144.90000000,20298568,20298568,1782871582496873,True,True
11248349,0.13820000,6.40000000,20298569,20298569,1782871582496891,True,True
11248350,0.13810000,138.50000000,20298570,20298570,1782871582496891,True,True
11248351,0.13810000,144.90000000,20298571,20298571,1782871582497401,True,True
11248352,0.13810000,144.90000000,20298572,20298572,1782871582497653,True,True
11248353,0.13810000,144.90000000,20298573,20298573,1782871582497769,True,True
11248354,0.13810000,144.90000000,20298574,20298574,1782871582497856,True,True
11248355,0.13810000,144.90000000,20298575,20298576,1782871582497988,True,True
11248356,0.13810000,714.10000000,20298577,20298578,1782871582503431,True,True
11248357,0.13800000,39.90000000,20298579,20298579,1782871603524513,True,True
11248358,0.13790000,39.90000000,20298580,20298580,1782871620644833,True,True
11248359,0.13780000,40.00000000,20298581,20298581,1782871622656536,True,True
11248360,0.13770000,40.00000000,20298582,20298582,1782871628880077,True,True
11248361,0.13760000,594.80000000,20298583,20298583,1782871628880077,True,True
11248362,0.13770000,720.00000000,20298584,20298584,1782871628883846,False,True
11248363,0.13780000,117.80000000,20298585,20298585,1782871639076257,True,True
11248364,0.13790000,39.90000000,20298586,20298586,1782871676923619,False,True
11248365,0.13790000,592.00000000,20298587,20298591,1782871685062544,True,True
11248366,0.13790000,47.30000000,20298592,20298592,1782871705635333,True,True
11248367,0.13800000,39.90000000,20298593,20298593,1782871710373917,False,True
11248368,0.13810000,329.50000000,20298594,20298596,1782871713818535,False,True
11248369,0.13820000,477.20000000,20298597,20298597,1782871713819710,False,True
11248370,0.13820000,477.20000000,20298598,20298600,1782871713819878,False,True
11248371,0.13830000,720.00000000,20298601,20298601,1782871713822075,False,True
11248372,0.13830000,1196.60000000,20298602,20298610,1782871746593209,False,True
11248373,0.13840000,2978.00000000,20298611,20298625,1782871780259247,False,True
11248374,0.13850000,759.80000000,20298626,20298627,1782871780262023,False,True
11248375,0.13860000,714.40000000,20298628,20298628,1782871780284406,False,True
11248376,0.13860000,39.70000000,20298629,20298629,1782871780286836,False,True
11248377,0.13870000,183.90000000,20298630,20298631,1782871780391305,False,True
11248378,0.13880000,714.50000000,20298632,20298632,1782871780393715,False,True
11248379,0.13880000,45.20000000,20298633,20298634,1782871780396156,False,True
11248380,0.13860000,47.70000000,20298635,20298635,1782871781054545,True,True
11248381,0.13860000,714.20000000,20298636,20298636,1782871782115702,False,True
11248382,0.13860000,43.40000000,20298637,20298637,1782871796245037,True,True
11248383,0.13880000,144.10000000,20298638,20298638,1782871804907788,False,True
11248384,0.13890000,39.60000000,20298639,20298639,1782871804908166,False,True
11248385,0.13900000,759.60000000,20298640,20298641,1782871831088480,False,True
11248386,0.13910000,424.60000000,20298642,20298642,1782871831088480,False,True
11248387,0.13900000,43.30000000,20298643,20298643,1782871831261709,True,True
11248388,0.13900000,676.70000000,20298644,20298644,1782871832927996,True,True
11248389,0.13900000,1354.80000000,20298645,20298645,1782871843015758,False,True
11248390,0.13900000,2100.40000000,20298646,20298651,1782871850244721,True,True
11248391,0.13880000,39.70000000,20298652,20298652,1782871850246289,True,True
11248392,0.13870000,129.30000000,20298653,20298654,1782871851608214,True,True
11248393,0.13870000,1692.10000000,20298655,20298658,1782871869603999,True,True
11248394,0.13870000,2910.50000000,20298659,20298666,1782871869606231,True,True
11248395,0.13860000,2803.70000000,20298667,20298671,1782871869633188,True,True
11248396,0.13850000,39.80000000,20298672,20298672,1782871907169696,True,True
11248397,0.13840000,39.80000000,20298673,20298673,1782871914374830,True,True
11248398,0.13850000,739.40000000,20298674,20298675,1782871931260001,False,True
11248399,0.13860000,353.90000000,20298676,20298676,1782871931260501,False,True
11248400,0.13860000,353.90000000,20298677,20298678,1782871931260699,False,True
11248401,0.13860000,232.90000000,20298679,20298681,1782871931260735,False,True
11248402,0.13860000,39.70000000,20298682,20298682,1782871934193832,False,True
11248403,0.13860000,43.40000000,20298683,20298683,1782871944907574,True,True
11248404,0.13860000,63.00000000,20298684,20298684,1782871944924817,True,True
11248405,0.13870000,313.10000000,20298685,20298685,1782871955433286,False,True
11248406,0.13870000,39.70000000,20298686,20298686,1782871955744936,False,True
11248407,0.13870000,38.10000000,20298687,20298687,1782871956758560,True,True
11248408,0.13870000,1.60000000,20298688,20298688,1782871958835902,True,True
11248409,0.13870000,511.90000000,20298689,20298689,1782871958842308,False,True
11248410,0.13870000,72.00000000,20298690,20298690,1782871958912920,True,True
11248411,0.13870000,345.20000000,20298691,20298691,1782871960453163,False,True
11248412,0.13870000,2847.20000000,20298692,20298703,1782871970190500,False,True
11248413,0.13880000,603.20000000,20298704,20298708,1782871970190673,False,True
11248414,0.13880000,1369.90000000,20298709,20298719,1782871970191644,False,True
11248415,0.13880000,1236.40000000,20298720,20298731,1782871970191704,False,True
11248416,0.13880000,720.00000000,20298732,20298737,1782871970191814,False,True
11248417,0.13880000,217.40000000,20298738,20298739,1782871970191858,False,True
11248418,0.13890000,1563.30000000,20298740,20298740,1782871970191858,False,True
11248419,0.13890000,759.60000000,20298741,20298742,1782871970195113,False,True
11248420,0.13880000,694.30000000,20298743,20298743,1782871971660950,True,True
11248421,0.13870000,306.10000000,20298744,20298744,1782871971660950,True,True
11248422,0.13860000,47.60000000,20298745,20298745,1782871985724958,True,True
11248423,0.13860000,94.90000000,20298746,20298747,1782871985725129,True,True
11248424,0.13850000,492.10000000,20298748,20298749,1782871985726461,True,True
11248425,0.13850000,560.20000000,20298750,20298750,1782871985727541,True,True
11248426,0.13850000,1455.60000000,20298751,20298754,1782871996728851,False,True
11248427,0.13840000,39.80000000,20298755,20298755,1782871996731833,True,True
11248428,0.13830000,36.10000000,20298756,20298756,1782871996731833,True,True
11248429,0.13830000,75.90000000,20298757,20298758,1782871996731985,True,True
11248430,0.13840000,75.90000000,20298759,20298759,1782871996732379,True,True
11248431,0.13840000,75.90000000,20298760,20298760,1782871996744916,True,True
11248432,0.13840000,75.90000000,20298761,20298761,1782871996746979,True,True
11248433,0.13850000,561.70000000,20298762,20298765,1782871997005707,False,True
11248434,0.13850000,117.50000000,20298766,20298768,1782872019488703,False,True
11248435,0.13850000,36.90000000,20298769,20298769,1782872026144772,True,True
11248436,0.13850000,36.90000000,20298770,20298770,1782872026144892,True,True
11248437,0.13850000,36.90000000,20298771,20298771,1782872026144901,True,True
