44425872,0.32100000,2510.60000000,104290021,104290022,1782864047999085,True,True
44425873,0.32100000,1909.60000000,104290023,104290026,1782864051272416,True,True
44425874,0.32100000,19550.30000000,104290027,104290037,1782864055527944,True,True
44425875,0.32100000,4640.50000000,104290038,104290038,1782864055529259,False,True
44425876,0.32100000,4955.80000000,104290039,104290039,1782864055529718,False,True
44425877,0.32100000,4955.80000000,104290040,104290040,1782864055529755,False,True
44425878,0.32100000,1246.10000000,104290041,104290041,1782864055529860,False,True
44425879,0.32100000,1087.50000000,104290042,104290042,1782864055530091,False,True
44425880,0.32100000,5889.40000000,104290043,104290043,1782864055589519,False,True
44425881,0.32000000,4640.50000000,104290044,104290047,1782864068048518,True,True
44425882,0.32000000,16199.80000000,104290048,104290057,1782864097664727,True,True
44425883,0.32000000,5321.60000000,104290058,104290058,1782864097666219,False,True
44425884,0.32000000,12680.20000000,104290059,104290063,1782864097666230,False,True
44425885,0.32000000,308.10000000,104290064,104290064,1782864421542194,True,True
44425886,0.32100000,1761.80000000,104290065,104290072,1782864657060933,False,True
44425887,0.32200000,1251.90000000,104290073,104290074,1782864657063116,False,True
44425888,0.32100000,47.60000000,104290075,104290075,1782864701476417,True,True
44425889,0.32200000,3000.00000000,104290076,104290078,1782864818831973,False,True
44425890,0.32100000,3826.40000000,104290079,104290087,1782865140335879,True,True
44425891,0.32100000,2798.10000000,104290088,104290092,1782865140336444,True,True
44425892,0.32000000,232.30000000,104290093,104290093,1782865140343527,True,True
44425893,0.32000000,332.80000000,104290094,104290094,1782865140344285,True,True
44425894,0.32000000,5321.60000000,104290095,104290099,1782865307061051,True,True
44425895,0.32000000,5237.40000000,104290100,104290102,1782865582048020,True,True
44425896,0.32000000,9736.00000000,104290103,104290108,1782865582053596,True,True
44425897,0.32000000,378.60000000,104290109,104290110,1782865582053949,True,True
44425898,0.32000000,67.30000000,104290111,104290111,1782865585532737,False,True
44425899,0.32000000,2825.50000000,104290112,104290118,1782865601764564,False,True
44425900,0.32000000,18.10000000,104290119,104290119,1782865601767240,False,True
44425901,0.32000000,18.10000000,104290120,104290120,1782865601770223,False,True
44425902,0.32000000,249.00000000,104290121,104290123,1782865601778008,False,True
44425903,0.32000000,18.10000000,104290124,104290124,1782865601780613,False,True
44425904,0.32000000,54.30000000,104290125,104290127,1782865601889384,False,True
44425905,0.32000000,18.10000000,104290128,104290128,1782865601891739,False,True
44425906,0.32000000,18.10000000,104290129,104290129,1782865601894005,False,True
44425907,0.32000000,18.10000000,104290130,104290130,1782865601897471,False,True
44425908,0.32000000,18.10000000,104290131,104290131,1782865601899909,False,True
44425909,0.32000000,18.10000000,104290132,104290132,1782865601904220,False,True
44425910,0.32000000,18.10000000,104290133,104290133,1782865601906770,False,True
44425911,0.32000000,18.10000000,104290134,104290134,1782865601910418,False,True
44425912,0.32000000,18.10000000,104290135,104290135,1782865601913240,False,True
44425913,0.32000000,18.10000000,104290136,104290136,1782865601916943,False,True
44425914,0.32000000,18.10000000,104290137,104290137,1782865601919617,False,True
44425915,0.32000000,18.10000000,104290138,104290138,1782865601922821,False,True
44425916,0.32000000,18.10000000,104290139,104290139,1782865601969596,False,True
44425917,0.32000000,36.20000000,104290140,104290141,1782865606957005,False,True
44425918,0.32000000,267.10000000,104290142,104290144,1782865606962955,False,True
44425919,0.32000000,36.20000000,104290145,104290146,1782865606965866,False,True
44425920,0.32000000,18.10000000,104290147,104290147,1782865607025479,False,True
44425921,0.32000000,18.10000000,104290148,104290148,1782865607029143,False,True
44425922,0.32000000,36.20000000,104290149,104290150,1782865614007536,False,True
44425923,0.32000000,36.20000000,104290151,104290152,1782865622917032,False,True
44425924,0.32000000,18.10000000,104290153,104290153,1782865625683645,False,True
44425925,0.32000000,36.20000000,104290154,104290155,1782865625684173,False,True
44425926,0.32000000,101.00000000,104290156,104290156,1782865625788059,True,True
44425927,0.32100000,121.10000000,104290157,104290160,1782865851679759,False,True
44425928,0.32100000,372.60000000,104290161,104290161,1782865852467367,True,True
44425929,0.32100000,351.90000000,104290162,104290162,1782865852636891,True,True
44425930,0.32100000,310.50000000,104290163,104290164,1782865852796491,True,True
44425931,0.32100000,269.10000000,104290165,104290165,1782865852949355,True,True
44425932,0.32100000,248.40000000,104290166,104290166,1782865853133506,True,True
44425933,0.32100000,248.40000000,104290167,104290167,1782865853275280,True,True
44425934,0.32100000,227.70000000,104290168,104290168,1782865853444912,True,True
44425935,0.32100000,207.00000000,104290169,104290170,1782865854228823,True,True
44425936,0.32100000,310.50000000,104290171,104290171,1782865854386444,True,True
44425937,0.32100000,331.20000000,104290172,104290175,1782865854546735,True,True
44425938,0.32100000,289.80000000,104290176,104290176,1782865854707045,True,True
44425939,0.32100000,269.10000000,104290177,104290177,1782865854857365,True,True
44425940,0.32100000,207.00000000,104290178,104290178,1782865855028752,True,True
44425941,0.32100000,207.00000000,104290179,104290180,1782865855172769,True,True
44425942,0.32100000,207.00000000,104290181,104290181,1782865855324195,True,True
44425943,0.32100000,207.00000000,104290182,104290182,1782865856228933,True,True
44425944,0.32100000,207.00000000,104290183,104290183,1782865856384734,True,True
44425945,0.32100000,207.00000000,104290184,104290184,1782865856536534,True,True
44425946,0.32100000,207.00000000,104290185,104290185,1782865856692950,True,True
44425947,0.32100000,207.00000000,104290186,104290187,1782865856859772,True,True
44425948,0.32100000,207.00000000,104290188,104290188,1782865857006595,True,True
44425949,0.32100000,207.00000000,104290189,104290192,1782865857152479,True,True
44425950,0.32100000,207.00000000,104290193,104290194,1782865857314250,True,True
44425951,0.32100000,207.00000000,104290195,104290195,1782865858055306,True,True
44425952,0.32100000,207.00000000,104290196,104290196,1782865858203041,True,True
44425953,0.32100000,207.00000000,104290197,104290197,1782865858354892,True,True
44425954,0.32100000,207.00000000,104290198,104290198,1782865858514482,True,True
44425955,0.32100000,207.00000000,104290199,104290199,1782865858696836,True,True
44425956,0.32100000,207.00000000,104290200,104290200,1782865858863584,True,True
44425957,0.32100000,207.00000000,104290201,104290202,1782865858985049,True,True
44425958,0.32100000,207.00000000,104290203,104290204,1782865859126974,True,True
44425959,0.32100000,207.00000000,104290205,104290206,1782865859275162,True,True
44425960,0.32100000,207.00000000,104290207,104290209,1782865860080236,True,True
44425961,0.32100000,248.40000000,104290210,104290210,1782865860230494,True,True
44425962,0.32100000,207.00000000,104290211,104290211,1782865860383355,True,True
44425963,0.32100000,227.70000000,104290212,104290212,1782865860574707,True,True
44425964,0.32100000,207.00000000,104290213,104290213,1782865860741848,True,True
44425965,0.32100000,207.00000000,104290214,104290214,1782865860900516,True,True
44425966,0.32100000,207.00000000,104290215,104290216,1782865861073917,True,True
44425967,0.32100000,289.80000000,104290217,104290217,1782865861278980,True,True
44425968,0.32100000,310.50000000,104290218,104290221,1782865861893495,True,True
44425969,0.32100000,289.80000000,104290222,104290222,1782865862045658,True,True
44425970,0.32100000,248.40000000,104290223,104290223,1782865862207057,True,True
44425971,0.32100000,207.00000000,104290224,104290224,1782865862358948,True,True
44425972,0.32100000,207.00000000,104290225,104290225,1782865862503564,True,True
44425973,0.32100000,207.00000000,104290226,104290226,1782865862657899,True,True
44425974,0.32100000,207.00000000,104290227,104290227,1782865862821795,True,True
44425975,0.32100000,207.00000000,104290228,104290228,1782865862972906,True,True
44425976,0.32100000,207.00000000,104290229,104290229,1782865863126029,True,True
44425977,0.32100000,207.00000000,104290230,104290231,1782865863730648,True,True
44425978,0.32100000,207.00000000,104290232,104290232,1782865863893176,True,True
44425979,0.32100000,207.00000000,104290233,104290233,1782865864039558,True,True
44425980,0.32100000,1787.20000000,104290234,104290238,1782865916921913,True,True
44425981,0.32100000,77.80000000,104290239,104290239,1782865932284602,False,True
44425982,0.32100000,5668.40000000,104290240,104290250,1782865957080391,False,True
44425983,0.32100000,816.60000000,104290251,104290253,1782865962118834,True,True
44425984,0.32000000,565.10000000,104290254,104290254,1782865962123959,True,True
44425985,0.32000000,565.10000000,104290255,104290257,1782865962124119,True,True
44425986,0.32000000,565.10000000,104290258,104290258,1782865962124852,True,True
44425987,0.32100000,2469.40000000,104290259,104290268,1782865962225146,False,True
44425988,0.32100000,304.00000000,104290269,104290269,1782865962450664,False,True
44425989,0.32000000,89.00000000,104290270,104290270,1782866060110531,True,True
44425990,0.32000000,763.90000000,104290271,104290276,1782866138731267,True,True
44425991,0.32000000,18.10000000,104290277,104290277,1782866138731449,True,True
44425992,0.32000000,50.00000000,104290278,104290280,1782866238193803,False,True
44425993,0.32000000,46.80000000,104290281,104290281,1782866281740400,False,True
44425994,0.32000000,53.10000000,104290282,104290282,1782866285621185,False,True
44425995,0.32000000,84.40000000,104290283,104290283,1782866302493287,False,True
44425996,0.32000000,1913.40000000,104290284,104290288,1782866302494476,False,True
44425997,0.32000000,18.10000000,104290289,104290289,1782866302497570,False,True
44425998,0.32000000,18.10000000,104290290,104290290,1782866302500859,False,True
44425999,0.32000000,18.10000000,104290291,104290291,1782866302501029,False,True
44426000,0.32000000,312.20000000,104290292,104290294,1782866302501111,False,True
44426001,0.32000000,312.20000000,104290295,104290295,1782866302501222,False,True
44426002,0.32000000,181.90000000,104290296,104290296,1782866302502382,False,True
44426003,0.32000000,181.90000000,104290297,104290297,1782866302502425,False,True
44426004,0.32000000,54.30000000,104290298,104290300,1782866302502673,False,True
44426005,0.32000000,1242.40000000,104290301,104290303,1782866311592019,True,True
44426006,0.31900000,2125.00000000,104290304,104290310,1782866407268317,True,True
44426007,0.31900000,735.30000000,104290311,104290312,1782866407268325,True,True
44426008,0.31900000,288.30000000,104290313,104290313,1782866407615772,False,True
44426009,0.31900000,706.80000000,104290314,104290314,1782866407651834,False,True
44426010,0.31900000,276.10000000,104290315,104290315,1782866408280539,False,True
44426011,0.31900000,18.80000000,104290316,104290316,1782866408776730,False,True
44426012,0.31900000,249.50000000,104290317,104290317,1782866408893397,False,True
44426013,0.31900000,47.00000000,104290318,104290318,1782866409794426,False,True
44426014,0.31900000,47.00000000,104290319,104290320,1782866442225025,False,True
44426015,0.31900000,62.70000000,104290321,104290321,1782866451440243,False,True
44426016,0.31900000,178.20000000,104290322,104290322,1782866451738368,False,True
44426017,0.31900000,19.70000000,104290323,104290323,1782866539816901,False,True
44426018,0.31900000,79.50000000,104290324,104290324,1782866617533570,False,True
44426019,0.31900000,351.20000000,104290325,104290329,1782866626048069,False,True
44426020,0.31900000,18.20000000,104290330,104290330,1782866626049274,False,True
44426021,0.32000000,469.90000000,104290331,104290335,1782866651150333,False,True
44426022,0.32100000,1260.00000000,104290336,104290337,1782866653442898,False,True
44426023,0.32100000,840.70000000,104290338,104290341,1782866653442984,False,True
44426024,0.32100000,3153.20000000,104290342,104290346,1782866653453129,True,True
44426025,0.32100000,287.10000000,104290347,104290347,1782866653455111,False,True
44426026,0.32100000,4459.00000000,104290348,104290352,1782866653458375,False,True
44426027,0.32100000,858.30000000,104290353,104290355,1782866653460735,False,True
44426028,0.32100000,34.20000000,104290356,104290357,1782866653462162,False,True
44426029,0.32100000,34.20000000,104290358,104290360,1782866653463470,False,True
44426030,0.32100000,23.00000000,104290361,104290363,1782866653481289,False,True
44426031,0.32200000,13356.90000000,104290364,104290374,1782866653604452,False,True
44426032,0.32200000,571.40000000,104290375,104290375,1782866653689221,True,True
44426033,0.32200000,3828.00000000,104290376,104290380,1782866653691351,True,True
44426034,0.32200000,1309.00000000,104290381,104290381,1782866653692592,False,True
44426035,0.32200000,54.30000000,104290382,104290384,1782866653693061,False,True
44426036,0.32200000,18.10000000,104290385,104290385,1782866653696524,True,True
44426037,0.32200000,3630.10000000,104290386,104290390,1782866653714776,True,True
44426038,0.32200000,1837.90000000,104290391,104290391,1782866653716297,False,True
44426039,0.32200000,54.30000000,104290392,104290394,1782866653716989,False,True
44426040,0.32200000,476.10000000,104290395,104290395,1782866654060678,True,True
44426041,0.32200000,111.60000000,104290396,104290396,1782866654061315,True,True
44426042,0.32200000,18.70000000,104290397,104290397,1782866654371004,True,True
44426043,0.32200000,234.00000000,104290398,104290398,1782866654484395,True,True
44426044,0.32200000,134.60000000,104290399,104290399,1782866654496453,True,True
44426045,0.32200000,1875.40000000,104290400,104290402,1782866654586660,True,True
44426046,0.32200000,3557.20000000,104290403,104290409,1782866655570097,False,True
44426047,0.32200000,7296.90000000,104290410,104290411,1782866655571330,False,True
44426048,0.32200000,2247.70000000,104290412,104290413,1782866655571674,False,True
44426049,0.32200000,1594.50000000,104290414,104290416,1782866656019914,True,True
44426050,0.32200000,303.00000000,104290417,104290420,1782866656021672,False,True
44426051,0.32200000,65.70000000,104290421,104290422,1782866656233231,True,True
44426052,0.32200000,838.20000000,104290423,104290425,1782866659577567,True,True
44426053,0.32200000,18.10000000,104290426,104290426,1782866659580458,True,True
44426054,0.32200000,46.00000000,104290427,104290428,1782866660205056,True,True
44426055,0.32200000,657.70000000,104290429,104290435,1782866661086513,False,True
44426056,0.32200000,86.30000000,104290436,104290436,1782866671201648,True,True
44426057,0.32200000,178.20000000,104290437,104290437,1782866682731630,True,True
44426058,0.32200000,2077.30000000,104290438,104290441,1782866704715426,True,True
44426059,0.32200000,224.30000000,104290442,104290442,1782866704783960,False,True
44426060,0.32100000,320.80000000,104290443,104290447,1782866726175644,True,True
44426061,0.32100000,312.30000000,104290448,104290448,1782866726177584,False,True
44426062,0.32100000,312.30000000,104290449,104290452,1782866726177973,False,True
44426063,0.32100000,87.50000000,104290453,104290453,1782866726264582,False,True
44426064,0.32100000,1272.60000000,104290454,104290457,1782866726300718,False,True
44426065,0.32100000,712.50000000,104290458,104290460,1782866726302254,False,True
44426066,0.32100000,285.00000000,104290461,104290464,1782866726303186,False,True
44426067,0.32100000,249.00000000,104290465,104290465,1782866737248636,True,True
44426068,0.32100000,26.10000000,104290466,104290466,1782866737437844,False,True
44426069,0.32100000,276.90000000,104290467,104290470,1782866737472617,False,True
44426070,0.32100000,249.00000000,104290471,104290471,1782866738627902,True,True
44426071,0.32100000,1223.60000000,104290472,104290473,1782866755034481,True,True
44426072,0.32100000,194.70000000,104290474,104290474,1782866755102073,False,True
44426073,0.32100000,686.30000000,104290475,104290478,1782866755309873,False,True
44426074,0.32100000,367.90000000,104290479,104290484,1782866760726313,False,True
44426075,0.32100000,267.80000000,104290485,104290486,1782866779016974,True,True
44426076,0.32100000,249.00000000,104290487,104290487,1782866779059797,True,True
44426077,0.32100000,286.70000000,104290488,104290491,1782866779099687,False,True
44426078,0.32100000,66.70000000,104290492,104290492,1782866779180823,False,True
44426079,0.32100000,738.70000000,104290493,104290493,1782866781481417,False,True
44426080,0.32000000,85.10000000,104290494,104290494,1782866788710392,True,True
44426081,0.32000000,53.60000000,104290495,104290497,1782866888250212,True,True
44426082,0.32000000,18.00000000,104290498,104290498,1782866888252024,True,True
44426083,0.32100000,7146.40000000,104290499,104290507,1782866953009207,False,True
44426084,0.32000000,47.90000000,104290508,104290509,1782866957483478,True,True
44426085,0.32100000,65.40000000,104290510,104290512,1782867166757681,False,True
44426086,0.32100000,49.80000000,104290513,104290513,1782867178644113,False,True
44426087,0.32100000,311.50000000,104290514,104290517,1782867777393650,False,True
44426088,0.32000000,207.40000000,104290518,104290519,1782867848755732,True,True
44426089,0.32000000,207.40000000,104290520,104290520,1782867848951941,True,True
44426090,0.32000000,207.40000000,104290521,104290521,1782867849095350,True,True
44426091,0.32000000,207.40000000,104290522,104290522,1782867849247613,True,True
44426092,0.32000000,207.40000000,104290523,104290523,1782867849443157,True,True
44426093,0.32000000,207.40000000,104290524,104290524,1782867849602070,True,True
44426094,0.32000000,207.00000000,104290525,104290525,1782867849755972,True,True
44426095,0.32000000,207.00000000,104290526,104290526,1782867849890975,True,True
44426096,0.32000000,207.00000000,104290527,104290527,1782867850040042,True,True
44426097,0.32000000,207.00000000,104290528,104290531,1782867850588255,True,True
44426098,0.32000000,245.30000000,104290532,104290534,1782867852357123,True,True
44426099,0.32000000,18.10000000,104290535,104290535,1782867852360456,True,True
44426100,0.32000000,36.20000000,104290536,104290537,1782867852363260,True,True
44426101,0.32000000,36.20000000,104290538,104290539,1782867852369395,True,True
44426102,0.32000000,285.20000000,104290540,104290542,1782867855729985,True,True
44426103,0.31900000,151.10000000,104290543,104290543,1782868045247421,True,True
44426104,0.31900000,2818.30000000,104290544,104290548,1782868132377407,True,True
44426105,0.31900000,18.10000000,104290549,104290549,1782868132377418,True,True
44426106,0.31900000,18.80000000,104290550,104290550,1782868133582534,False,True
44426107,0.31900000,304.00000000,104290551,104290554,1782868134719307,False,True
44426108,0.31900000,18.10000000,104290555,104290555,1782868134720588,False,True
44426109,0.31900000,267.90000000,104290556,104290557,1782868215809520,True,True
44426110,0.31800000,508.10000000,104290558,104290558,1782868248343266,True,True
44426111,0.31800000,570.40000000,104290559,104290559,1782868248343688,True,True
44426112,0.31800000,46.60000000,104290560,104290560,1782868248343714,True,True
44426113,0.31800000,570.40000000,104290561,104290562,1782868248344769,True,True
44426114,0.31800000,6686.80000000,104290563,104290571,1782868253507956,True,True
44426115,0.31800000,337.10000000,104290572,104290574,1782868253866509,False,True
44426116,0.31800000,18.90000000,104290575,104290575,1782868254894215,False,True
44426117,0.31800000,425.40000000,104290576,104290581,1782868285412498,False,True
44426118,0.31800000,18.20000000,104290582,104290582,1782868285415967,False,True
44426119,0.31800000,311.00000000,104290583,104290583,1782868286062260,True,True
44426120,0.31800000,208.30000000,104290584,104290584,1782868295365539,True,True
44426121,0.31800000,208.30000000,104290585,104290587,1782868295508823,True,True
44426122,0.31800000,208.30000000,104290588,104290588,1782868295661473,True,True
44426123,0.31800000,208.30000000,104290589,104290589,1782868295813861,True,True
44426124,0.31800000,208.30000000,104290590,104290590,1782868295958343,True,True
44426125,0.31800000,208.30000000,104290591,104290591,1782868296102972,True,True
44426126,0.31800000,208.30000000,104290592,104290593,1782868297256223,True,True
44426127,0.31800000,18.90000000,104290594,104290594,1782868297258336,True,True
44426128,0.31800000,1114.70000000,104290595,104290599,1782868297783928,False,True
44426129,0.31800000,18.30000000,104290600,104290601,1782868297852682,False,True
44426130,0.31800000,18.30000000,104290602,104290603,1782868297857151,False,True
44426131,0.31800000,18.30000000,104290604,104290604,1782868297860810,False,True
44426132,0.31800000,229.10000000,104290605,104290605,1782868298435104,True,True
44426133,0.31800000,713.90000000,104290606,104290607,1782868303299955,True,True
44426134,0.31800000,372.10000000,104290608,104290612,1782868303459467,False,True
44426135,0.31800000,59.00000000,104290613,104290613,1782868314167648,True,True
44426136,0.31800000,136.30000000,104290614,104290614,1782868343583489,True,True
44426137,0.31800000,2077.90000000,104290615,104290616,1782868343585192,True,True
44426138,0.31800000,18.20000000,104290617,104290617,1782868343586422,True,True
44426139,0.31700000,54.90000000,104290618,104290619,1782868343594677,True,True
44426140,0.31700000,29.10000000,104290620,104290620,1782868343594677,True,True
44426141,0.31700000,23.10000000,104290621,104290621,1782868344655619,True,True
44426142,0.31700000,18.10000000,104290622,104290622,1782868345995000,True,True
44426143,0.31700000,56.10000000,104290623,104290623,1782868347462953,True,True
44426144,0.31700000,281.90000000,104290624,104290624,1782868353353725,True,True
44426145,0.31700000,6958.10000000,104290625,104290633,1782868365043239,True,True
44426146,0.31700000,1143.70000000,104290634,104290634,1782868365175482,False,True
44426147,0.31600000,8412.40000000,104290635,104290641,1782868365851503,True,True
44426148,0.31600000,3573.50000000,104290642,104290644,1782868365851616,True,True
44426149,0.31600000,10236.60000000,104290645,104290655,1782868365851621,True,True
44426150,0.31600000,242.70000000,104290656,104290656,1782868365854657,False,True
44426151,0.31600000,555.10000000,104290657,104290657,1782868365854907,False,True
44426152,0.31600000,31.60000000,104290658,104290658,1782868365856530,False,True
44426153,0.31600000,31.60000000,104290659,104290659,1782868365856948,False,True
44426154,0.31600000,18.90000000,104290660,104290661,1782868365952606,False,True
44426155,0.31500000,118.30000000,104290662,104290665,1782868365974376,True,True
44426156,0.31500000,49.80000000,104290666,104290666,1782868365974376,True,True
44426157,0.31500000,559.00000000,104290667,104290667,1782868366029542,True,True
44426158,0.31500000,598.40000000,104290668,104290669,1782868366151747,True,True
44426159,0.31600000,19.00000000,104290670,104290670,1782868366234991,False,True
44426160,0.31600000,19.00000000,104290671,104290671,1782868366974673,False,True
44426161,0.31500000,341.60000000,104290672,104290672,1782868367111229,True,True
44426162,0.31500000,6870.20000000,104290673,104290673,1782868367170251,True,True
44426163,0.31500000,14965.30000000,104290674,104290688,1782868367170273,True,True
44426164,0.31400000,45.90000000,104290689,104290690,1782868367172392,True,True
44426165,0.31400000,20327.40000000,104290691,104290705,1782868367172392,True,True
44426166,0.31300000,26146.90000000,104290706,104290727,1782868367172392,True,True
44426167,0.31300000,39.60000000,104290728,104290728,1782868367172392,True,True
44426168,0.31400000,16.20000000,104290729,104290729,1782868367390238,True,True
44426169,0.31500000,114.00000000,104290730,104290730,1782868367399053,False,True
44426170,0.31400000,9370.60000000,104290731,104290736,1782868367399706,True,True
44426171,0.31400000,352.90000000,104290737,104290737,1782868367532676,False,True
44426172,0.31400000,176.50000000,104290738,104290738,1782868367534552,False,True
44426173,0.31400000,88.20000000,104290739,104290739,1782868367536312,False,True
44426174,0.31400000,2117.20000000,104290740,104290746,1782868367537758,False,True
44426175,0.31400000,16.80000000,104290747,104290747,1782868367568537,True,True
44426176,0.31500000,456.10000000,104290748,104290748,1782868368295072,False,True
44426177,0.31500000,828.20000000,104290749,104290749,1782868369349892,False,True
44426178,0.31400000,2628.70000000,104290750,104290757,1782868369653751,True,True
44426179,0.31400000,2100.90000000,104290758,104290758,1782868369655268,True,True
44426180,0.31400000,5344.80000000,104290759,104290778,1782868369655281,True,True
44426181,0.31400000,18.50000000,104290779,104290779,1782868369655621,True,True
44426182,0.31400000,44.10000000,104290780,104290780,1782868369657567,False,True
44426183,0.31400000,22.10000000,104290781,104290781,1782868369658877,False,True
44426184,0.31400000,8212.00000000,104290782,104290795,1782868369664564,False,True
44426185,0.31400000,18.50000000,104290796,104290796,1782868369711752,True,True
44426186,0.31300000,67.30000000,104290797,104290798,1782868369711752,True,True
44426187,0.31300000,45.90000000,104290799,104290799,1782868369713149,True,True
44426188,0.31300000,396.00000000,104290800,104290800,1782868369724479,True,True
44426189,0.31300000,134.60000000,104290801,104290801,1782868369734068,True,True
44426190,0.31400000,2209.40000000,104290802,104290806,1782868369735773,False,True
44426191,0.31400000,249.00000000,104290807,104290807,1782868369737997,False,True
44426192,0.31500000,19.00000000,104290808,104290808,1782868369951481,False,True
44426193,0.31400000,2109.30000000,104290809,104290823,1782868370308110,True,True
44426194,0.31300000,173.50000000,104290824,104290824,1782868370308136,True,True
44426195,0.31400000,287.10000000,104290825,104290825,1782868370310363,False,True
44426196,0.31400000,2577.70000000,104290826,104290828,1782868370310717,False,True
44426197,0.31300000,63.30000000,104290829,104290829,1782868370347712,True,True
44426198,0.31400000,3338.40000000,104290830,104290833,1782868370423232,False,True
44426199,0.31400000,55.50000000,104290834,104290836,1782868370424859,False,True
44426200,0.31500000,261.90000000,104290837,104290839,1782868370424859,False,True
44426201,0.31400000,80.10000000,104290840,104290840,1782868370450017,True,True
44426202,0.31400000,47.20000000,104290841,104290841,1782868370467596,True,True
44426203,0.31400000,47.20000000,104290842,104290842,1782868370467873,True,True
44426204,0.31400000,199.40000000,104290843,104290843,1782868370468610,True,True
44426205,0.31400000,267.50000000,104290844,104290845,1782868370626416,True,True
44426206,0.31400000,6701.40000000,104290846,104290851,1782868370631342,False,True
44426207,0.31400000,4064.50000000,104290852,104290857,1782868370635487,False,True
44426208,0.31400000,304.50000000,104290858,104290861,1782868370735373,False,True
44426209,0.31500000,408.60000000,104290862,104290863,1782868372130847,False,True
44426210,0.31400000,310.00000000,104290864,104290864,1782868373258332,True,True
44426211,0.31400000,748.50000000,104290865,104290865,1782868373258532,True,True
44426212,0.31400000,31.50000000,104290866,104290866,1782868373260624,True,True
44426213,0.31400000,323.40000000,104290867,104290870,1782868373362178,True,True
44426214,0.31300000,165.10000000,104290871,104290871,1782868373448107,True,True
44426215,0.31400000,1036.80000000,104290872,104290878,1782868373651256,False,True
44426216,0.31500000,1282.40000000,104290879,104290880,1782868373651256,False,True
44426217,0.31500000,38.00000000,104290881,104290881,1782868374123284,False,True
44426218,0.31400000,1603.60000000,104290882,104290884,1782868375110965,True,True
44426219,0.31400000,31.60000000,104290885,104290885,1782868375147012,True,True
44426220,0.31400000,267.50000000,104290886,104290887,1782868375420536,True,True
44426221,0.31400000,19.10000000,104290888,104290888,1782868375787021,False,True
44426222,0.31400000,216.70000000,104290889,104290889,1782868376047232,False,True
44426223,0.31400000,2419.00000000,104290890,104290896,1782868376883991,False,True
44426224,0.31400000,19.10000000,104290897,104290897,1782868376944228,False,True
44426225,0.31400000,19.10000000,104290898,104290898,1782868377095605,False,True
44426226,0.31400000,318.40000000,104290899,104290899,1782868379287980,False,True
44426227,0.31400000,130.70000000,104290900,104290901,1782868380123646,False,True
44426228,0.31400000,2099.80000000,104290902,104290904,1782868380623098,False,True
44426229,0.31400000,164.50000000,104290905,104290910,1782868380623264,False,True
44426230,0.31400000,3608.90000000,104290911,104290913,1782868380649342,True,True
44426231,0.31400000,840.20000000,104290914,104290914,1782868380651898,True,True
44426232,0.31400000,135.70000000,104290915,104290917,1782868381455144,False,True
44426233,0.31300000,1486.90000000,104290918,104290927,1782868382342987,True,True
44426234,0.31300000,312.50000000,104290928,104290928,1782868382344881,False,True
44426235,0.31300000,312.50000000,104290929,104290929,1782868382344918,False,True
44426236,0.31300000,35.80000000,104290930,104290930,1782868382425488,False,True
44426237,0.31300000,2139.90000000,104290931,104290935,1782868382666374,False,True
44426238,0.31300000,191.90000000,104290936,104290936,1782868383017843,False,True
44426239,0.31300000,539.40000000,104290937,104290942,1782868383743055,False,True
44426240,0.31300000,37.10000000,104290943,104290944,1782868383752887,False,True
44426241,0.31300000,18.60000000,104290945,104290945,1782868383754660,False,True
44426242,0.31300000,37.20000000,104290946,104290947,1782868383925794,False,True
44426243,0.31300000,37.20000000,104290948,104290949,1782868383929164,False,True
44426244,0.31300000,18.60000000,104290950,104290950,1782868383931569,False,True
44426245,0.31300000,32.00000000,104290951,104290952,1782868383935822,False,True
44426246,0.31300000,19.20000000,104290953,104290953,1782868383939440,False,True
44426247,0.31300000,55.80000000,104290954,104290956,1782868383962125,False,True
44426248,0.31400000,114.70000000,104290957,104290957,1782868383981196,False,True
44426249,0.31400000,69.10000000,104290958,104290959,1782868384149488,False,True
44426250,0.31300000,18.60000000,104290960,104290960,1782868384290810,True,True
44426251,0.31300000,249.00000000,104290961,104290961,1782868384303964,True,True
44426252,0.31300000,138.10000000,104290962,104290962,1782868384309373,False,True
44426253,0.31300000,285.40000000,104290963,104290965,1782868385013381,False,True
44426254,0.31300000,1799.70000000,104290966,104290968,1782868385015236,False,True
44426255,0.31300000,17.80000000,104290969,104290969,1782868385017033,False,True
44426256,0.31300000,1036.90000000,104290970,104290971,1782868385135437,True,True
44426257,0.31300000,99.00000000,104290972,104290972,1782868385138263,True,True
44426258,0.31300000,1183.70000000,104290973,104290979,1782868386104727,False,True
44426259,0.31300000,319.40000000,104290980,104290980,1782868388248597,False,True
44426260,0.31300000,67.10000000,104290981,104290981,1782868388697723,False,True
44426261,0.31200000,581.30000000,104290982,104290985,1782868390655706,True,True
44426262,0.31200000,581.30000000,104290986,104290986,1782868390655780,True,True
44426263,0.31200000,2815.50000000,104290987,104290996,1782868390655796,True,True
44426264,0.31200000,365.20000000,104290997,104290997,1782868390875528,False,True
44426265,0.31200000,1746.10000000,104290998,104291005,1782868390878038,False,True
44426266,0.31300000,1431.70000000,104291006,104291007,1782868391034322,False,True
44426267,0.31200000,581.30000000,104291008,104291008,1782868391405843,True,True
44426268,0.31200000,578.70000000,104291009,104291009,1782868391406090,True,True
44426269,0.31300000,121.10000000,104291010,104291010,1782868391657043,False,True
44426270,0.31300000,79.90000000,104291011,104291011,1782868391717119,False,True
44426271,0.31200000,581.30000000,104291012,104291012,1782868393648331,True,True
44426272,0.31200000,732.40000000,104291013,104291019,1782868393650867,True,True
44426273,0.31100000,148.70000000,104291020,104291025,1782868393779434,True,True
44426274,0.31100000,59.10000000,104291026,104291027,1782868393781511,True,True
44426275,0.31000000,34.20000000,104291028,104291029,1782868393787760,True,True
44426276,0.31000000,577.40000000,104291030,104291031,1782868393787760,True,True
44426277,0.31000000,279.00000000,104291032,104291032,1782868393787760,True,True
44426278,0.31000000,140.20000000,104291033,104291033,1782868393787760,True,True
44426279,0.31000000,34.20000000,104291034,104291034,1782868393788284,True,True
44426280,0.31100000,1246.60000000,104291035,104291035,1782868393788658,False,True
44426281,0.31000000,81.10000000,104291036,104291036,1782868393797196,True,True
44426282,0.31100000,1072.00000000,104291037,104291043,1782868393798339,False,True
44426283,0.31100000,81.10000000,104291044,104291044,1782868393813386,True,True
44426284,0.31100000,441.30000000,104291045,104291045,1782868393959197,True,True
44426285,0.31100000,441.30000000,104291046,104291046,1782868393959303,True,True
44426286,0.31100000,331.10000000,104291047,104291047,1782868394029015,True,True
44426287,0.31100000,331.10000000,104291048,104291048,1782868394029103,True,True
44426288,0.31100000,253.00000000,104291049,104291049,1782868394041427,True,True
44426289,0.31100000,253.00000000,104291050,104291051,1782868394041431,True,True
44426290,0.31100000,208.90000000,104291052,104291055,1782868394041599,True,True
44426291,0.31100000,1982.50000000,104291056,104291062,1782868394213359,False,True
44426292,0.31100000,32.20000000,104291063,104291063,1782868394216628,False,True
44426293,0.31100000,208.90000000,104291064,104291066,1782868394495212,False,True
44426294,0.31100000,277.50000000,104291067,104291073,1782868394498541,False,True
44426295,0.31100000,55.60000000,104291074,104291074,1782868394557660,True,True
44426296,0.31100000,55.60000000,104291075,104291076,1782868394572712,True,True
44426297,0.31100000,230.80000000,104291077,104291078,1782868394578193,True,True
44426298,0.31000000,21.20000000,104291079,104291081,1782868394604805,True,True
44426299,0.31100000,56.90000000,104291082,104291082,1782868394661704,False,True
44426300,0.31100000,1401.00000000,104291083,104291083,1782868394715105,False,True
44426301,0.31100000,1104.10000000,104291084,104291091,1782868394715334,False,True
44426302,0.31100000,400.00000000,104291092,104291092,1782868394745635,True,True
44426303,0.31100000,130.20000000,104291093,104291093,1782868394775764,True,True
44426304,0.31100000,130.20000000,104291094,104291094,1782868394776914,True,True
44426305,0.31100000,130.20000000,104291095,104291095,1782868394779874,True,True
44426306,0.31100000,91.10000000,104291096,104291096,1782868394788545,True,True
44426307,0.31100000,583.20000000,104291097,104291097,1782868394837351,True,True
44426308,0.31100000,32.10000000,104291098,104291098,1782868394839922,True,True
44426309,0.31100000,322.30000000,104291099,104291099,1782868394855977,True,True
44426310,0.31100000,92.50000000,104291100,104291100,1782868394861755,True,True
44426311,0.31100000,129.00000000,104291101,104291102,1782868394863888,True,True
44426312,0.31100000,16.50000000,104291103,104291103,1782868394901942,True,True
44426313,0.31100000,583.20000000,104291104,104291104,1782868394930098,True,True
44426314,0.31100000,34.20000000,104291105,104291105,1782868395022900,True,True
44426315,0.31100000,34.20000000,104291106,104291106,1782868395029041,True,True
44426316,0.31100000,94.20000000,104291107,104291107,1782868395082642,True,True
44426317,0.31100000,71.40000000,104291108,104291108,1782868395088640,True,True
44426318,0.31100000,94.20000000,104291109,104291109,1782868395090218,True,True
44426319,0.31100000,71.40000000,104291110,104291110,1782868395092960,True,True
44426320,0.31200000,223.80000000,104291111,104291111,1782868395115068,False,True
44426321,0.31100000,34.20000000,104291112,104291112,1782868395121137,True,True
44426322,0.31200000,274.60000000,104291113,104291113,1782868395721955,False,True
44426323,0.31200000,19.20000000,104291114,104291114,1782868395893937,False,True
44426324,0.31200000,48.20000000,104291115,104291115,1782868396462521,False,True
44426325,0.31200000,183.70000000,104291116,104291120,1782868396464285,False,True
44426326,0.31200000,320.50000000,104291121,104291121,1782868397241415,False,True
44426327,0.31100000,576.90000000,104291122,104291125,1782868397698236,True,True
44426328,0.31100000,18.70000000,104291126,104291126,1782868397698369,True,True
44426329,0.31000000,1291.50000000,104291127,104291130,1782868397707759,True,True
44426330,0.31000000,4028.10000000,104291131,104291140,1782868398526652,True,True
44426331,0.31000000,312.30000000,104291141,104291141,1782868398529129,False,True
44426332,0.31000000,479.10000000,104291142,104291142,1782868398586256,False,True
44426333,0.30900000,18188.00000000,104291143,104291151,1782868398593292,True,True
44426334,0.30900000,312.70000000,104291152,104291152,1782868398595102,False,True
44426335,0.30900000,1294.40000000,104291153,104291153,1782868398595173,False,True
44426336,0.30900000,37.40000000,104291154,104291155,1782868398595442,False,True
44426337,0.30900000,940.50000000,104291156,104291157,1782868398597730,True,True
44426338,0.30900000,25.30000000,104291158,104291158,1782868398600026,True,True
44426339,0.30900000,254.70000000,104291159,104291159,1782868398600143,True,True
44426340,0.30900000,303.20000000,104291160,104291160,1782868398601559,True,True
44426341,0.30900000,197.00000000,104291161,104291161,1782868398628398,True,True
44426342,0.30900000,34.20000000,104291162,104291162,1782868398633463,True,True
44426343,0.30900000,34.20000000,104291163,104291163,1782868398634809,True,True
44426344,0.30900000,1295.70000000,104291164,104291165,1782868398640870,True,True
44426345,0.30900000,34.20000000,104291166,104291167,1782868398643472,True,True
44426346,0.30900000,34.20000000,104291168,104291168,1782868398650917,True,True
44426347,0.31000000,19.30000000,104291169,104291169,1782868398733550,False,True
44426348,0.31000000,820.10000000,104291170,104291173,1782868398853707,False,True
44426349,0.31000000,553.80000000,104291174,104291176,1782868398895902,False,True
44426350,0.31000000,199.90000000,104291177,104291177,1782868398911128,False,True
44426351,0.31000000,7761.10000000,104291178,104291186,1782868399353325,False,True
44426352,0.31100000,19.30000000,104291187,104291187,1782868399630227,False,True
44426353,0.31000000,290.80000000,104291188,104291188,1782868399685982,True,True
44426354,0.31100000,19.30000000,104291189,104291189,1782868400193854,False,True
44426355,0.31000000,536.20000000,104291190,104291190,1782868402068404,True,True
44426356,0.31000000,48.90000000,104291191,104291191,1782868402285034,True,True
44426357,0.31000000,338.80000000,104291192,104291196,1782868402285686,True,True
44426358,0.31000000,5857.70000000,104291197,104291203,1782868402305286,False,True
44426359,0.31000000,1089.20000000,104291204,104291205,1782868403514388,True,True
44426360,0.30900000,89.10000000,104291206,104291206,1782868403537904,True,True
44426361,0.31000000,87.10000000,104291207,104291207,1782868404490957,False,True
44426362,0.31000000,83.90000000,104291208,104291208,1782868404491404,False,True
44426363,0.31000000,148.80000000,104291209,104291210,1782868404564763,False,True
44426364,0.31000000,471.40000000,104291211,104291211,1782868404931179,False,True
44426365,0.31000000,177.00000000,104291212,104291212,1782868404967648,False,True
44426366,0.31000000,45.10000000,104291213,104291213,1782868405688736,False,True
44426367,0.31000000,193.70000000,104291214,104291214,1782868405802945,False,True
44426368,0.31000000,19.40000000,104291215,104291215,1782868405809187,False,True
44426369,0.31000000,145.30000000,104291216,104291216,1782868405861945,False,True
44426370,0.31000000,322.50000000,104291217,104291217,1782868406239356,False,True
44426371,0.31000000,6725.40000000,104291218,104291227,1782868406263743,False,True
44426372,0.31000000,18.70000000,104291228,104291228,1782868406265032,False,True
44426373,0.31000000,3900.70000000,104291229,104291232,1782868406271389,True,True
44426374,0.31000000,1222.80000000,104291233,104291238,1782868406309636,False,True
44426375,0.31000000,646.40000000,104291239,104291240,1782868406311803,False,True
44426376,0.31000000,298.80000000,104291241,104291243,1782868406312319,False,True
44426377,0.31000000,37.60000000,104291244,104291245,1782868406315817,False,True
44426378,0.31000000,267.80000000,104291246,104291248,1782868406319588,False,True
44426379,0.31000000,56.40000000,104291249,104291251,1782868406441914,False,True
44426380,0.31000000,106.80000000,104291252,104291254,1782868406446346,False,True
44426381,0.31000000,37.60000000,104291255,104291256,1782868406453626,False,True
44426382,0.31000000,18.80000000,104291257,104291257,1782868406510782,False,True
44426383,0.31000000,18.80000000,104291258,104291258,1782868406513597,False,True
44426384,0.31000000,37.60000000,104291259,104291260,1782868406514337,False,True
44426385,0.31000000,2416.70000000,104291261,104291263,1782868406632528,True,True
44426386,0.31000000,34.20000000,104291264,104291264,1782868406657829,True,True
44426387,0.31000000,34.20000000,104291265,104291265,1782868406662883,True,True
44426388,0.31000000,34.20000000,104291266,104291266,1782868406662989,True,True
44426389,0.31000000,34.20000000,104291267,104291267,1782868406668216,True,True
44426390,0.31000000,34.20000000,104291268,104291268,1782868406680045,True,True
44426391,0.31000000,39.50000000,104291269,104291269,1782868406810049,True,True
44426392,0.31000000,34.20000000,104291270,104291270,1782868406892497,True,True
44426393,0.31000000,34.20000000,104291271,104291271,1782868406892522,True,True
44426394,0.31000000,34.20000000,104291272,104291273,1782868406892815,True,True
44426395,0.31000000,34.20000000,104291274,104291274,1782868406892856,True,True
44426396,0.31100000,96.50000000,104291275,104291275,1782868406893249,False,True
44426397,0.31000000,34.20000000,104291276,104291276,1782868406893895,True,True
44426398,0.31000000,34.20000000,104291277,104291277,1782868406894408,True,True
44426399,0.31000000,34.20000000,104291278,104291278,1782868406905972,True,True
44426400,0.31000000,24.90000000,104291279,104291279,1782868407101223,True,True
44426401,0.31000000,24.90000000,104291280,104291280,1782868407103105,True,True
44426402,0.31000000,24.90000000,104291281,104291281,1782868407103240,True,True
44426403,0.31000000,24.90000000,104291282,104291282,1782868407117670,True,True
44426404,0.31000000,215.20000000,104291283,104291284,1782868411158501,True,True
44426405,0.31000000,87.10000000,104291285,104291285,1782868412002894,False,True
44426406,0.31000000,5479.40000000,104291286,104291293,1782868412137483,False,True
44426407,0.31000000,18.70000000,104291294,104291294,1782868412138931,False,True
44426408,0.31000000,256.50000000,104291295,104291295,1782868412313101,True,True
44426409,0.31000000,256.50000000,104291296,104291296,1782868412313236,True,True
44426410,0.31000000,585.10000000,104291297,104291298,1782868412314011,True,True
44426411,0.31000000,32.00000000,104291299,104291299,1782868412316725,True,True
44426412,0.31000000,585.10000000,104291300,104291301,1782868412316839,True,True
44426413,0.31000000,585.10000000,104291302,104291302,1782868412437168,True,True
44426414,0.31000000,140.40000000,104291303,104291303,1782868412437200,True,True
44426415,0.31000000,86.70000000,104291304,104291304,1782868412437455,True,True
44426416,0.31100000,321.50000000,104291305,104291305,1782868415201831,False,True
44426417,0.31000000,1867.90000000,104291306,104291306,1782868415677721,True,True
44426418,0.31000000,286.40000000,104291307,104291309,1782868416096831,False,True
44426419,0.31000000,414.30000000,104291310,104291311,1782868416097611,False,True
44426420,0.31000000,498.40000000,104291312,104291312,1782868417712861,True,True
44426421,0.31000000,305.00000000,104291313,104291315,1782868419924574,True,True
44426422,0.31000000,1833.30000000,104291316,104291316,1782868419924739,True,True
44426423,0.31000000,311.60000000,104291317,104291320,1782868420581962,False,True
44426424,0.31000000,301.90000000,104291321,104291324,1782868420587556,False,True
44426425,0.31000000,37.40000000,104291325,104291326,1782868420590535,False,True
44426426,0.31000000,249.00000000,104291327,104291327,1782868420590697,False,True
44426427,0.31000000,37.40000000,104291328,104291329,1782868420693714,False,True
44426428,0.31000000,286.50000000,104291330,104291332,1782868420821738,False,True
44426429,0.31100000,93.30000000,104291333,104291333,1782868420892507,False,True
44426430,0.31000000,267.80000000,104291334,104291335,1782868421821784,True,True
44426431,0.30900000,376.60000000,104291336,104291336,1782868421827656,True,True
44426432,0.31000000,1913.20000000,104291337,104291341,1782868422739185,False,True
44426433,0.31100000,321.50000000,104291342,104291342,1782868424229845,False,True
44426434,0.31000000,1224.40000000,104291343,104291345,1782868425257229,True,True
44426435,0.31000000,354.90000000,104291346,104291349,1782868425471402,False,True
44426436,0.31000000,37.40000000,104291350,104291351,1782868425537719,False,True
44426437,0.31000000,115.10000000,104291352,104291354,1782868425550064,False,True
44426438,0.31000000,18.70000000,104291355,104291355,1782868425555750,False,True
44426439,0.31000000,59.00000000,104291356,104291356,1782868428173862,True,True
44426440,0.31100000,2617.00000000,104291357,104291363,1782868430410820,False,True
44426441,0.31100000,8718.00000000,104291364,104291365,1782868430412818,False,True
44426442,0.31100000,5337.60000000,104291366,104291373,1782868430413226,False,True
44426443,0.31200000,320.50000000,104291374,104291374,1782868433270387,False,True
44426444,0.31200000,1289.10000000,104291375,104291384,1782868437316329,False,True
44426445,0.31200000,274.10000000,104291385,104291385,1782868437531509,True,True
44426446,0.31200000,500.00000000,104291386,104291386,1782868437670050,True,True
44426447,0.31200000,353.40000000,104291387,104291387,1782868438061135,True,True
44426448,0.31300000,29.50000000,104291388,104291388,1782868441427647,False,True
44426449,0.31200000,382.10000000,104291389,104291389,1782868441913250,True,True
44426450,0.31300000,255.50000000,104291390,104291390,1782868442510229,False,True
44426451,0.31200000,254.70000000,104291391,104291391,1782868442718184,True,True
44426452,0.31300000,1450.90000000,104291392,104291399,1782868443041331,False,True
44426453,0.31300000,255.90000000,104291400,104291402,1782868443170908,False,True
44426454,0.31300000,272.80000000,104291403,104291405,1782868443610333,False,True
44426455,0.31300000,39.00000000,104291406,104291408,1782868443613392,False,True
44426456,0.31300000,35.40000000,104291409,104291410,1782868443616505,False,True
44426457,0.31300000,37.20000000,104291411,104291412,1782868443655466,False,True
44426458,0.31300000,37.20000000,104291413,104291414,1782868443697649,False,True
44426459,0.31300000,256.40000000,104291415,104291417,1782868443786198,False,True
44426460,0.31300000,37.20000000,104291418,104291419,1782868443786202,False,True
44426461,0.31300000,2162.40000000,104291420,104291421,1782868444019874,True,True
44426462,0.31300000,19.30000000,104291422,104291422,1782868444700957,True,True
44426463,0.31300000,1302.50000000,104291423,104291425,1782868446903594,True,True
44426464,0.31300000,86.30000000,104291426,104291427,1782868449144405,False,True
44426465,0.31300000,94.90000000,104291428,104291428,1782868463667888,False,True
44426466,0.31300000,178.70000000,104291429,104291429,1782868472238357,False,True
44426467,0.31300000,29.60000000,104291430,104291430,1782868478040403,False,True
44426468,0.31200000,2908.60000000,104291431,104291443,1782868485290149,True,True
44426469,0.31200000,29.60000000,104291444,104291444,1782868486425560,False,True
44426470,0.31200000,320.50000000,104291445,104291445,1782868487424990,False,True
44426471,0.31100000,1671.20000000,104291446,104291446,1782868490446873,True,True
44426472,0.31200000,29.60000000,104291447,104291447,1782868491017428,False,True
44426473,0.31200000,320.50000000,104291448,104291448,1782868496246296,False,True
44426474,0.31200000,831.80000000,104291449,104291449,1782868497553313,False,True
44426475,0.31200000,708.40000000,104291450,104291454,1782868500061461,False,True
44426476,0.31200000,858.90000000,104291455,104291457,1782868500076009,False,True
44426477,0.31200000,37.40000000,104291458,104291459,1782868500219413,False,True
44426478,0.31200000,37.40000000,104291460,104291461,1782868500222186,False,True
44426479,0.31200000,37.40000000,104291462,104291463,1782868500239342,False,True
44426480,0.31200000,37.40000000,104291464,104291465,1782868500379531,False,True
44426481,0.31200000,56.10000000,104291466,104291468,1782868500382218,False,True
44426482,0.31300000,1093.00000000,104291469,104291471,1782868500717783,False,True
44426483,0.31300000,300.00000000,104291472,104291472,1782868501736762,False,True
44426484,0.31300000,3660.90000000,104291473,104291479,1782868504061870,False,True
44426485,0.31300000,2303.00000000,104291480,104291481,1782868504552685,True,True
44426486,0.31300000,304.80000000,104291482,104291485,1782868507355029,False,True
44426487,0.31300000,2586.50000000,104291486,104291487,1782868507529862,True,True
44426488,0.31300000,37.20000000,104291488,104291489,1782868507967970,False,True
44426489,0.31300000,18.60000000,104291490,104291490,1782868507971505,False,True
44426490,0.31300000,37.20000000,104291491,104291492,1782868508272443,False,True
44426491,0.31300000,18.60000000,104291493,104291493,1782868508275480,False,True
44426492,0.31300000,37.20000000,104291494,104291495,1782868508673226,False,True
44426493,0.31300000,18.60000000,104291496,104291496,1782868508736347,False,True
44426494,0.31300000,37.20000000,104291497,104291498,1782868508761440,False,True
44426495,0.31300000,18.60000000,104291499,104291499,1782868508844691,False,True
44426496,0.31300000,18.60000000,104291500,104291500,1782868508849021,False,True
44426497,0.31300000,37.20000000,104291501,104291502,1782868508857055,False,True
44426498,0.31300000,18.60000000,104291503,104291503,1782868508888116,False,True
44426499,0.31300000,37.20000000,104291504,104291505,1782868508900570,False,True
44426500,0.31300000,18.60000000,104291506,104291506,1782868508907485,False,True
44426501,0.31300000,37.20000000,104291507,104291508,1782868508910362,False,True
44426502,0.31300000,858.80000000,104291509,104291511,1782868508919092,False,True
44426503,0.31300000,18.60000000,104291512,104291512,1782868509087260,False,True
44426504,0.31300000,19.40000000,104291513,104291513,1782868540061972,True,True
44426505,0.31400000,3363.00000000,104291514,104291519,1782868544560413,False,True
44426506,0.31400000,19.30000000,104291520,104291520,1782868544978123,True,True
44426507,0.31400000,19.30000000,104291521,104291521,1782868546259327,True,True
44426508,0.31500000,1628.00000000,104291522,104291522,1782868547994462,False,True
44426509,0.31400000,889.00000000,104291523,104291527,1782868548322828,True,True
44426510,0.31400000,18.50000000,104291528,104291528,1782868548322926,True,True
44426511,0.31300000,387.30000000,104291529,104291534,1782868565598611,True,True
44426512,0.31300000,18.50000000,104291535,104291535,1782868565600206,True,True
44426513,0.31300000,325.40000000,104291536,104291536,1782868565926151,False,True
44426514,0.31200000,9846.40000000,104291537,104291543,1782868608422168,True,True
44426515,0.31200000,18.50000000,104291544,104291544,1782868608424437,True,True
44426516,0.31100000,581.30000000,104291545,104291546,1782868608429710,True,True
44426517,0.31200000,64.10000000,104291547,104291547,1782868614608040,False,True
44426518,0.31200000,4174.30000000,104291548,104291558,1782868622155422,False,True
44426519,0.31200000,2865.80000000,104291559,104291559,1782868622156538,True,True
44426520,0.31200000,18.70000000,104291560,104291560,1782868622157879,True,True
44426521,0.31200000,37.40000000,104291561,104291562,1782868628467495,False,True
44426522,0.31200000,18.70000000,104291563,104291563,1782868628470274,False,True
44426523,0.31300000,420.60000000,104291564,104291569,1782868695406503,False,True
44426524,0.31300000,18.50000000,104291570,104291570,1782868695407948,False,True
44426525,0.31300000,286.80000000,104291571,104291573,1782868705040146,True,True
44426526,0.31300000,2580.90000000,104291574,104291580,1782868705741066,False,True
44426527,0.31400000,61121.50000000,104291581,104291623,1782868705741066,False,True
44426528,0.31300000,3378.90000000,104291624,104291625,1782868705743836,True,True
44426529,0.31300000,31.10000000,104291626,104291627,1782868706095932,True,True
44426530,0.31300000,7332.60000000,104291628,104291632,1782868709443408,True,True
44426531,0.31300000,312.10000000,104291633,104291633,1782868711735245,False,True
44426532,0.31300000,304.50000000,104291634,104291637,1782868711736758,False,True
44426533,0.31300000,596.40000000,104291638,104291638,1782868743237001,True,True
44426534,0.31400000,55.30000000,104291639,104291641,1782868753482187,False,True
44426535,0.31400000,37.10000000,104291642,104291643,1782868753485043,False,True
44426536,0.31400000,18.50000000,104291644,104291644,1782868753485063,False,True
44426537,0.31400000,99.40000000,104291645,104291645,1782868753977389,True,True
44426538,0.31400000,302.90000000,104291646,104291649,1782868757092916,True,True
44426539,0.31400000,54.10000000,104291650,104291652,1782868767174182,False,True
44426540,0.31400000,20.60000000,104291653,104291654,1782868767174401,False,True
44426541,0.31400000,399.10000000,104291655,104291659,1782868783797043,True,True
44426542,0.31400000,305.20000000,104291660,104291663,1782868789641816,False,True
44426543,0.31400000,37.00000000,104291664,104291665,1782868789644743,False,True
44426544,0.31400000,37.00000000,104291666,104291667,1782868789783996,False,True
44426545,0.31400000,37.00000000,104291668,104291669,1782868789788125,False,True
44426546,0.31400000,18.50000000,104291670,104291670,1782868789868842,False,True
44426547,0.31400000,18.50000000,104291671,104291671,1782868789871941,False,True
44426548,0.31400000,37.00000000,104291672,104291673,1782868789925637,False,True
44426549,0.31400000,18.50000000,104291674,104291674,1782868789987959,False,True
44426550,0.31400000,18.50000000,104291675,104291675,1782868789990490,False,True
44426551,0.31400000,37.00000000,104291676,104291677,1782868789990622,False,True
44426552,0.31400000,352.50000000,104291678,104291681,1782868793398173,True,True
44426553,0.31400000,305.20000000,104291682,104291685,1782868797071685,False,True
44426554,0.31400000,18.50000000,104291686,104291686,1782868797076979,False,True
44426555,0.31400000,37.00000000,104291687,104291688,1782868797859204,False,True
44426556,0.31400000,37.00000000,104291689,104291690,1782868805735049,False,True
44426557,0.31400000,18.50000000,104291691,104291691,1782868805737994,False,True
44426558,0.31400000,37.00000000,104291692,104291693,1782868805741121,False,True
44426559,0.31400000,18.50000000,104291694,104291694,1782868805817047,False,True
44426560,0.31400000,18.50000000,104291695,104291695,1782868806141633,False,True
44426561,0.31400000,37.00000000,104291696,104291697,1782868806145869,False,True
44426562,0.31400000,37.00000000,104291698,104291699,1782868806156631,False,True
44426563,0.31400000,18.50000000,104291700,104291700,1782868807767448,False,True
44426564,0.31400000,18.50000000,104291701,104291701,1782868807769525,False,True
44426565,0.31400000,37.00000000,104291702,104291703,1782868807770653,False,True
44426566,0.31400000,286.70000000,104291704,104291706,1782868819578936,True,True
44426567,0.31400000,484.70000000,104291707,104291707,1782868819792767,False,True
44426568,0.31400000,969.40000000,104291708,104291708,1782868828571620,False,True
44426569,0.31400000,305.20000000,104291709,104291712,1782868834408113,False,True
44426570,0.31400000,18.50000000,104291713,104291713,1782868834408249,False,True
44426571,0.31500000,59.90000000,104291714,104291714,1782868866532286,False,True
44426572,0.31500000,59.90000000,104291715,104291715,1782868896701547,False,True
44426573,0.31500000,59.90000000,104291716,104291716,1782868926870732,False,True
44426574,0.31500000,530.80000000,104291717,104291721,1782868952171419,False,True
44426575,0.31500000,3351.50000000,104291722,104291725,1782868952171751,False,True
44426576,0.31500000,19.20000000,104291726,104291726,1782868952741467,True,True
44426577,0.31500000,268.10000000,104291727,104291728,1782868954272351,True,True
44426578,0.31500000,249.00000000,104291729,104291729,1782868958427876,True,True
44426579,0.31500000,304.90000000,104291730,104291733,1782868963066661,False,True
44426580,0.31500000,268.10000000,104291734,104291735,1782868964844674,True,True
44426581,0.31500000,304.90000000,104291736,104291739,1782868969357537,False,True
44426582,0.31500000,268.10000000,104291740,104291741,1782868976213790,True,True
44426583,0.31500000,59.90000000,104291742,104291742,1782868987203289,False,True
44426584,0.31500000,961.20000000,104291743,104291745,1782869011859169,False,True
44426585,0.31500000,59.90000000,104291746,104291746,1782869017371668,False,True
44426586,0.31500000,59.90000000,104291747,104291747,1782869047570593,False,True
44426587,0.31500000,59.90000000,104291748,104291748,1782869077735544,False,True
44426588,0.31400000,360.10000000,104291749,104291753,1782869089172643,True,True
44426589,0.31400000,54.10000000,104291754,104291756,1782869095582525,False,True
44426590,0.31400000,20.50000000,104291757,104291758,1782869095582670,False,True
44426591,0.31500000,59.90000000,104291759,104291759,1782869107905275,False,True
44426592,0.31500000,59.90000000,104291760,104291760,1782869138075393,False,True
44426593,0.31500000,59.90000000,104291761,104291761,1782869168238785,False,True
44426594,0.31400000,636.90000000,104291762,104291762,1782869193963485,True,True
44426595,0.31500000,59.90000000,104291763,104291763,1782869198438275,False,True
44426596,0.31500000,41.70000000,104291764,104291764,1782869228610164,False,True
44426597,0.31500000,2000.00000000,104291765,104291768,1782869273773189,False,True
44426598,0.31500000,2280.00000000,104291769,104291770,1782869276817295,False,True
44426599,0.31500000,4414.70000000,104291771,104291771,1782869276818477,False,True
44426600,0.31500000,1016.40000000,104291772,104291777,1782869276818557,False,True
44426601,0.31600000,56.10000000,104291778,104291778,1782869276821070,False,True
44426602,0.31600000,200.00000000,104291779,104291779,1782869324382318,False,True
44426603,0.31500000,94.90000000,104291780,104291780,1782869376488948,True,True
44426604,0.31600000,935.40000000,104291781,104291783,1782869422591862,False,True
44426605,0.31600000,1117.20000000,104291784,104291787,1782869422592190,False,True
44426606,0.31600000,1049.30000000,104291788,104291789,1782869422593185,False,True
44426607,0.31600000,442.50000000,104291790,104291794,1782869422594797,False,True
44426608,0.31600000,62.10000000,104291795,104291795,1782869422827181,True,True
44426609,0.31600000,19.20000000,104291796,104291796,1782869424184582,True,True
44426610,0.31600000,8994.80000000,104291797,104291801,1782869452894955,True,True
44426611,0.31600000,336.50000000,104291802,104291804,1782869492265571,True,True
44426612,0.31600000,304.60000000,104291805,104291808,1782869542389365,False,True
44426613,0.31600000,2804.10000000,104291809,104291813,1782869555171476,True,True
44426614,0.31600000,280.00000000,104291814,104291814,1782869555173622,True,True
44426615,0.31600000,267.30000000,104291815,104291816,1782869555174080,True,True
44426616,0.31600000,517.50000000,104291817,104291821,1782869876881637,False,True
44426617,0.31600000,231.70000000,104291822,104291822,1782869876882994,False,True
44426618,0.31700000,500.00000000,104291823,104291823,1782869891767265,False,True
44426619,0.31700000,155.40000000,104291824,104291824,1782869937075420,False,True
44426620,0.31700000,701.60000000,104291825,104291826,1782869938300047,False,True
44426621,0.31700000,1142.20000000,104291827,104291831,1782869943369324,False,True
44426622,0.31700000,262.70000000,104291832,104291835,1782869946254817,False,True
44426623,0.31700000,253.60000000,104291836,104291836,1782869946441848,True,True
44426624,0.31700000,19.10000000,104291837,104291837,1782869947056690,True,True
44426625,0.31800000,25.20000000,104291838,104291838,1782869947917529,False,True
44426626,0.31700000,19.10000000,104291839,104291839,1782869948423437,True,True
44426627,0.31700000,19.00000000,104291840,104291840,1782869949508206,True,True
44426628,0.31800000,2281.60000000,104291841,104291846,1782869969204034,False,True
44426629,0.31800000,18.30000000,104291847,104291847,1782869969222856,False,True
44426630,0.31800000,18.30000000,104291848,104291848,1782869969225779,False,True
44426631,0.31800000,36.60000000,104291849,104291850,1782869969240864,False,True
44426632,0.31800000,18.30000000,104291851,104291851,1782869969241797,False,True
44426633,0.31800000,317.50000000,104291852,104291853,1782869973225804,True,True
44426634,0.31800000,36.40000000,104291854,104291855,1782869986736036,False,True
44426635,0.31800000,18.30000000,104291856,104291857,1782869986881975,False,True
44426636,0.31800000,18.30000000,104291858,104291859,1782869986885076,False,True
44426637,0.31800000,54.90000000,104291860,104291862,1782870068269276,False,True
44426638,0.31800000,19.00000000,104291863,104291863,1782870069897325,True,True
44426639,0.31800000,258.10000000,104291864,104291865,1782870069953931,True,True
44426640,0.31800000,524.00000000,104291866,104291866,1782870103047810,True,True
44426641,0.31800000,710.20000000,104291867,104291867,1782870103048728,True,True
44426642,0.31800000,447.70000000,104291868,104291868,1782870103049155,True,True
44426643,0.31800000,1644.30000000,104291869,104291869,1782870103049302,True,True
44426644,0.31800000,1256.70000000,104291870,104291870,1782870103049641,True,True
44426645,0.31800000,18.50000000,104291871,104291871,1782870103051849,True,True
44426646,0.31800000,6681.90000000,104291872,104291874,1782870103052498,True,True
44426647,0.31800000,391.80000000,104291875,104291877,1782870103053126,True,True
44426648,0.31800000,32.00000000,104291878,104291878,1782870208782553,False,True
44426649,0.31800000,57.70000000,104291879,104291882,1782870271056855,False,True
44426650,0.31800000,34.10000000,104291883,104291884,1782870271063698,False,True
44426651,0.31800000,17.00000000,104291885,104291885,1782870271063785,False,True
44426652,0.31800000,18.30000000,104291886,104291887,1782870271067205,False,True
44426653,0.31800000,18.30000000,104291888,104291889,1782870271067612,False,True
44426654,0.31800000,1.30000000,104291890,104291890,1782870271067782,False,True
44426655,0.31800000,133.00000000,104291891,104291891,1782870304216683,True,True
44426656,0.31800000,133.00000000,104291892,104291892,1782870306186202,True,True
44426657,0.31900000,1525.80000000,104291893,104291899,1782870334369104,False,True
44426658,0.31900000,5037.30000000,104291900,104291910,1782870334370566,False,True
44426659,0.31900000,991.70000000,104291911,104291911,1782870334635044,True,True
44426660,0.31900000,19.00000000,104291912,104291912,1782870334952645,True,True
44426661,0.31900000,19.00000000,104291913,104291913,1782870335380584,True,True
44426662,0.31900000,18.90000000,104291914,104291914,1782870335412526,True,True
44426663,0.31900000,342.00000000,104291915,104291918,1782870336838723,True,True
44426664,0.31900000,18.10000000,104291919,104291919,1782870336974080,True,True
44426665,0.31900000,390.10000000,104291920,104291920,1782870337151214,False,True
44426666,0.31900000,153.10000000,104291921,104291921,1782870337186697,False,True
44426667,0.31900000,60.00000000,104291922,104291925,1782870340590146,False,True
44426668,0.31900000,27.30000000,104291926,104291927,1782870340591409,False,True
44426669,0.31900000,87.40000000,104291928,104291929,1782870349157580,True,True
44426670,0.31900000,200.20000000,104291930,104291930,1782870354950202,False,True
44426671,0.31900000,24.50000000,104291931,104291931,1782870385508653,False,True
44426672,0.31900000,39712.40000000,104291932,104292005,1782870569901170,False,True
44426673,0.31900000,87833.20000000,104292006,104292007,1782870569903325,True,True
44426674,0.31800000,312.00000000,104292008,104292008,1782870569904741,True,True
44426675,0.31800000,200.20000000,104292009,104292009,1782870620484692,True,True
44426676,0.31900000,254.20000000,104292010,104292011,1782870669168064,False,True
44426677,0.31900000,34183.60000000,104292012,104292070,1782870675738549,False,True
44426678,0.31900000,18.40000000,104292071,104292071,1782870675741931,True,True
44426679,0.31900000,18.30000000,104292072,104292072,1782870675742199,True,True
44426680,0.31900000,70.00000000,104292073,104292073,1782870675751529,True,True
44426681,0.31900000,208.20000000,104292074,104292074,1782870675752047,True,True
44426682,0.31900000,208.20000000,104292075,104292075,1782870675759239,True,True
44426683,0.31900000,1867.30000000,104292076,104292080,1782870675884006,True,True
44426684,0.31900000,36.40000000,104292081,104292082,1782870675886569,True,True
44426685,0.31900000,249.00000000,104292083,104292083,1782870675887555,True,True
44426686,0.31900000,18.20000000,104292084,104292084,1782870675888143,True,True
44426687,0.31800000,35.70000000,104292085,104292085,1782870675889439,True,True
44426688,0.31800000,64.60000000,104292086,104292086,1782870675892155,True,True
44426689,0.31900000,285.40000000,104292087,104292089,1782870822507259,False,True
44426690,0.31900000,1034.60000000,104292090,104292092,1782870822668934,True,True
44426691,0.31900000,36.40000000,104292093,104292094,1782870892894584,False,True
44426692,0.31900000,18.20000000,104292095,104292095,1782870892896955,False,True
44426693,0.31900000,18.20000000,104292096,104292096,1782870892898565,False,True
44426694,0.31900000,31.30000000,104292097,104292097,1782870892901232,False,True
44426695,0.31900000,36.40000000,104292098,104292099,1782870893212870,False,True
44426696,0.31900000,18.20000000,104292100,104292100,1782870893222118,False,True
44426697,0.32000000,1801.20000000,104292101,104292104,1782870925854056,False,True
44426698,0.32000000,23.50000000,104292105,104292106,1782871103996682,False,True
44426699,0.32000000,3536.20000000,104292107,104292113,1782871233896701,False,True
44426700,0.32000000,233.40000000,104292114,104292114,1782871233982902,True,True
44426701,0.32000000,336.70000000,104292115,104292115,1782871234369374,True,True
44426702,0.32000000,93.70000000,104292116,104292116,1782871236882931,True,True
44426703,0.32000000,36.90000000,104292117,104292118,1782871237182787,True,True
44426704,0.32000000,1631.50000000,104292119,104292123,1782871240872712,False,True
44426705,0.32000000,201.20000000,104292124,104292124,1782871241011484,True,True
44426706,0.32000000,58.80000000,104292125,104292125,1782871245289406,True,True
44426707,0.32100000,20.80000000,104292126,104292126,1782871281046721,False,True
44426708,0.32000000,26.30000000,104292127,104292127,1782871286309474,True,True
44426709,0.32100000,627.40000000,104292128,104292128,1782871301299973,False,True
44426710,0.32000000,4859.60000000,104292129,104292132,1782871312351155,True,True
44426711,0.32000000,3317.30000000,104292133,104292135,1782871312352280,True,True
44426712,0.32000000,304.00000000,104292136,104292139,1782871348318843,False,True
44426713,0.32000000,6399.40000000,104292140,104292144,1782871474903088,True,True
44426714,0.31900000,118.20000000,104292145,104292145,1782871543037031,True,True
44426715,0.31900000,48.20000000,104292146,104292146,1782871544553304,True,True
44426716,0.31900000,11799.90000000,104292147,104292154,1782871568199440,True,True
44426717,0.31900000,358.30000000,104292155,104292157,1782871568199596,True,True
44426718,0.31900000,304.10000000,104292158,104292161,1782871586965175,False,True
44426719,0.31900000,722.00000000,104292162,104292162,1782871586967625,False,True
44426720,0.31900000,118.20000000,104292163,104292163,1782871586969215,False,True
44426721,0.31900000,36.40000000,104292164,104292165,1782871592870381,False,True
44426722,0.31900000,41.60000000,104292166,104292166,1782871701817130,True,True
44426723,0.31900000,267.90000000,104292167,104292168,1782871707789688,True,True
44426724,0.31900000,160.50000000,104292169,104292174,1782871803997102,False,True
44426725,0.31900000,1630.40000000,104292175,104292181,1782871911252315,False,True
44426726,0.31900000,327.60000000,104292182,104292182,1782871911561746,True,True
44426727,0.31900000,265.20000000,104292183,104292183,1782871949344019,True,True
44426728,0.31900000,8802.30000000,104292184,104292188,1782872543432679,True,True
44426729,0.32000000,4202.30000000,104292189,104292199,1782872633660619,False,True
44426730,0.32000000,1526.50000000,104292200,104292200,1782872633740309,True,True
44426731,0.32000000,38.30000000,104292201,104292203,1782872633841264,True,True
44426732,0.32000000,2666.90000000,104292204,104292208,1782872676934943,False,True
44426733,0.32000000,1014.10000000,104292209,104292209,1782872676936119,False,True
44426734,0.32000000,2674.10000000,104292210,104292214,1782872738299975,False,True
44426735,0.31900000,972.70000000,104292215,104292216,1782872754053724,True,True
44426736,0.32000000,22.80000000,104292217,104292217,1782872802247381,False,True
44426737,0.32000000,36.20000000,104292218,104292219,1782873083777328,False,True
44426738,0.32000000,285.90000000,104292220,104292222,1782873091290428,True,True
44426739,0.31900000,842.80000000,104292223,104292223,1782873534347451,True,True
44426740,0.32000000,45.30000000,104292224,104292225,1782873648314663,False,True
44426741,0.32000000,73.10000000,104292226,104292229,1782873775113358,False,True
44426742,0.32000000,28.10000000,104292230,104292230,1782873775635198,True,True
44426743,0.32000000,37.50000000,104292231,104292232,1782873992960574,True,True
44426744,0.32000000,316.90000000,104292233,104292235,1782873997783211,True,True
44426745,0.32000000,249.00000000,104292236,104292236,1782873998643684,True,True
44426746,0.32000000,1612.70000000,104292237,104292240,1782873999022686,False,True
44426747,0.32000000,974.60000000,104292241,104292242,1782873999028341,False,True
44426748,0.32000000,656.20000000,104292243,104292246,1782873999461326,False,True
44426749,0.32000000,1381.80000000,104292247,104292250,1782873999757733,False,True
44426750,0.32000000,312.10000000,104292251,104292251,1782873999760304,True,True
44426751,0.32100000,707.50000000,104292252,104292253,1782873999802839,False,True
44426752,0.32100000,656.20000000,104292254,104292254,1782873999892623,False,True
44426753,0.32100000,1363.70000000,104292255,104292255,1782873999908924,False,True
44426754,0.32100000,893.40000000,104292256,104292256,1782874001436903,False,True
44426755,0.32000000,1387.10000000,104292257,104292257,1782874027724558,True,True
44426756,0.32000000,1172.70000000,104292258,104292261,1782874027725101,True,True
44426757,0.32000000,551.90000000,104292262,104292262,1782874027725118,True,True
44426758,0.32000000,720.10000000,104292263,104292263,1782874027725636,True,True
44426759,0.32000000,394.20000000,104292264,104292264,1782874027725678,True,True
44426760,0.32000000,501.80000000,104292265,104292265,1782874027726212,True,True
44426761,0.32000000,709.10000000,104292266,104292266,1782874027729069,True,True
44426762,0.31900000,27.50000000,104292267,104292267,1782874027729913,True,True
44426763,0.31900000,971.90000000,104292268,104292268,1782874027730257,True,True
44426764,0.31900000,18.70000000,104292269,104292269,1782874027730263,True,True
44426765,0.31900000,478.60000000,104292270,104292271,1782874027730451,True,True
44426766,0.31900000,339.40000000,104292272,104292272,1782874027734096,True,True
44426767,0.31900000,566.80000000,104292273,104292275,1782874027753294,True,True
44426768,0.31900000,566.80000000,104292276,104292278,1782874027753355,True,True
44426769,0.31900000,566.80000000,104292279,104292279,1782874027753761,True,True
44426770,0.31900000,566.80000000,104292280,104292280,1782874027753831,True,True
44426771,0.32000000,624.10000000,104292281,104292281,1782874028027454,False,True
44426772,0.32000000,3152.60000000,104292282,104292287,1782874028117210,False,True
44426773,0.32000000,1226.20000000,104292288,104292291,1782874028218211,False,True
44426774,0.32000000,1872.30000000,104292292,104292297,1782874028958124,False,True
44426775,0.32000000,2680.70000000,104292298,104292303,1782874086488883,False,True
44426776,0.32000000,882.80000000,104292304,104292304,1782874086490282,False,True
44426777,0.32000000,729.90000000,104292305,104292308,1782874086903370,False,True
44426778,0.32000000,787.80000000,104292309,104292309,1782874086904706,False,True
44426779,0.32000000,594.00000000,104292310,104292313,1782874086974520,False,True
44426780,0.32100000,135.90000000,104292314,104292314,1782874086974520,False,True
44426781,0.32000000,153.00000000,104292315,104292315,1782874086976830,True,True
44426782,0.32000000,33.00000000,104292316,104292316,1782874086998332,True,True
44426783,0.32000000,16.10000000,104292317,104292317,1782874086998433,True,True
44426784,0.32000000,267.10000000,104292318,104292319,1782874087265619,True,True
44426785,0.32000000,3096.50000000,104292320,104292324,1782874087578839,False,True
44426786,0.32000000,682.10000000,104292325,104292325,1782874087581154,False,True
44426787,0.32000000,699.70000000,104292326,104292329,1782874087650224,False,True
44426788,0.32100000,2063.30000000,104292330,104292333,1782874087650224,False,True
44426789,0.32000000,267.80000000,104292334,104292335,1782874091786319,True,True
44426790,0.31900000,400.50000000,104292336,104292336,1782874091789102,True,True
44426791,0.31900000,202.60000000,104292337,104292337,1782874091789327,True,True
44426792,0.31900000,603.10000000,104292338,104292338,1782874091790839,True,True
44426793,0.31900000,32.30000000,104292339,104292339,1782874091798774,True,True
44426794,0.31900000,499.60000000,104292340,104292340,1782874091801594,True,True
44426795,0.31900000,67.20000000,104292341,104292341,1782874091807423,True,True
44426796,0.31900000,230.10000000,104292342,104292342,1782874091807663,True,True
44426797,0.31900000,336.70000000,104292343,104292343,1782874091809183,True,True
44426798,0.31900000,566.80000000,104292344,104292344,1782874091809641,True,True
44426799,0.32000000,280.20000000,104292345,104292348,1782874094101518,False,True
44426800,0.32000000,3904.50000000,104292349,104292358,1782874094102498,False,True
44426801,0.32100000,24.30000000,104292359,104292359,1782874141166359,False,True
44426802,0.32000000,386.10000000,104292360,104292362,1782874143616292,True,True
44426803,0.32000000,31.20000000,104292363,104292363,1782874192983311,False,True
44426804,0.32000000,41.80000000,104292364,104292366,1782874300520607,False,True
44426805,0.32000000,1109.00000000,104292367,104292372,1782874494539553,False,True
44426806,0.32000000,93.70000000,104292373,104292373,1782874532315106,True,True
44426807,0.32100000,604.50000000,104292374,104292374,1782874843157702,False,True
44426808,0.32000000,621.00000000,104292375,104292375,1782874863258284,True,True
44426809,0.32000000,2510.80000000,104292376,104292380,1782874881771988,True,True
44426810,0.32000000,2167.70000000,104292381,104292382,1782874882123913,False,True
44426811,0.32000000,1259.80000000,104292383,104292386,1782874882237807,False,True
44426812,0.32000000,1381.80000000,104292387,104292390,1782874882465719,False,True
44426813,0.32000000,1520.40000000,104292391,104292392,1782874882485590,True,True
44426814,0.32100000,1327.50000000,104292393,104292394,1782874882564482,False,True
44426815,0.32000000,258.20000000,104292395,104292396,1782874889350884,True,True
44426816,0.31900000,33.40000000,104292397,104292397,1782874889378068,True,True
44426817,0.31900000,33.40000000,104292398,104292399,1782874889379952,True,True
44426818,0.31900000,33.40000000,104292400,104292400,1782874889382297,True,True
44426819,0.31900000,33.40000000,104292401,104292401,1782874889399936,True,True
44426820,0.31900000,566.80000000,104292402,104292402,1782874889420944,True,True
44426821,0.31900000,566.80000000,104292403,104292403,1782874889423695,True,True
44426822,0.31900000,312.90000000,104292404,104292404,1782874889424188,True,True
44426823,0.31900000,566.80000000,104292405,104292405,1782874889424563,True,True
44426824,0.31900000,566.80000000,104292406,104292406,1782874889424821,True,True
44426825,0.31900000,253.90000000,104292407,104292407,1782874889427064,True,True
44426826,0.32000000,608.10000000,104292408,104292408,1782874889721097,False,True
44426827,0.32000000,1743.20000000,104292409,104292411,1782874889847281,False,True
44426828,0.32000000,689.20000000,104292412,104292412,1782874889958955,False,True
44426829,0.32000000,1135.10000000,104292413,104292413,1782874890103407,False,True
44426830,0.32000000,408.00000000,104292414,104292415,1782874890565984,False,True
44426831,0.32000000,1862.20000000,104292416,104292420,1782874890670699,False,True
44426832,0.32000000,1184.70000000,104292421,104292422,1782874890824542,False,True
44426833,0.32000000,223.20000000,104292423,104292423,1782874891068267,False,True
44426834,0.32000000,223.20000000,104292424,104292424,1782874891075429,False,True
44426835,0.32000000,1047.10000000,104292425,104292425,1782874891306026,False,True
44426836,0.32000000,280.40000000,104292426,104292426,1782874891473214,False,True
44426837,0.32000000,153.00000000,104292427,104292427,1782874891477636,True,True
44426838,0.32000000,153.00000000,104292428,104292428,1782874891477670,True,True
44426839,0.32100000,280.40000000,104292429,104292429,1782874891667937,False,True
44426840,0.32000000,267.80000000,104292430,104292431,1782874896608461,True,True
44426841,0.31900000,193.30000000,104292432,104292433,1782874896608505,True,True
44426842,0.31900000,267.80000000,104292434,104292434,1782874896608658,True,True
44426843,0.31900000,74.50000000,104292435,104292435,1782874896608820,True,True
44426844,0.31900000,86.60000000,104292436,104292436,1782874896611632,True,True
44426845,0.31900000,181.20000000,104292437,104292437,1782874896611763,True,True
44426846,0.31900000,105.00000000,104292438,104292438,1782874896614336,True,True
44426847,0.31900000,105.00000000,104292439,104292439,1782874896614653,True,True
44426848,0.31900000,105.00000000,104292440,104292440,1782874896614683,True,True
44426849,0.31900000,105.00000000,104292441,104292441,1782874896614697,True,True
44426850,0.32000000,932.00000000,104292442,104292442,1782874896989797,False,True
44426851,0.32000000,438.10000000,104292443,104292444,1782874897001693,False,True
44426852,0.32000000,451.30000000,104292445,104292445,1782874897223233,False,True
44426853,0.32000000,438.10000000,104292446,104292446,1782874897266587,False,True
44426854,0.32000000,889.40000000,104292447,104292447,1782874897718559,False,True
44426855,0.32000000,889.40000000,104292448,104292450,1782874897826294,False,True
44426856,0.32000000,1011.80000000,104292451,104292452,1782874898553752,False,True
44426857,0.32000000,654.80000000,104292453,104292454,1782874898555079,False,True
44426858,0.32000000,709.00000000,104292455,104292457,1782874899346606,False,True
44426859,0.32000000,834.10000000,104292458,104292458,1782874899348167,False,True
44426860,0.32000000,87.50000000,104292459,104292461,1782874900225353,False,True
44426861,0.32000000,205.00000000,104292462,104292464,1782874942086242,False,True
44426862,0.32000000,1398.40000000,104292465,104292467,1782875140315770,False,True
44426863,0.32000000,145.00000000,104292468,104292468,1782875311003310,True,True
44426864,0.32100000,155.70000000,104292469,104292469,1782875329029929,False,True
44426865,0.32000000,316.70000000,104292470,104292470,1782875359171693,True,True
44426866,0.32000000,87.30000000,104292471,104292472,1782875359172998,True,True
44426867,0.32000000,18.20000000,104292473,104292473,1782875359174004,True,True
44426868,0.32000000,93.00000000,104292474,104292474,1782875359174093,True,True
44426869,0.32000000,137.80000000,104292475,104292475,1782875359174122,True,True
44426870,0.31900000,22.60000000,104292476,104292476,1782875359174122,True,True
44426871,0.31900000,249.30000000,104292477,104292477,1782875359174167,True,True
44426872,0.32000000,73.10000000,104292478,104292481,1782875417872211,False,True
44426873,0.32100000,766.00000000,104292482,104292482,1782875417872211,False,True
44426874,0.32000000,158.70000000,104292483,104292483,1782875418394383,True,True
44426875,0.32000000,446.30000000,104292484,104292484,1782875419115760,True,True
44426876,0.32000000,527.70000000,104292485,104292486,1782875419115814,True,True
44426877,0.32000000,77.30000000,104292487,104292487,1782875420172915,True,True
44426878,0.32000000,279.90000000,104292488,104292488,1782875420173111,True,True
44426879,0.32000000,24.10000000,104292489,104292489,1782875420267413,True,True
44426880,0.32000000,899.70000000,104292490,104292492,1782875425266181,True,True
44426881,0.31900000,20.70000000,104292493,104292493,1782875425267312,True,True
44426882,0.31900000,605.00000000,104292494,104292494,1782875425270694,True,True
44426883,0.31900000,67.40000000,104292495,104292495,1782875425283203,True,True
44426884,0.31900000,301.00000000,104292496,104292496,1782875425283214,True,True
44426885,0.31900000,100.80000000,104292497,104292497,1782875425283369,True,True
44426886,0.31900000,146.60000000,104292498,104292498,1782875425286074,True,True
44426887,0.32000000,180.00000000,104292499,104292500,1782875447264425,False,True
44426888,0.32000000,182.80000000,104292501,104292501,1782875488581415,False,True
44426889,0.32000000,183.70000000,104292502,104292502,1782875520524760,False,True
44426890,0.32000000,97.90000000,104292503,104292505,1782875539959461,False,True
44426891,0.32000000,254.20000000,104292506,104292510,1782875539961925,False,True
44426892,0.32000000,22.70000000,104292511,104292511,1782875732076113,True,True
44426893,0.32000000,22.70000000,104292512,104292512,1782875733076248,True,True
44426894,0.32000000,22.70000000,104292513,104292513,1782875735077398,True,True
44426895,0.32000000,22.60000000,104292514,104292514,1782875737078022,True,True
44426896,0.32000000,22.60000000,104292515,104292515,1782875740078727,True,True
44426897,0.32000000,302.70000000,104292516,104292516,1782875740081218,True,True
44426898,0.32000000,456.20000000,104292517,104292517,1782875740081547,True,True
44426899,0.32000000,336.30000000,104292518,104292520,1782875740082896,True,True
44426900,0.31900000,233.20000000,104292521,104292521,1782875740082896,True,True
44426901,0.31900000,266.80000000,104292522,104292523,1782875740083052,True,True
44426902,0.31900000,569.50000000,104292524,104292528,1782875740083130,True,True
44426903,0.31900000,342.30000000,104292529,104292529,1782875740084846,True,True
44426904,0.31900000,177.50000000,104292530,104292530,1782875740084869,True,True
44426905,0.31900000,183.70000000,104292531,104292531,1782875991979555,True,True
44426906,0.31900000,1574.40000000,104292532,104292538,1782876077245074,True,True
44426907,0.32000000,1040.60000000,104292539,104292544,1782876127301590,False,True
44426908,0.32000000,30.00000000,104292545,104292545,1782876312372216,False,True
44426909,0.32000000,1707.30000000,104292546,104292548,1782876990476233,False,True
44426910,0.32000000,7647.90000000,104292549,104292552,1782876990479264,False,True
44426911,0.32000000,1692.00000000,104292553,104292554,1782876990491582,False,True
44426912,0.32000000,18.10000000,104292555,104292555,1782876990494225,False,True
44426913,0.32100000,19.40000000,104292556,104292556,1782876990538263,False,True
44426914,0.32100000,260.70000000,104292557,104292557,1782876990563883,False,True
44426915,0.32100000,11800.00000000,104292558,104292563,1782877028455724,False,True
44426916,0.32100000,5453.50000000,104292564,104292565,1782877028456670,False,True
44426917,0.32100000,5428.80000000,104292566,104292569,1782877028456695,False,True
44426918,0.32100000,210.90000000,104292570,104292570,1782877029623406,True,True
44426919,0.32100000,99.80000000,104292571,104292571,1782877030269577,True,True
44426920,0.32100000,390.10000000,104292572,104292572,1782877037605574,True,True
44426921,0.32100000,150.30000000,104292573,104292573,1782877039774587,True,True
44426922,0.32200000,3852.30000000,104292574,104292578,1782877051799737,False,True
44426923,0.32100000,362.90000000,104292579,104292579,1782877086318327,True,True
44426924,0.32100000,357.10000000,104292580,104292585,1782877086318347,True,True
44426925,0.32000000,5.80000000,104292586,104292586,1782877086318347,True,True
44426926,0.32000000,322.90000000,104292587,104292587,1782877086318420,True,True
44426927,0.32000000,362.90000000,104292588,104292588,1782877086318451,True,True
44426928,0.32000000,40.00000000,104292589,104292589,1782877086322836,True,True
44426929,0.32100000,75.00000000,104292590,104292590,1782877086382356,False,True
44426930,0.32100000,54.70000000,104292591,104292593,1782877150026232,False,True
44426931,0.32100000,682.20000000,104292594,104292594,1782877150027714,False,True
44426932,0.32100000,18.00000000,104292595,104292595,1782877150029031,False,True
44426933,0.32100000,67.50000000,104292596,104292598,1782877150029480,False,True
44426934,0.32100000,18.20000000,104292599,104292600,1782877150029740,False,True
44426935,0.32100000,8324.90000000,104292601,104292606,1782877246644563,True,True
44426936,0.32100000,5975.70000000,104292607,104292616,1782877311039211,True,True
44426937,0.32100000,1000.00000000,104292617,104292617,1782877311410570,False,True
44426938,0.32100000,30.30000000,104292618,104292619,1782877316304035,False,True
44426939,0.32100000,29.10000000,104292620,104292621,1782877316517673,False,True
44426940,0.32100000,28.00000000,104292622,104292622,1782877316749583,False,True
44426941,0.32100000,25.20000000,104292623,104292623,1782877317153540,False,True
44426942,0.32100000,22.70000000,104292624,104292624,1782877317393829,False,True
44426943,0.32100000,20.40000000,104292625,104292625,1782877317803537,False,True
44426944,0.32100000,106.90000000,104292626,104292626,1782877318346354,False,True
44426945,0.32100000,96.20000000,104292627,104292631,1782877318566001,False,True
44426946,0.32100000,86.60000000,104292632,104292632,1782877318879891,False,True
44426947,0.32100000,125.80000000,104292633,104292633,1782877319109145,False,True
44426948,0.32100000,113.20000000,104292634,104292634,1782877319345860,False,True
44426949,0.32100000,101.90000000,104292635,104292635,1782877319629984,False,True
44426950,0.32100000,39.30000000,104292636,104292636,1782877320834123,False,True
44426951,0.32100000,52.60000000,104292637,104292637,1782877321453534,False,True
44426952,0.32100000,47.30000000,104292638,104292638,1782877321683748,False,True
44426953,0.32100000,42.60000000,104292639,104292639,1782877321980468,False,True
44426954,0.32100000,38.40000000,104292640,104292642,1782877322512390,False,True
44426955,0.32100000,34.50000000,104292643,104292643,1782877322715798,False,True
44426956,0.32100000,31.10000000,104292644,104292644,1782877323029006,False,True
44426957,0.32100000,28.00000000,104292645,104292645,1782877323269136,False,True
44426958,0.32100000,25.20000000,104292646,104292646,1782877323627919,False,True
44426959,0.32100000,22.60000000,104292647,104292647,1782877323847561,False,True
44426960,0.32100000,54.60000000,104292648,104292648,1782877324097632,False,True
44426961,0.32100000,49.10000000,104292649,104292649,1782877324451223,False,True
44426962,0.32100000,44.20000000,104292650,104292650,1782877324883838,False,True
44426963,0.32100000,39.80000000,104292651,104292651,1782877325119874,False,True
44426964,0.32100000,35.80000000,104292652,104292652,1782877325351915,False,True
44426965,0.32100000,32.30000000,104292653,104292653,1782877325632042,False,True
44426966,0.32100000,29.00000000,104292654,104292654,1782877325894959,False,True
44426967,0.32100000,26.10000000,104292655,104292655,1782877326135159,False,True
44426968,0.32100000,23.50000000,104292656,104292656,1782877326331185,False,True
44426969,0.32100000,19.30000000,104292657,104292657,1782877326532060,False,True
44426970,0.32100000,17.40000000,104292658,104292658,1782877326830244,False,True
44426971,0.32100000,16.00000000,104292659,104292659,1782877327034953,False,True
44426972,0.32100000,36.20000000,104292660,104292661,1782877442736697,False,True
44426973,0.32100000,18.10000000,104292662,104292662,1782877442738270,False,True
44426974,0.32200000,398.30000000,104292663,104292669,1782877635541940,False,True
44426975,0.32200000,958.60000000,104292670,104292671,1782877635545993,False,True
44426976,0.32200000,54.10000000,104292672,104292674,1782877635546120,False,True
44426977,0.32200000,60.40000000,104292675,104292675,1782877635717155,True,True
44426978,0.32200000,699.30000000,104292676,104292676,1782877636334259,True,True
44426979,0.32200000,194.90000000,104292677,104292680,1782877636334284,True,True
44426980,0.32100000,504.40000000,104292681,104292682,1782877636334284,True,True
44426981,0.32100000,231.30000000,104292683,104292683,1782877636336771,True,True
44426982,0.32100000,231.30000000,104292684,104292684,1782877636338450,True,True
44426983,0.32100000,59.70000000,104292685,104292685,1782877636338654,True,True
44426984,0.32200000,624.30000000,104292686,104292688,1782877969027479,False,True
44426985,0.32200000,54.00000000,104292689,104292691,1782877970011155,False,True
44426986,0.32200000,529.00000000,104292692,104292693,1782877970066971,True,True
44426987,0.32100000,568.10000000,104292694,104292694,1782877994683706,True,True
44426988,0.32100000,92.50000000,104292695,104292695,1782878287870283,True,True
44426989,0.32200000,467.10000000,104292696,104292696,1782878318641172,False,True
44426990,0.32200000,14959.10000000,104292697,104292718,1782878343163417,False,True
44426991,0.32100000,28.60000000,104292719,104292719,1782878380420639,True,True
44426992,0.32100000,65.30000000,104292720,104292720,1782878404555965,True,True
44426993,0.32100000,21.80000000,104292721,104292721,1782878409223806,True,True
44426994,0.32100000,2496.50000000,104292722,104292730,1782878533884073,True,True
44426995,0.32100000,2172.20000000,104292731,104292735,1782878534173541,False,True
44426996,0.32100000,476.10000000,104292736,104292737,1782878534183108,False,True
44426997,0.32100000,1269.50000000,104292738,104292740,1782878534562780,False,True
44426998,0.32100000,1839.60000000,104292741,104292745,1782878534801209,False,True
44426999,0.32200000,332.60000000,104292746,104292748,1782878536481822,False,True
44427000,0.32100000,18.90000000,104292749,104292749,1782878540799894,True,True
44427001,0.32100000,2330.50000000,104292750,104292751,1782878562481480,True,True
44427002,0.32100000,840.20000000,104292752,104292752,1782878562848424,False,True
44427003,0.32100000,1630.50000000,104292753,104292757,1782878562942520,False,True
44427004,0.32200000,822.20000000,104292758,104292758,1782878562942520,False,True
44427005,0.32200000,1612.50000000,104292759,104292759,1782878562950679,False,True
44427006,0.32200000,375.50000000,104292760,104292760,1782878567307656,False,True
44427007,0.32100000,92.70000000,104292761,104292761,1782878583889831,True,True
44427008,0.32100000,24.90000000,104292762,104292762,1782878587549540,True,True
44427009,0.32100000,1018.70000000,104292763,104292764,1782878828934241,True,True
44427010,0.32100000,6219.20000000,104292765,104292769,1782878972075315,True,True
44427011,0.32100000,23.40000000,104292770,104292770,1782879071832816,True,True
44427012,0.32100000,5465.50000000,104292771,104292772,1782879071835994,True,True
44427013,0.32100000,1551.10000000,104292773,104292775,1782879072383541,False,True
44427014,0.32000000,92.50000000,104292776,104292776,1782879104252463,True,True
44427015,0.32000000,92.70000000,104292777,104292778,1782879124943156,True,True
44427016,0.32000000,92.70000000,104292779,104292779,1782879180454868,True,True
44427017,0.32000000,92.70000000,104292780,104292781,1782879224000593,True,True
44427018,0.32000000,92.70000000,104292782,104292782,1782879269531115,True,True
44427019,0.32000000,92.90000000,104292783,104292783,1782879301396398,True,True
44427020,0.32100000,29.30000000,104292784,104292784,1782879378386799,False,True
44427021,0.32100000,77.80000000,104292785,104292785,1782879586348813,False,True
44427022,0.32100000,27.50000000,104292786,104292786,1782879635882052,False,True
44427023,0.32100000,31.10000000,104292787,104292787,1782879844750392,False,True
44427024,0.32000000,188.00000000,104292788,104292788,1782879935358394,True,True
44427025,0.32000000,188.00000000,104292789,104292789,1782879936032966,True,True
44427026,0.32000000,371.00000000,104292790,104292790,1782879937124990,True,True
44427027,0.32000000,821.00000000,104292791,104292792,1782880011216538,True,True
44427028,0.32000000,235.00000000,104292793,104292793,1782880012592369,True,True
44427029,0.32000000,50.70000000,104292794,104292794,1782880050964631,True,True
44427030,0.32000000,348.30000000,104292795,104292795,1782880092782106,True,True
44427031,0.32000000,319.70000000,104292796,104292796,1782880127783170,True,True
44427032,0.32000000,439.70000000,104292797,104292797,1782880157783516,True,True
44427033,0.32000000,2766.40000000,104292798,104292799,1782880195492474,True,True
44427034,0.32000000,240.00000000,104292800,104292800,1782880202939755,True,True
44427035,0.32000000,92.70000000,104292801,104292801,1782880223897958,True,True
44427036,0.32000000,92.70000000,104292802,104292802,1782880223904451,True,True
44427037,0.32000000,154.70000000,104292803,104292804,1782880227788614,True,True
44427038,0.32000000,426.80000000,104292805,104292805,1782880242784046,True,True
44427039,0.32100000,645.90000000,104292806,104292808,1782880252817817,False,True
44427040,0.32000000,92.70000000,104292809,104292809,1782880260368492,True,True
44427041,0.32000000,580.10000000,104292810,104292810,1782880269009716,True,True
44427042,0.32000000,165.20000000,104292811,104292811,1782880287780515,True,True
44427043,0.32000000,58.80000000,104292812,104292812,1782880297973901,True,True
44427044,0.32000000,92.90000000,104292813,104292813,1782880305756831,True,True
44427045,0.32000000,92.90000000,104292814,104292814,1782880305757038,True,True
44427046,0.32000000,1499.20000000,104292815,104292815,1782880307078063,True,True
44427047,0.32000000,484.70000000,104292816,104292816,1782880307079009,True,True
44427048,0.32000000,61727.50000000,104292817,104292822,1782880307079139,True,True
44427049,0.32000000,17699.90000000,104292823,104292826,1782880307079353,True,True
44427050,0.32000000,810.90000000,104292827,104292828,1782880307079584,True,True
44427051,0.31900000,105.90000000,104292829,104292829,1782880307081806,True,True
44427052,0.31900000,566.80000000,104292830,104292830,1782880307081913,True,True
44427053,0.31900000,566.80000000,104292831,104292831,1782880307081987,True,True
44427054,0.31900000,280.50000000,104292832,104292833,1782880307082039,True,True
44427055,0.31900000,566.80000000,104292834,104292835,1782880307082127,True,True
44427056,0.31900000,460.90000000,104292836,104292836,1782880307082396,True,True
44427057,0.31900000,566.80000000,104292837,104292837,1782880307082481,True,True
44427058,0.31900000,286.30000000,104292838,104292838,1782880307082592,True,True
44427059,0.31900000,334.70000000,104292839,104292840,1782880307781011,True,True
44427060,0.32000000,71.80000000,104292841,104292841,1782880309292513,False,True
44427061,0.31900000,184.70000000,104292842,104292842,1782880337783301,True,True
44427062,0.31900000,412.50000000,104292843,104292843,1782880357781384,True,True
44427063,0.32000000,46.80000000,104292844,104292844,1782880375880623,False,True
44427064,0.31900000,231.00000000,104292845,104292845,1782880402782286,True,True
44427065,0.31900000,334.40000000,104292846,104292846,1782880422775752,True,True
44427066,0.32000000,231.30000000,104292847,104292847,1782880443794866,False,True
44427067,0.31900000,305.70000000,104292848,104292848,1782880457783729,True,True
44427068,0.32000000,650.20000000,104292849,104292856,1782880478253668,False,True
44427069,0.32000000,312.10000000,104292857,104292857,1782880478256170,True,True
44427070,0.32000000,399.60000000,104292858,104292858,1782880492783639,True,True
44427071,0.32000000,5742.90000000,104292859,104292861,1782880506249578,True,True
44427072,0.31900000,310.30000000,104292862,104292862,1782880532796488,True,True
44427073,0.31900000,64.50000000,104292863,104292863,1782880562781679,True,True
44427074,0.31900000,2000.00000000,104292864,104292864,1782880595559557,True,True
44427075,0.32000000,372.30000000,104292865,104292865,1782880648337087,False,True
44427076,0.32000000,3423.90000000,104292866,104292873,1782880693588156,False,True
44427077,0.32100000,2310.70000000,104292874,104292880,1782880870540975,False,True
44427078,0.32100000,36.20000000,104292881,104292882,1782880870546517,False,True
44427079,0.32100000,19.80000000,104292883,104292884,1782880870549508,False,True
44427080,0.32100000,34.50000000,104292885,104292886,1782880870552298,False,True
44427081,0.32100000,36.20000000,104292887,104292888,1782880870564233,False,True
44427082,0.32100000,36.20000000,104292889,104292890,1782880879429559,False,True
44427083,0.32100000,18.10000000,104292891,104292891,1782880879429641,False,True
44427084,0.32200000,200.00000000,104292892,104292893,1782881085023650,False,True
44427085,0.32200000,121.40000000,104292894,104292897,1782881149551673,False,True
44427086,0.32200000,155.10000000,104292898,104292898,1782881149567890,True,True
44427087,0.32200000,155.10000000,104292899,104292899,1782881149568393,True,True
44427088,0.32200000,18.80000000,104292900,104292901,1782881152407310,True,True
44427089,0.32300000,18.70000000,104292902,104292902,1782881182517502,False,True
44427090,0.32200000,45.50000000,104292903,104292903,1782881184016985,True,True
44427091,0.32200000,45.70000000,104292904,104292904,1782881184506411,True,True
44427092,0.32200000,193.70000000,104292905,104292907,1782881193304552,True,True
44427093,0.32200000,54.70000000,104292908,104292910,1782881207942746,False,True
44427094,0.32200000,92.30000000,104292911,104292911,1782881225514837,True,True
44427095,0.32200000,1364.20000000,104292912,104292914,1782881239928151,True,True
44427096,0.32100000,563.00000000,104292915,104292915,1782881239928151,True,True
44427097,0.32200000,74.80000000,104292916,104292916,1782881241086618,False,True
44427098,0.32200000,303.70000000,104292917,104292920,1782881244115831,False,True
44427099,0.32200000,18.00000000,104292921,104292921,1782881244117293,False,True
44427100,0.32200000,18.00000000,104292922,104292922,1782881244120219,False,True
44427101,0.32200000,36.00000000,104292923,104292924,1782881244359867,False,True
44427102,0.32200000,18.00000000,104292925,104292925,1782881244361189,False,True
44427103,0.32300000,573.00000000,104292926,104292927,1782881354778327,False,True
44427104,0.32300000,92.80000000,104292928,104292928,1782881370822909,False,True
44427105,0.32200000,77.30000000,104292929,104292929,1782881374143433,True,True
44427106,0.32300000,1240.80000000,104292930,104292933,1782881392241878,False,True
44427107,0.32200000,44.50000000,104292934,104292934,1782881407917400,True,True
44427108,0.32200000,54.70000000,104292935,104292936,1782881522699198,True,True
44427109,0.32200000,231.00000000,104292937,104292938,1782881522700469,True,True
44427110,0.32200000,218.90000000,104292939,104292939,1782881524088121,False,True
44427111,0.32200000,15.50000000,104292940,104292940,1782881566301616,False,True
44427112,0.32200000,435.50000000,104292941,104292947,1782881949555342,False,True
44427113,0.32200000,312.00000000,104292948,104292949,1782882025658162,True,True
44427114,0.32200000,18.70000000,104292950,104292950,1782882025659378,True,True
44427115,0.32100000,1188.40000000,104292951,104292951,1782882035903202,True,True
44427116,0.32100000,18.60000000,104292952,104292952,1782882241064867,True,True
