31644556,0.04980000,153.30000000,52316609,52316609,1782864005773329,True,True
31644557,0.04990000,138.10000000,52316610,52316610,1782864008983500,False,True
31644558,0.04980000,993.20000000,52316611,52316611,1782864060463840,False,True
31644559,0.04970000,168.40000000,52316612,52316612,1782864065772853,True,True
31644560,0.04980000,993.20000000,52316613,52316613,1782864068590284,False,True
31644561,0.04980000,542.40000000,52316614,52316614,1782864070100239,False,True
31644562,0.04980000,200.60000000,52316615,52316615,1782864080300549,True,True
31644563,0.04980000,200.60000000,52316616,52316616,1782864080302619,True,True
31644564,0.04980000,1486.60000000,52316617,52316617,1782864095336826,False,True
31644565,0.04980000,174.30000000,52316618,52316618,1782864125773042,True,True
31644566,0.04990000,3405.10000000,52316619,52316620,1782864126235440,False,True
31644567,0.05000000,3545.80000000,52316621,52316625,1782864126235440,False,True
31644568,0.04990000,168.20000000,52316626,52316626,1782864185772895,True,True
31644569,0.05010000,159.20000000,52316627,52316627,1782864245774001,True,True
31644570,0.05010000,152.10000000,52316628,52316628,1782864305773422,True,True
31644571,0.05010000,137.00000000,52316629,52316629,1782864365773343,True,True
31644572,0.05010000,125.30000000,52316630,52316630,1782864425772838,True,True
31644573,0.05010000,363.40000000,52316631,52316631,1782864440779466,True,True
31644574,0.05010000,165.80000000,52316632,52316632,1782864475773015,True,True
31644575,0.05010000,125.70000000,52316633,52316633,1782864485773038,True,True
31644576,0.05010000,147.00000000,52316634,52316634,1782864545773091,True,True
31644577,0.05010000,8470.70000000,52316635,52316638,1782864560135734,True,True
31644578,0.05000000,937.70000000,52316639,52316640,1782864586159105,True,True
31644579,0.04990000,142.40000000,52316641,52316641,1782864605773180,True,True
31644580,0.05000000,177.00000000,52316642,52316642,1782864617786854,False,True
31644581,0.05000000,147.60000000,52316643,52316643,1782864645772677,True,True
31644582,0.05000000,137.70000000,52316644,52316644,1782864665772963,True,True
31644583,0.05000000,130.20000000,52316645,52316645,1782864715772550,True,True
31644584,0.05000000,159.30000000,52316646,52316646,1782864725773383,True,True
31644585,0.05000000,142.70000000,52316647,52316647,1782864785773368,True,True
31644586,0.05000000,122.60000000,52316648,52316648,1782864835772778,True,True
31644587,0.05010000,11321.80000000,52316649,52316649,1782864838879410,False,True
31644588,0.05010000,167.50000000,52316650,52316650,1782864838880994,False,True
31644589,0.05000000,164.60000000,52316651,52316651,1782864845773472,True,True
31644590,0.05010000,130.30000000,52316652,52316652,1782864905772884,True,True
31644591,0.05010000,142.90000000,52316653,52316653,1782864950781584,True,True
31644592,0.05010000,125.70000000,52316654,52316654,1782864965772461,True,True
31644593,0.05010000,156.80000000,52316655,52316656,1782865005772649,True,True
31644594,0.05010000,178.60000000,52316657,52316657,1782865025772803,True,True
31644595,0.05010000,304.70000000,52316658,52316659,1782865025774175,True,True
31644596,0.05000000,138.00000000,52316660,52316660,1782865085772734,True,True
31644597,0.05000000,161.70000000,52316661,52316661,1782865145773174,True,True
31644598,0.05000000,513.30000000,52316662,52316662,1782865156477404,True,True
31644599,0.04990000,168.20000000,52316663,52316663,1782865205774882,True,True
31644600,0.04990000,128.20000000,52316664,52316664,1782865265772722,True,True
31644601,0.04990000,246.50000000,52316665,52316665,1782865299516331,True,True
31644602,0.04980000,154.50000000,52316666,52316666,1782865325774503,True,True
31644603,0.04990000,177.50000000,52316667,52316667,1782865385773088,True,True
31644604,0.04990000,308.60000000,52316668,52316668,1782865401086931,True,True
31644605,0.04980000,144.90000000,52316669,52316669,1782865445772928,True,True
31644606,0.04980000,146.10000000,52316670,52316670,1782865505772764,True,True
31644607,0.04980000,156.10000000,52316671,52316671,1782865565772917,True,True
31644608,0.04980000,143.10000000,52316672,52316672,1782865625772703,True,True
31644609,0.04980000,130.20000000,52316673,52316674,1782865685772899,True,True
31644610,0.04990000,150.10000000,52316675,52316675,1782865745773024,True,True
31644611,0.04990000,178.00000000,52316676,52316677,1782865805772978,True,True
31644612,0.04990000,4814.20000000,52316678,52316679,1782865817343496,True,True
31644613,0.04980000,400.70000000,52316680,52316680,1782865817345653,True,True
31644614,0.04980000,102.00000000,52316681,52316682,1782865817345732,True,True
31644615,0.04980000,499.80000000,52316683,52316683,1782865817345763,True,True
31644616,0.04980000,601.80000000,52316684,52316684,1782865817345853,True,True
31644617,0.04980000,400.70000000,52316685,52316685,1782865817346072,True,True
31644618,0.04980000,162.10000000,52316686,52316687,1782865865772842,True,True
31644619,0.04990000,1745.90000000,52316688,52316688,1782865871080206,False,True
31644620,0.04990000,5458.00000000,52316689,52316692,1782865921308343,True,True
31644621,0.04980000,162.50000000,52316693,52316693,1782865925773574,True,True
31644622,0.04980000,853.80000000,52316694,52316695,1782865960674109,True,True
31644623,0.04980000,170.70000000,52316696,52316696,1782865960711578,True,True
31644624,0.04980000,422.10000000,52316697,52316697,1782865961500457,False,True
31644625,0.04980000,1527.70000000,52316698,52316699,1782865961501891,False,True
31644626,0.04980000,9633.50000000,52316700,52316701,1782865961519984,False,True
31644627,0.04990000,5577.20000000,52316702,52316703,1782865961981559,False,True
31644628,0.04980000,149.50000000,52316704,52316704,1782865985772757,True,True
31644629,0.04980000,137.60000000,52316705,52316705,1782866020773538,True,True
31644630,0.04980000,165.00000000,52316706,52316706,1782866045772679,True,True
31644631,0.04980000,167.90000000,52316707,52316707,1782866090774234,True,True
31644632,0.04980000,161.40000000,52316708,52316708,1782866105772770,True,True
31644633,0.04980000,137.80000000,52316709,52316709,1782866145772579,True,True
31644634,0.04980000,5092.90000000,52316710,52316712,1782866145858815,True,True
31644635,0.04980000,137.30000000,52316713,52316713,1782866165772669,True,True
31644636,0.04980000,143.00000000,52316714,52316714,1782866190773730,True,True
31644637,0.04980000,141.20000000,52316715,52316715,1782866225772749,True,True
31644638,0.04980000,1546.70000000,52316716,52316717,1782866246349293,True,True
31644639,0.04980000,177.70000000,52316718,52316718,1782866260773311,True,True
31644640,0.04980000,3406.10000000,52316719,52316722,1782866282440774,True,True
31644641,0.04980000,144.60000000,52316723,52316723,1782866285772957,True,True
31644642,0.04980000,133.30000000,52316724,52316724,1782866345773017,True,True
31644643,0.04980000,157.40000000,52316725,52316725,1782866385773488,True,True
31644644,0.04980000,134.30000000,52316726,52316726,1782866405773485,True,True
31644645,0.04980000,145.80000000,52316727,52316727,1782866465773036,True,True
31644646,0.04980000,161.10000000,52316728,52316729,1782866525773130,True,True
31644647,0.04980000,4364.00000000,52316730,52316731,1782866551376895,True,True
31644648,0.04980000,2182.00000000,52316732,52316734,1782866580366283,True,True
31644649,0.04980000,554.40000000,52316735,52316735,1782866580369885,True,True
31644650,0.04970000,143.30000000,52316736,52316736,1782866585772965,True,True
31644651,0.04970000,131.20000000,52316737,52316737,1782866645773050,True,True
31644652,0.04970000,136.40000000,52316738,52316738,1782866705773075,True,True
31644653,0.04980000,341.70000000,52316739,52316739,1782866759273399,False,True
31644654,0.04970000,179.90000000,52316740,52316740,1782866765772772,True,True
31644655,0.04970000,179.30000000,52316741,52316741,1782866825772970,True,True
31644656,0.04970000,126.10000000,52316742,52316742,1782866885773030,True,True
31644657,0.04970000,153.80000000,52316743,52316743,1782866945773436,True,True
31644658,0.04970000,153.50000000,52316744,52316744,1782867005773786,True,True
31644659,0.04970000,127.80000000,52316745,52316745,1782867065773110,True,True
31644660,0.04970000,177.60000000,52316746,52316748,1782867125773163,True,True
31644661,0.04980000,142.60000000,52316749,52316749,1782867185774127,True,True
31644662,0.04990000,3656.30000000,52316750,52316752,1782867210584222,False,True
31644663,0.04990000,10199.90000000,52316753,52316754,1782867217470101,True,True
31644664,0.04990000,2039.90000000,52316755,52316755,1782867217472346,True,True
31644665,0.04990000,4380.00000000,52316756,52316757,1782867220286480,False,True
31644666,0.04990000,1820.00000000,52316758,52316758,1782867220287502,True,True
31644667,0.04990000,1820.00000000,52316759,52316759,1782867220287686,True,True
31644668,0.04990000,10522.50000000,52316760,52316760,1782867220287896,True,True
31644669,0.04990000,12655.20000000,52316761,52316761,1782867220288415,True,True
31644670,0.04980000,400.70000000,52316762,52316762,1782867220288653,True,True
31644671,0.04980000,400.70000000,52316763,52316763,1782867220288690,True,True
31644672,0.04980000,510.90000000,52316764,52316764,1782867245774776,True,True
31644673,0.04980000,1451.20000000,52316765,52316767,1782867260480912,True,True
31644674,0.04980000,350.70000000,52316768,52316768,1782867280773191,True,True
31644675,0.04980000,178.70000000,52316769,52316769,1782867305774600,True,True
31644676,0.04980000,188.50000000,52316770,52316770,1782867335780537,True,True
31644677,0.04980000,170.80000000,52316771,52316771,1782867365773261,True,True
31644678,0.04980000,177.70000000,52316772,52316772,1782867395779855,True,True
31644679,0.04980000,151.80000000,52316773,52316773,1782867425774872,True,True
31644680,0.04980000,139.50000000,52316774,52316774,1782867445773154,True,True
31644681,0.04980000,176.50000000,52316775,52316775,1782867470778887,True,True
31644682,0.04980000,127.90000000,52316776,52316776,1782867485772882,True,True
31644683,0.04980000,3085.30000000,52316777,52316777,1782867517568485,True,True
31644684,0.04980000,6207.30000000,52316778,52316781,1782867517568517,True,True
31644685,0.04980000,1858.50000000,52316782,52316782,1782867517571081,True,True
31644686,0.04980000,371.70000000,52316783,52316783,1782867517573375,True,True
31644687,0.04970000,171.40000000,52316784,52316784,1782867530779134,True,True
31644688,0.04980000,500.00000000,52316785,52316786,1782867544285855,False,True
31644689,0.04970000,162.70000000,52316787,52316788,1782867545773844,True,True
31644690,0.04970000,142.30000000,52316789,52316789,1782867595773368,True,True
31644691,0.04970000,148.10000000,52316790,52316791,1782867605773196,True,True
31644692,0.04980000,743.50000000,52316792,52316793,1782867611503655,False,True
31644693,0.04980000,137.60000000,52316794,52316794,1782867640772853,True,True
31644694,0.04980000,154.60000000,52316795,52316795,1782867665772898,True,True
31644695,0.04980000,537.50000000,52316796,52316797,1782867701189639,True,True
31644696,0.04980000,135.00000000,52316798,52316798,1782867705773641,True,True
31644697,0.04980000,176.20000000,52316799,52316799,1782867725773137,True,True
31644698,0.04980000,2182.00000000,52316800,52316800,1782867747684793,True,True
31644699,0.04980000,2586.30000000,52316801,52316803,1782867747686235,True,True
31644700,0.04970000,4364.00000000,52316804,52316807,1782867755583979,True,True
31644701,0.04970000,2182.00000000,52316808,52316809,1782867764254528,True,True
31644702,0.04970000,130.80000000,52316810,52316810,1782867770779097,True,True
31644703,0.04980000,11112.00000000,52316811,52316813,1782867776754524,False,True
31644704,0.04970000,349.70000000,52316814,52316815,1782867785774003,True,True
31644705,0.04970000,375.30000000,52316816,52316816,1782867830780769,True,True
31644706,0.04970000,173.70000000,52316817,52316817,1782867845773154,True,True
31644707,0.04970000,143.90000000,52316818,52316818,1782867890780883,True,True
31644708,0.04980000,2050.80000000,52316819,52316819,1782867892677015,False,True
31644709,0.04970000,218.80000000,52316820,52316821,1782867905773520,True,True
31644710,0.04970000,648.00000000,52316822,52316822,1782867915870795,True,True
31644711,0.04960000,962.60000000,52316823,52316824,1782867923385517,True,True
31644712,0.04960000,1251.40000000,52316825,52316825,1782867923924541,False,True
31644713,0.04960000,500.00000000,52316826,52316827,1782867925151667,False,True
31644714,0.04960000,308.60000000,52316828,52316828,1782867943178420,True,True
31644715,0.04960000,121.30000000,52316829,52316829,1782867955773267,True,True
31644716,0.04960000,166.20000000,52316830,52316830,1782867965773989,True,True
31644717,0.04960000,223.90000000,52316831,52316831,1782867990772891,True,True
31644718,0.04970000,124.90000000,52316832,52316832,1782867999653976,False,True
31644719,0.04970000,31119.20000000,52316833,52316841,1782868010884108,False,True
31644720,0.04970000,51255.30000000,52316842,52316849,1782868010885235,False,True
31644721,0.04970000,5451.00000000,52316850,52316850,1782868010885446,False,True
31644722,0.04970000,2725.50000000,52316851,52316852,1782868010886784,False,True
31644723,0.04970000,1362.70000000,52316853,52316853,1782868010887929,False,True
31644724,0.04970000,201.40000000,52316854,52316854,1782868010889053,False,True
31644725,0.04970000,681.40000000,52316855,52316855,1782868010889191,False,True
31644726,0.04970000,1008.80000000,52316856,52316856,1782868010889710,False,True
31644727,0.04970000,340.70000000,52316857,52316857,1782868010890430,False,True
31644728,0.04970000,170.30000000,52316858,52316858,1782868010891736,False,True
31644729,0.04970000,15354.90000000,52316859,52316861,1782868010894201,False,True
31644730,0.04970000,2404.20000000,52316862,52316862,1782868010895806,False,True
31644731,0.04970000,8583.40000000,52316863,52316866,1782868023705938,True,True
31644732,0.04960000,596.70000000,52316867,52316867,1782868025773121,True,True
31644733,0.04970000,12900.50000000,52316868,52316871,1782868029492190,False,True
31644734,0.04980000,220.30000000,52316872,52316873,1782868038971638,False,True
31644735,0.04970000,1289.50000000,52316874,52316874,1782868045773523,True,True
31644736,0.04970000,349.70000000,52316875,52316876,1782868085782549,True,True
31644737,0.04970000,444.40000000,52316877,52316878,1782868100781065,True,True
31644738,0.04970000,6125.60000000,52316879,52316881,1782868103116317,True,True
31644739,0.04960000,643.10000000,52316882,52316884,1782868130779366,True,True
31644740,0.04960000,629.30000000,52316885,52316885,1782868145773427,True,True
31644741,0.04960000,201.30000000,52316886,52316887,1782868168183300,True,True
31644742,0.04960000,136.10000000,52316888,52316888,1782868170334678,True,True
31644743,0.04960000,403.60000000,52316889,52316889,1782868170976397,False,True
31644744,0.04950000,608.80000000,52316890,52316891,1782868180781150,True,True
31644745,0.04950000,246.20000000,52316892,52316892,1782868205773416,True,True
31644746,0.04950000,3793.20000000,52316893,52316896,1782868217153730,True,True
31644747,0.04950000,7824.90000000,52316897,52316899,1782868217836763,False,True
31644748,0.04950000,473.80000000,52316900,52316900,1782868217868936,False,True
31644749,0.04960000,3832.00000000,52316901,52316903,1782868217874554,False,True
31644750,0.04960000,1231.20000000,52316904,52316904,1782868218229226,False,True
31644751,0.04950000,249.10000000,52316905,52316905,1782868220779965,True,True
31644752,0.04950000,308.60000000,52316906,52316906,1782868227899556,True,True
31644753,0.04950000,500.00000000,52316907,52316907,1782868234567612,False,True
31644754,0.04940000,2129.30000000,52316908,52316912,1782868238542578,True,True
31644755,0.04940000,1543.20000000,52316913,52316913,1782868239861926,False,True
31644756,0.04950000,1557.20000000,52316914,52316915,1782868240289197,False,True
31644757,0.04940000,432.10000000,52316916,52316916,1782868240782084,True,True
31644758,0.04940000,308.60000000,52316917,52316917,1782868241077525,True,True
31644759,0.04930000,1000.00000000,52316918,52316919,1782868241358427,True,True
31644760,0.04950000,2505.90000000,52316920,52316920,1782868241626889,False,True
31644761,0.04950000,2546.50000000,52316921,52316921,1782868241655262,False,True
31644762,0.04950000,2546.50000000,52316922,52316922,1782868241676017,False,True
31644763,0.04940000,1543.20000000,52316923,52316923,1782868245249536,False,True
31644764,0.04950000,16.00000000,52316924,52316924,1782868245249536,False,True
31644765,0.04950000,1512.00000000,52316925,52316926,1782868245696827,False,True
31644766,0.04940000,202.80000000,52316927,52316927,1782868255997377,False,True
31644767,0.04940000,6878.20000000,52316928,52316929,1782868263976567,False,True
31644768,0.04940000,202.60000000,52316930,52316930,1782868263977828,False,True
31644769,0.04940000,12868.70000000,52316931,52316932,1782868263977855,False,True
31644770,0.04940000,953.00000000,52316933,52316934,1782868265773191,True,True
31644771,0.04940000,370.30000000,52316935,52316935,1782868276047302,True,True
31644772,0.04940000,2187.00000000,52316936,52316937,1782868288392495,False,True
31644773,0.04940000,988.30000000,52316938,52316938,1782868300786768,True,True
31644774,0.04940000,304.40000000,52316939,52316939,1782868325773257,True,True
31644775,0.04940000,419.40000000,52316940,52316942,1782868345773159,True,True
31644776,0.04940000,382.70000000,52316943,52316943,1782868351908998,True,True
31644777,0.04930000,136.90000000,52316944,52316944,1782868363020630,True,True
31644778,0.04930000,34108.10000000,52316945,52316947,1782868364637033,True,True
31644779,0.04930000,6821.60000000,52316948,52316948,1782868364643214,True,True
31644780,0.04920000,2456.40000000,52316949,52316954,1782868364657637,True,True
31644781,0.04910000,5657.10000000,52316955,52316958,1782868364657637,True,True
31644782,0.04920000,491.20000000,52316959,52316959,1782868364733654,True,True
31644783,0.04910000,2312.00000000,52316960,52316960,1782868364733654,True,True
31644784,0.04920000,1337.90000000,52316961,52316962,1782868364740583,False,True
31644785,0.04910000,521.00000000,52316963,52316963,1782868365774966,True,True
31644786,0.04910000,896.80000000,52316964,52316965,1782868365942436,True,True
31644787,0.04910000,993.20000000,52316966,52316966,1782868365968472,False,True
31644788,0.04910000,827.30000000,52316967,52316968,1782868365968898,False,True
31644789,0.04910000,726.10000000,52316969,52316969,1782868365969541,False,True
31644790,0.04920000,3581.20000000,52316970,52316971,1782868365975204,False,True
31644791,0.04910000,1543.20000000,52316972,52316972,1782868366123651,False,True
31644792,0.04920000,1003.30000000,52316973,52316973,1782868366123651,False,True
31644793,0.04920000,3143.20000000,52316974,52316974,1782868366123729,False,True
31644794,0.04920000,1543.20000000,52316975,52316975,1782868366128461,False,True
31644795,0.04920000,110.50000000,52316976,52316976,1782868367418369,False,True
31644796,0.04920000,4147.80000000,52316977,52316983,1782868367867700,False,True
31644797,0.04930000,1023.60000000,52316984,52316984,1782868367867700,False,True
31644798,0.04920000,1591.20000000,52316985,52316986,1782868368625769,False,True
31644799,0.04920000,2624.80000000,52316987,52316987,1782868369000452,False,True
31644800,0.04920000,6181.20000000,52316988,52316989,1782868369528468,False,True
31644801,0.04910000,308.60000000,52316990,52316990,1782868371330499,True,True
31644802,0.04900000,2020.70000000,52316991,52316994,1782868371330499,True,True
31644803,0.04900000,2520.60000000,52316995,52316996,1782868371330499,True,True
31644804,0.04890000,4656.00000000,52316997,52316999,1782868371330499,True,True
31644805,0.04890000,4928.90000000,52317000,52317000,1782868371331954,False,True
31644806,0.04910000,826.80000000,52317001,52317001,1782868371333482,False,True
31644807,0.04900000,5817.30000000,52317002,52317005,1782868371341848,True,True
31644808,0.04910000,2576.10000000,52317006,52317011,1782868372187921,False,True
31644809,0.04910000,509.70000000,52317012,52317012,1782868372191866,False,True
31644810,0.04910000,7722.00000000,52317013,52317014,1782868372192833,False,True
31644811,0.04900000,113.30000000,52317015,52317016,1782868372289731,True,True
31644812,0.04910000,8417.20000000,52317017,52317019,1782868372643032,False,True
31644813,0.04910000,1386.40000000,52317020,52317020,1782868373052654,False,True
31644814,0.04910000,794.60000000,52317021,52317022,1782868373067264,False,True
31644815,0.04900000,113.90000000,52317023,52317023,1782868373135117,True,True
31644816,0.04910000,2202.00000000,52317024,52317025,1782868374589969,False,True
31644817,0.04910000,3280.30000000,52317026,52317026,1782868374590622,False,True
31644818,0.04900000,1654.70000000,52317027,52317029,1782868378824136,True,True
31644819,0.04890000,2500.00000000,52317030,52317033,1782868378832379,True,True
31644820,0.04880000,4008.50000000,52317034,52317038,1782868378832379,True,True
31644821,0.04900000,3575.30000000,52317039,52317042,1782868379381579,False,True
31644822,0.04900000,7704.20000000,52317043,52317043,1782868379382065,False,True
31644823,0.04910000,58.50000000,52317044,52317044,1782868379382065,False,True
31644824,0.04900000,1543.20000000,52317045,52317045,1782868379388148,False,True
31644825,0.04910000,1573.10000000,52317046,52317047,1782868379388148,False,True
31644826,0.04900000,735.50000000,52317048,52317048,1782868380290513,False,True
31644827,0.04900000,2922.00000000,52317049,52317049,1782868380692409,False,True
31644828,0.04900000,445.70000000,52317050,52317050,1782868384138552,False,True
31644829,0.04890000,926.70000000,52317051,52317051,1782868385772585,True,True
31644830,0.04900000,500.00000000,52317052,52317052,1782868390790359,False,True
31644831,0.04890000,460.20000000,52317053,52317053,1782868390944510,True,True
31644832,0.04890000,408.60000000,52317054,52317055,1782868393796180,True,True
31644833,0.04880000,2900.40000000,52317056,52317059,1782868394053359,True,True
31644834,0.04880000,580.00000000,52317060,52317060,1782868394283984,True,True
31644835,0.04880000,1147.80000000,52317061,52317061,1782868394289958,False,True
31644836,0.04880000,3499.20000000,52317062,52317062,1782868395780211,False,True
31644837,0.04880000,500.00000000,52317063,52317063,1782868401067013,False,True
31644838,0.04880000,500.00000000,52317064,52317064,1782868404188485,False,True
31644839,0.04870000,249.80000000,52317065,52317066,1782868408287391,True,True
31644840,0.04890000,4439.40000000,52317067,52317071,1782868409457735,False,True
31644841,0.04900000,1378.00000000,52317072,52317072,1782868409457735,False,True
31644842,0.04890000,1882.10000000,52317073,52317074,1782868409915744,False,True
31644843,0.04880000,917.30000000,52317075,52317076,1782868410039327,True,True
31644844,0.04880000,1488.10000000,52317077,52317078,1782868410054176,True,True
31644845,0.04880000,297.60000000,52317079,52317079,1782868410056729,True,True
31644846,0.04880000,2665.00000000,52317080,52317081,1782868410408408,False,True
31644847,0.04880000,4380.00000000,52317082,52317083,1782868411361934,False,True
31644848,0.04890000,112.40000000,52317084,52317084,1782868411361934,False,True
31644849,0.04880000,426.40000000,52317085,52317086,1782868412044294,True,True
31644850,0.04880000,426.40000000,52317087,52317087,1782868412046195,True,True
31644851,0.04890000,634.20000000,52317088,52317088,1782868412647357,False,True
31644852,0.04890000,1411.60000000,52317089,52317091,1782868413519758,False,True
31644853,0.04880000,577.90000000,52317092,52317093,1782868420782129,True,True
31644854,0.04880000,387.40000000,52317094,52317094,1782868421840443,True,True
31644855,0.04880000,2091.00000000,52317095,52317097,1782868422432914,False,True
31644856,0.04880000,30.40000000,52317098,52317098,1782868422455745,False,True
31644857,0.04890000,2091.00000000,52317099,52317100,1782868422455745,False,True
31644858,0.04880000,1543.20000000,52317101,52317101,1782868422942486,False,True
31644859,0.04890000,5.10000000,52317102,52317102,1782868422942486,False,True
31644860,0.04890000,655.10000000,52317103,52317103,1782868428349838,False,True
31644861,0.04890000,541.90000000,52317104,52317105,1782868428807442,False,True
31644862,0.04900000,888.30000000,52317106,52317110,1782868428807442,False,True
31644863,0.04910000,1328.70000000,52317111,52317112,1782868437574643,False,True
31644864,0.04920000,783.30000000,52317113,52317114,1782868440861107,False,True
31644865,0.04930000,8710.30000000,52317115,52317117,1782868441723039,False,True
31644866,0.04930000,304.20000000,52317118,52317118,1782868445773280,True,True
31644867,0.04930000,989.80000000,52317119,52317120,1782868446679725,True,True
31644868,0.04930000,197.90000000,52317121,52317121,1782868447058678,True,True
31644869,0.04920000,1988.70000000,52317122,52317124,1782868447406917,True,True
31644870,0.04910000,654.20000000,52317125,52317125,1782868447406917,True,True
31644871,0.04920000,1940.90000000,52317126,52317127,1782868447433067,True,True
31644872,0.04910000,3531.40000000,52317128,52317130,1782868447433067,True,True
31644873,0.04920000,388.10000000,52317131,52317131,1782868449150375,True,True
31644874,0.04910000,202.60000000,52317132,52317132,1782868453514196,True,True
31644875,0.04910000,1989.10000000,52317133,52317135,1782868454423170,True,True
31644876,0.04910000,125.00000000,52317136,52317136,1782868454439380,False,True
31644877,0.04920000,331.00000000,52317137,52317137,1782868465588965,True,True
31644878,0.04920000,268.60000000,52317138,52317138,1782868488084863,False,True
31644879,0.04920000,3241.40000000,52317139,52317139,1782868501286594,False,True
31644880,0.04920000,408.10000000,52317140,52317140,1782868501287410,False,True
31644881,0.04930000,1394.40000000,52317141,52317142,1782868511107271,False,True
31644882,0.04930000,308.60000000,52317143,52317143,1782868513704277,True,True
31644883,0.04940000,114.40000000,52317144,52317144,1782868521743055,False,True
31644884,0.04940000,687.40000000,52317145,52317146,1782868557651539,True,True
31644885,0.04940000,137.40000000,52317147,52317147,1782868570676997,True,True
31644886,0.04930000,1474.00000000,52317148,52317148,1782868570676997,True,True
31644887,0.04930000,722.40000000,52317149,52317151,1782868580409062,True,True
31644888,0.04930000,144.40000000,52317152,52317152,1782868608555659,True,True
31644889,0.04920000,2927.10000000,52317153,52317155,1782868608555659,True,True
31644890,0.04910000,5043.70000000,52317156,52317158,1782868608555659,True,True
31644891,0.04910000,260.00000000,52317159,52317159,1782868610286642,True,True
31644892,0.04930000,520.20000000,52317160,52317160,1782868630383267,False,True
31644893,0.04930000,1266.00000000,52317161,52317162,1782868630429116,False,True
31644894,0.04930000,1786.00000000,52317163,52317165,1782868630433707,False,True
31644895,0.04920000,2271.60000000,52317166,52317168,1782868640571869,True,True
31644896,0.04920000,680.70000000,52317169,52317169,1782868654707720,True,True
31644897,0.04910000,1000.00000000,52317170,52317174,1782868664505235,True,True
31644898,0.04920000,1790.20000000,52317175,52317175,1782868665448502,False,True
31644899,0.04920000,1788.80000000,52317176,52317176,1782868665459092,False,True
31644900,0.04920000,11082.60000000,52317177,52317178,1782868665465904,False,True
31644901,0.04920000,2237.40000000,52317179,52317179,1782868665493475,False,True
31644902,0.04920000,572.20000000,52317180,52317180,1782868665494492,False,True
31644903,0.04920000,203.40000000,52317181,52317181,1782868665495549,False,True
31644904,0.04920000,883.60000000,52317182,52317182,1782868665517667,False,True
31644905,0.04920000,1384.20000000,52317183,52317184,1782868665533998,False,True
31644906,0.04920000,319.30000000,52317185,52317185,1782868665534599,False,True
31644907,0.04920000,5181.20000000,52317186,52317186,1782868684081922,False,True
31644908,0.04920000,537.90000000,52317187,52317187,1782868684083501,False,True
31644909,0.04920000,883.00000000,52317188,52317188,1782868684087253,False,True
31644910,0.04920000,1241.00000000,52317189,52317189,1782868684089071,False,True
31644911,0.04920000,738.60000000,52317190,52317191,1782868684090167,False,True
31644912,0.04920000,361.20000000,52317192,52317192,1782868684090490,False,True
31644913,0.04920000,4247.50000000,52317193,52317195,1782868692085575,True,True
31644914,0.04920000,203.00000000,52317196,52317196,1782868697535503,True,True
31644915,0.04920000,329.70000000,52317197,52317198,1782868705268299,True,True
31644916,0.04930000,114.60000000,52317199,52317199,1782868749765432,False,True
31644917,0.04940000,1657.80000000,52317200,52317201,1782868810665601,False,True
31644918,0.04950000,2896.70000000,52317202,52317205,1782868810665601,False,True
31644919,0.04940000,9151.20000000,52317206,52317209,1782868821222256,True,True
31644920,0.04940000,5122.80000000,52317210,52317212,1782868903581344,True,True
31644921,0.04940000,1024.50000000,52317213,52317213,1782868903582536,True,True
31644922,0.04940000,5122.80000000,52317214,52317216,1782868920217197,True,True
31644923,0.04940000,8625.80000000,52317217,52317220,1782868960011248,True,True
31644924,0.04940000,5122.80000000,52317221,52317223,1782868981783220,True,True
31644925,0.04930000,6250.20000000,52317224,52317228,1782868991444403,True,True
31644926,0.04920000,5547.90000000,52317229,52317231,1782869087979659,True,True
31644927,0.04920000,1525.00000000,52317232,52317232,1782869088608540,False,True
31644928,0.04920000,128.90000000,52317233,52317234,1782869092465330,False,True
31644929,0.04920000,1189.50000000,52317235,52317235,1782869103493126,False,True
31644930,0.04920000,1949.20000000,52317236,52317236,1782869103493500,False,True
31644931,0.04920000,19600.00000000,52317237,52317239,1782869103496928,False,True
31644932,0.04920000,9800.00000000,52317240,52317242,1782869103497188,False,True
31644933,0.04920000,8365.90000000,52317243,52317245,1782869103497833,False,True
31644934,0.04930000,29400.00000000,52317246,52317250,1782869113493154,False,True
31644935,0.04930000,4629.60000000,52317251,52317252,1782869113493432,False,True
31644936,0.04930000,202.70000000,52317253,52317253,1782869113496240,False,True
31644937,0.04930000,591.30000000,52317254,52317255,1782869114942029,True,True
31644938,0.04930000,118.20000000,52317256,52317256,1782869114945352,True,True
31644939,0.04930000,5122.80000000,52317257,52317259,1782869200683646,True,True
31644940,0.04930000,308.60000000,52317260,52317260,1782869221284787,True,True
31644941,0.04930000,4814.20000000,52317261,52317263,1782869236590195,True,True
31644942,0.04930000,962.80000000,52317264,52317264,1782869236609846,True,True
31644943,0.04940000,18087.60000000,52317265,52317268,1782869388066645,False,True
31644944,0.04940000,117.80000000,52317269,52317269,1782869388076670,False,True
31644945,0.04940000,591.30000000,52317270,52317270,1782869388091433,False,True
31644946,0.04940000,6666.00000000,52317271,52317274,1782869392250524,True,True
31644947,0.04930000,3936.30000000,52317275,52317279,1782869392250524,True,True
31644948,0.04920000,2285.30000000,52317280,52317283,1782869392250524,True,True
31644949,0.04940000,1333.20000000,52317284,52317284,1782869392253868,True,True
31644950,0.04930000,242.80000000,52317285,52317285,1782869392255126,True,True
31644951,0.04940000,242.80000000,52317286,52317286,1782869392255258,True,True
31644952,0.04940000,5123.70000000,52317287,52317290,1782869401712562,True,True
31644953,0.04950000,114.10000000,52317291,52317291,1782869468064119,False,True
31644954,0.04950000,5179.10000000,52317292,52317295,1782869492081051,True,True
31644955,0.04940000,1303.30000000,52317296,52317298,1782869513757070,True,True
31644956,0.04940000,6073.20000000,52317299,52317300,1782869520621327,False,True
31644957,0.04940000,645.10000000,52317301,52317301,1782869520621396,False,True
31644958,0.04940000,2319.00000000,52317302,52317302,1782869520641990,False,True
31644959,0.04940000,5122.80000000,52317303,52317305,1782869661107257,True,True
31644960,0.04940000,3781.10000000,52317306,52317308,1782869751868376,True,True
31644961,0.04950000,105.80000000,52317309,52317309,1782869926999451,False,True
31644962,0.04950000,8.30000000,52317310,52317310,1782869935689316,False,True
31644963,0.04960000,9995.70000000,52317311,52317313,1782869935689316,False,True
31644964,0.04960000,53540.50000000,52317314,52317314,1782869935692190,False,True
31644965,0.04960000,461.90000000,52317315,52317315,1782869935693348,False,True
31644966,0.04960000,9533.80000000,52317316,52317316,1782869935693368,False,True
31644967,0.04970000,1008.40000000,52317317,52317317,1782869935716243,False,True
31644968,0.04970000,648.40000000,52317318,52317319,1782869935728204,False,True
31644969,0.04980000,1366.30000000,52317320,52317320,1782869935728204,False,True
31644970,0.04980000,2013.70000000,52317321,52317323,1782869935729001,False,True
31644971,0.04970000,1543.20000000,52317324,52317324,1782869935730479,False,True
31644972,0.04980000,472.00000000,52317325,52317325,1782869935730479,False,True
31644973,0.04980000,2015.90000000,52317326,52317328,1782869935739236,False,True
31644974,0.04980000,822.80000000,52317329,52317329,1782869935745458,False,True
31644975,0.04980000,1192.50000000,52317330,52317330,1782869935748198,True,True
31644976,0.04980000,219.90000000,52317331,52317331,1782869935749764,True,True
31644977,0.04980000,18.60000000,52317332,52317332,1782869935751294,True,True
31644978,0.04990000,1005.70000000,52317333,52317333,1782869935757818,False,True
31644979,0.04990000,2012.50000000,52317334,52317336,1782869935770947,False,True
31644980,0.04990000,2013.40000000,52317337,52317337,1782869935773378,False,True
31644981,0.04990000,2012.70000000,52317338,52317338,1782869935776919,False,True
31644982,0.04990000,1543.20000000,52317339,52317339,1782869935788356,False,True
31644983,0.05000000,465.90000000,52317340,52317340,1782869935788356,False,True
31644984,0.04990000,150.50000000,52317341,52317341,1782869935808402,False,True
31644985,0.04990000,149.60000000,52317342,52317342,1782869935847529,False,True
31644986,0.04980000,763.00000000,52317343,52317344,1782869935856883,True,True
31644987,0.04980000,461.20000000,52317345,52317345,1782869935859908,True,True
31644988,0.04970000,6874.50000000,52317346,52317350,1782869941805700,True,True
31644989,0.04970000,1374.90000000,52317351,52317351,1782869941808276,True,True
31644990,0.04980000,113.30000000,52317352,52317352,1782869946596450,False,True
31644991,0.04990000,160.60000000,52317353,52317353,1782869948172425,False,True
31644992,0.04990000,113.10000000,52317354,52317354,1782869969491802,False,True
31644993,0.04990000,132.50000000,52317355,52317355,1782869972085139,True,True
31644994,0.04990000,3827.90000000,52317356,52317356,1782869972086460,True,True
31644995,0.04990000,192.90000000,52317357,52317357,1782869972684619,True,True
31644996,0.04990000,115.70000000,52317358,52317358,1782869972686850,True,True
31644997,0.04990000,105.10000000,52317359,52317359,1782869996172121,True,True
31644998,0.04990000,203.50000000,52317360,52317360,1782869998024192,True,True
31644999,0.04980000,1543.20000000,52317361,52317361,1782870001299519,True,True
31645000,0.04980000,192.90000000,52317362,52317362,1782870013784623,True,True
31645001,0.04980000,192.90000000,52317363,52317363,1782870013784858,True,True
31645002,0.04980000,370.30000000,52317364,52317365,1782870013787516,True,True
31645003,0.04970000,2845.50000000,52317366,52317369,1782870047783160,True,True
31645004,0.04960000,4472.00000000,52317370,52317373,1782870047783160,True,True
31645005,0.04980000,418.50000000,52317374,52317374,1782870054804270,False,True
31645006,0.04980000,6155.20000000,52317375,52317379,1782870088913506,True,True
31645007,0.04980000,2245.90000000,52317380,52317381,1782870104537238,True,True
31645008,0.04970000,6653.20000000,52317382,52317387,1782870138960252,True,True
31645009,0.04970000,1169.00000000,52317388,52317390,1782870199714592,True,True
31645010,0.04960000,1656.30000000,52317391,52317392,1782870199714592,True,True
31645011,0.04950000,2837.30000000,52317393,52317395,1782870199714592,True,True
31645012,0.04970000,233.80000000,52317396,52317396,1782870199717267,True,True
31645013,0.04970000,8013.70000000,52317397,52317397,1782870212588573,False,True
31645014,0.04970000,19600.00000000,52317398,52317401,1782870212590044,False,True
31645015,0.04970000,12627.30000000,52317402,52317403,1782870212599886,False,True
31645016,0.04960000,4874.80000000,52317404,52317408,1782870260773330,True,True
31645017,0.04960000,5676.90000000,52317409,52317413,1782870322089793,True,True
31645018,0.04970000,419.30000000,52317414,52317414,1782870333308589,False,True
31645019,0.04970000,4906.20000000,52317415,52317419,1782870383758980,True,True
31645020,0.04970000,1402.20000000,52317420,52317421,1782870389332300,True,True
31645021,0.04960000,6826.10000000,52317422,52317426,1782870440473537,True,True
31645022,0.04950000,4665.50000000,52317427,52317432,1782870440473537,True,True
31645023,0.04960000,2908.40000000,52317433,52317434,1782870440632563,True,True
31645024,0.04960000,581.60000000,52317435,52317435,1782870442275456,True,True
31645025,0.04960000,4076.70000000,52317436,52317437,1782870443539153,True,True
31645026,0.04960000,699.00000000,52317438,52317438,1782870443540232,True,True
31645027,0.04950000,4765.20000000,52317439,52317443,1782870534304259,True,True
31645028,0.04950000,2754.90000000,52317444,52317445,1782870534306353,True,True
31645029,0.04950000,4511.30000000,52317446,52317447,1782870538234496,True,True
31645030,0.04950000,1537.00000000,52317448,52317448,1782870539856085,False,True
31645031,0.04940000,4173.60000000,52317449,52317453,1782870584373555,True,True
31645032,0.04940000,2778.40000000,52317454,52317455,1782870612245494,True,True
31645033,0.04940000,555.60000000,52317456,52317456,1782870612601108,True,True
31645034,0.04940000,2430.30000000,52317457,52317458,1782870613149137,False,True
31645035,0.04940000,1559.40000000,52317459,52317460,1782870613656590,False,True
31645036,0.04940000,1.20000000,52317461,52317461,1782870613852301,False,True
31645037,0.04950000,498.80000000,52317462,52317462,1782870613852301,False,True
31645038,0.04940000,853.80000000,52317463,52317464,1782870671009276,True,True
31645039,0.04940000,170.70000000,52317465,52317465,1782870671013085,True,True
31645040,0.04940000,1540.10000000,52317466,52317466,1782870674402463,False,True
31645041,0.04950000,114.10000000,52317467,52317467,1782870766454715,False,True
31645042,0.04960000,113.90000000,52317468,52317468,1782870841290066,False,True
31645043,0.04970000,16210.00000000,52317469,52317471,1782870952982733,False,True
31645044,0.04970000,5122.80000000,52317472,52317474,1782870972488887,True,True
31645045,0.04970000,3685.60000000,52317475,52317477,1782870989181734,True,True
31645046,0.04970000,2980.40000000,52317478,52317479,1782871002775586,True,True
31645047,0.04970000,3278.50000000,52317480,52317481,1782871040490759,True,True
31645048,0.04970000,1752.10000000,52317482,52317483,1782871047039226,True,True
31645049,0.04970000,276.60000000,52317484,52317485,1782871047046050,True,True
31645050,0.04970000,4770.90000000,52317486,52317488,1782871063464812,True,True
31645051,0.04970000,1806.10000000,52317489,52317490,1782871089891138,False,True
31645052,0.04960000,703.40000000,52317491,52317492,1782871095773299,True,True
31645053,0.04950000,3591.40000000,52317493,52317497,1782871100325998,True,True
31645054,0.04960000,9607.70000000,52317498,52317499,1782871178196612,False,True
31645055,0.04960000,308.60000000,52317500,52317500,1782871179037533,True,True
31645056,0.04960000,2061.40000000,52317501,52317503,1782871179049673,False,True
31645057,0.04960000,403.10000000,52317504,52317504,1782871179051477,True,True
31645058,0.04960000,403.10000000,52317505,52317505,1782871179051744,True,True
31645059,0.04970000,6739.40000000,52317506,52317511,1782871184053790,False,True
31645060,0.04970000,543.20000000,52317512,52317512,1782871184054969,True,True
31645061,0.04970000,543.20000000,52317513,52317513,1782871184055029,True,True
31645062,0.04970000,27.20000000,52317514,52317514,1782871184055090,True,True
31645063,0.04970000,6447.70000000,52317515,52317518,1782871184067735,False,True
31645064,0.04970000,2094.30000000,52317519,52317519,1782871184069065,True,True
31645065,0.04970000,418.80000000,52317520,52317520,1782871184071488,True,True
31645066,0.04970000,2819.50000000,52317521,52317523,1782871184131934,False,True
31645067,0.04970000,1543.20000000,52317524,52317524,1782871184132704,False,True
31645068,0.04970000,136.70000000,52317525,52317525,1782871184179655,True,True
31645069,0.04970000,136.80000000,52317526,52317526,1782871184179729,True,True
31645070,0.04970000,2630.20000000,52317527,52317529,1782871184191353,False,True
31645071,0.04970000,256.40000000,52317530,52317530,1782871184196862,True,True
31645072,0.04970000,256.40000000,52317531,52317531,1782871184196975,True,True
31645073,0.04970000,251.80000000,52317532,52317532,1782871184246177,True,True
31645074,0.04970000,251.80000000,52317533,52317533,1782871184246181,True,True
31645075,0.04970000,475.40000000,52317534,52317534,1782871184247527,True,True
31645076,0.04970000,266.20000000,52317535,52317535,1782871184262439,True,True
31645077,0.04970000,266.30000000,52317536,52317536,1782871184262540,True,True
31645078,0.04970000,1543.20000000,52317537,52317537,1782871184274422,False,True
31645079,0.04970000,602.30000000,52317538,52317538,1782871184275658,True,True
31645080,0.04970000,602.40000000,52317539,52317539,1782871184276424,True,True
31645081,0.04970000,403.00000000,52317540,52317540,1782871184277873,True,True
31645082,0.04970000,146.50000000,52317541,52317541,1782871184278197,True,True
31645083,0.04970000,517.60000000,52317542,52317542,1782871184306065,True,True
31645084,0.04970000,1025.60000000,52317543,52317543,1782871184307144,True,True
31645085,0.04970000,102.50000000,52317544,52317544,1782871184378194,True,True
31645086,0.04970000,115.20000000,52317545,52317545,1782871184477677,True,True
31645087,0.04970000,217.60000000,52317546,52317546,1782871184479080,True,True
31645088,0.04970000,274.80000000,52317547,52317547,1782871184679171,True,True
31645089,0.04970000,1451.20000000,52317548,52317550,1782871184737015,True,True
31645090,0.04970000,1451.20000000,52317551,52317552,1782871186743895,True,True
31645091,0.04980000,15868.00000000,52317553,52317557,1782871191745949,False,True
31645092,0.04980000,113.30000000,52317558,52317558,1782871191749338,True,True
31645093,0.04980000,3081.50000000,52317559,52317560,1782871191761841,False,True
31645094,0.04980000,1451.20000000,52317561,52317561,1782871193266740,True,True
31645095,0.04990000,4380.00000000,52317562,52317563,1782871196764199,False,True
31645096,0.04990000,701.40000000,52317564,52317564,1782871196765383,True,True
31645097,0.04990000,701.40000000,52317565,52317565,1782871196765394,True,True
31645098,0.04990000,14.50000000,52317566,52317566,1782871196765450,True,True
31645099,0.04990000,268.90000000,52317567,52317567,1782871196766557,True,True
31645100,0.04990000,2101.10000000,52317568,52317569,1782871196778616,False,True
31645101,0.04990000,502.20000000,52317570,52317570,1782871196846149,True,True
31645102,0.04990000,489.90000000,52317571,52317571,1782871196846368,True,True
31645103,0.04990000,102.20000000,52317572,52317572,1782871196846373,True,True
31645104,0.04990000,116.60000000,52317573,52317573,1782871196950725,True,True
31645105,0.04980000,116.60000000,52317574,52317575,1782871196950881,True,True
31645106,0.04990000,1543.20000000,52317576,52317576,1782871196962820,False,True
31645107,0.04990000,1000.00000000,52317577,52317577,1782871196965521,True,True
31645108,0.04990000,422.40000000,52317578,52317579,1782871197213273,True,True
31645109,0.04990000,370.00000000,52317580,52317580,1782871197214455,True,True
31645110,0.04990000,500.40000000,52317581,52317581,1782871197861132,True,True
31645111,0.04990000,1451.20000000,52317582,52317584,1782871198335399,True,True
31645112,0.04990000,2182.00000000,52317585,52317585,1782871199025789,True,True
31645113,0.04990000,3222.80000000,52317586,52317588,1782871199027591,True,True
31645114,0.04990000,4701.10000000,52317589,52317591,1782871199039717,False,True
31645115,0.04990000,541.00000000,52317592,52317592,1782871199040945,True,True
31645116,0.04990000,541.00000000,52317593,52317593,1782871199041008,True,True
31645117,0.04990000,12.30000000,52317594,52317594,1782871199041284,True,True
31645118,0.04990000,218.70000000,52317595,52317596,1782871201227868,True,True
31645119,0.04990000,1531.00000000,52317597,52317597,1782871201228302,True,True
31645120,0.04990000,349.90000000,52317598,52317598,1782871201237429,True,True
31645121,0.04990000,4537.80000000,52317599,52317602,1782871201249585,False,True
31645122,0.04990000,1451.20000000,52317603,52317604,1782871202340358,True,True
31645123,0.04990000,1713.80000000,52317605,52317606,1782871203979085,True,True
31645124,0.04990000,1451.20000000,52317607,52317608,1782871204342709,True,True
31645125,0.04990000,527.50000000,52317609,52317609,1782871207983749,True,True
31645126,0.04980000,2086.10000000,52317610,52317612,1782871207989058,True,True
31645127,0.04970000,4953.20000000,52317613,52317618,1782871207989058,True,True
31645128,0.04960000,978.30000000,52317619,52317619,1782871207989058,True,True
31645129,0.04980000,417.20000000,52317620,52317620,1782871207994706,True,True
31645130,0.04960000,5314.10000000,52317621,52317628,1782871207994706,True,True
31645131,0.04960000,2286.30000000,52317629,52317629,1782871207995754,False,True
31645132,0.04970000,4249.10000000,52317630,52317634,1782871207998713,True,True
31645133,0.04960000,2613.40000000,52317635,52317636,1782871207998713,True,True
31645134,0.04980000,132.90000000,52317637,52317637,1782871207998952,False,True
31645135,0.04970000,1156.70000000,52317638,52317640,1782871208028434,True,True
31645136,0.04970000,245.50000000,52317641,52317641,1782871208057722,True,True
31645137,0.04980000,28761.00000000,52317642,52317647,1782871213030742,False,True
31645138,0.04980000,602.40000000,52317648,52317648,1782871213032067,True,True
31645139,0.04980000,602.40000000,52317649,52317649,1782871213032152,True,True
31645140,0.04980000,602.40000000,52317650,52317651,1782871213032421,True,True
31645141,0.04990000,34766.80000000,52317652,52317660,1782871218034298,False,True
31645142,0.04990000,1113.10000000,52317661,52317661,1782871218035570,True,True
31645143,0.04990000,541.00000000,52317662,52317662,1782871218035579,True,True
31645144,0.04990000,541.00000000,52317663,52317663,1782871218035582,True,True
31645145,0.04990000,461.20000000,52317664,52317664,1782871218035854,True,True
31645146,0.04990000,220.40000000,52317665,52317665,1782871218036786,True,True
31645147,0.04990000,200.20000000,52317666,52317666,1782871218036855,True,True
31645148,0.04990000,110.60000000,52317667,52317667,1782871218037696,True,True
31645149,0.05000000,224.80000000,52317668,52317669,1782871221253556,False,True
31645150,0.05000000,2817.30000000,52317670,52317673,1782871221260325,True,True
31645151,0.05000000,1265.40000000,52317674,52317675,1782871221803770,True,True
31645152,0.05000000,289.50000000,52317676,52317676,1782871222296459,True,True
31645153,0.05000000,112.00000000,52317677,52317677,1782871222421447,True,True
31645154,0.05000000,4756.40000000,52317678,52317680,1782871227178328,True,True
31645155,0.05000000,1543.20000000,52317681,52317681,1782871227190503,False,True
31645156,0.05000000,924.90000000,52317682,52317682,1782871228555691,True,True
31645157,0.05000000,479.90000000,52317683,52317683,1782871228556382,True,True
31645158,0.05000000,479.90000000,52317684,52317684,1782871228556426,True,True
31645159,0.05000000,1543.20000000,52317685,52317685,1782871228568698,False,True
31645160,0.05000000,479.80000000,52317686,52317686,1782871230367978,True,True
31645161,0.05000000,479.80000000,52317687,52317687,1782871230368064,True,True
31645162,0.05000000,1179.00000000,52317688,52317688,1782871230372073,True,True
31645163,0.05000000,219.40000000,52317689,52317689,1782871230456519,True,True
31645164,0.05000000,1762.60000000,52317690,52317691,1782871230468923,False,True
31645165,0.05000000,388.00000000,52317692,52317692,1782871230472224,True,True
31645166,0.05010000,15239.10000000,52317693,52317696,1782871235475051,False,True
31645167,0.05010000,2012.80000000,52317697,52317697,1782871236016777,False,True
31645168,0.05000000,2020.90000000,52317698,52317700,1782871292851697,False,True
31645169,0.04990000,450.10000000,52317701,52317702,1782871294749901,True,True
31645170,0.04990000,4528.50000000,52317703,52317705,1782871327557820,True,True
31645171,0.04990000,636.90000000,52317706,52317706,1782871327571365,True,True
31645172,0.05000000,2010.10000000,52317707,52317707,1782871353237149,False,True
31645173,0.05000000,3960.40000000,52317708,52317708,1782871362958665,True,True
31645174,0.04990000,4072.70000000,52317709,52317710,1782871408371743,True,True
31645175,0.04990000,2010.10000000,52317711,52317712,1782871409885645,False,True
31645176,0.04990000,1343.70000000,52317713,52317713,1782871450117479,True,True
31645177,0.04990000,2182.00000000,52317714,52317714,1782871450120315,True,True
31645178,0.04990000,434.70000000,52317715,52317715,1782871450137218,True,True
31645179,0.04990000,1559.70000000,52317716,52317716,1782871469953471,False,True
31645180,0.04980000,5130.90000000,52317717,52317721,1782871568097918,True,True
31645181,0.04980000,1670.20000000,52317722,52317723,1782871592372353,False,True
31645182,0.04980000,4597.60000000,52317724,52317726,1782871600374099,True,True
31645183,0.04970000,170.10000000,52317727,52317727,1782871630913357,True,True
31645184,0.04970000,750.10000000,52317728,52317729,1782871761814740,True,True
31645185,0.04970000,539.60000000,52317730,52317730,1782871769181564,False,True
31645186,0.04970000,793.70000000,52317731,52317733,1782871769182711,False,True
31645187,0.04970000,6334.90000000,52317734,52317737,1782871910031777,True,True
31645188,0.04970000,11549.20000000,52317738,52317738,1782871910033077,False,True
31645189,0.04980000,98041.70000000,52317739,52317752,1782871991172699,False,True
31645190,0.04990000,277.20000000,52317753,52317754,1782871991198428,False,True
31645191,0.04990000,3673.30000000,52317755,52317755,1782871991224119,False,True
31645192,0.05000000,529.60000000,52317756,52317757,1782872140282465,False,True
31645193,0.05010000,1543.20000000,52317758,52317758,1782872146232368,False,True
31645194,0.05010000,1769.60000000,52317759,52317760,1782872146545534,True,True
31645195,0.05000000,32.90000000,52317761,52317761,1782872146545534,True,True
31645196,0.05010000,1278.30000000,52317762,52317762,1782872147451103,True,True
31645197,0.05010000,3960.40000000,52317763,52317763,1782872148087224,True,True
31645198,0.05000000,120.60000000,52317764,52317764,1782872205020881,True,True
31645199,0.05010000,199.60000000,52317765,52317765,1782872227127345,False,True
31645200,0.05000000,6555.20000000,52317766,52317768,1782872367328249,True,True
31645201,0.05000000,3253.90000000,52317769,52317770,1782872400286784,False,True
31645202,0.05010000,1500.00000000,52317771,52317772,1782872490695180,False,True
31645203,0.05020000,112.80000000,52317773,52317773,1782872629359098,False,True
31645204,0.05020000,1657.30000000,52317774,52317775,1782872630737282,True,True
31645205,0.05020000,4903.60000000,52317776,52317777,1782872651505195,True,True
31645206,0.05010000,4072.20000000,52317778,52317779,1782872771013606,True,True
31645207,0.05020000,11073.50000000,52317780,52317781,1782872903344266,False,True
31645208,0.05020000,4.20000000,52317782,52317782,1782872903344357,False,True
31645209,0.05020000,2968.90000000,52317783,52317783,1782872927978471,True,True
31645210,0.05020000,991.50000000,52317784,52317784,1782872927979785,True,True
31645211,0.05010000,7605.80000000,52317785,52317787,1782873009844459,True,True
31645212,0.05000000,2770.70000000,52317788,52317791,1782873009844706,True,True
31645213,0.05010000,3960.40000000,52317792,52317792,1782873109759729,True,True
31645214,0.05000000,7669.60000000,52317793,52317795,1782873177874604,True,True
31645215,0.05010000,334.80000000,52317796,52317797,1782873359455404,False,True
31645216,0.05020000,112.30000000,52317798,52317798,1782873527724187,False,True
31645217,0.05010000,4072.20000000,52317799,52317800,1782873652879435,True,True
31645218,0.05020000,112.30000000,52317801,52317801,1782873812069674,False,True
31645219,0.05030000,10534.60000000,52317802,52317803,1782873842540163,False,True
31645220,0.05020000,1768.60000000,52317804,52317805,1782873843278325,True,True
31645221,0.05020000,1746.40000000,52317806,52317806,1782873843341440,True,True
31645222,0.05020000,2100.20000000,52317807,52317808,1782873980576168,True,True
31645223,0.05010000,1543.20000000,52317809,52317809,1782873985238746,True,True
31645224,0.05010000,3162.10000000,52317810,52317811,1782874094209762,False,True
31645225,0.05010000,385.30000000,52317812,52317812,1782874094249559,False,True
31645226,0.05010000,237.80000000,52317813,52317813,1782874094274670,False,True
31645227,0.05010000,1914.80000000,52317814,52317815,1782874094764176,False,True
31645228,0.05010000,553.50000000,52317816,52317816,1782874094764691,False,True
31645229,0.05010000,1247.10000000,52317817,52317817,1782874094812012,False,True
31645230,0.05000000,1521.00000000,52317818,52317819,1782874203486637,True,True
31645231,0.05000000,2182.00000000,52317820,52317820,1782874371083222,False,True
31645232,0.05000000,20418.70000000,52317821,52317827,1782874371084339,False,True
31645233,0.05010000,427.30000000,52317828,52317828,1782874641269980,False,True
31645234,0.05010000,1120.20000000,52317829,52317830,1782874663502432,False,True
31645235,0.05010000,316.80000000,52317831,52317832,1782874667099178,False,True
31645236,0.05010000,330.30000000,52317833,52317833,1782874707880393,False,True
31645237,0.05010000,535.30000000,52317834,52317834,1782874711102906,False,True
31645238,0.05010000,3983.60000000,52317835,52317836,1782874722395878,False,True
31645239,0.05010000,3983.20000000,52317837,52317839,1782874725925154,False,True
31645240,0.05010000,3983.20000000,52317840,52317841,1782874728941995,False,True
31645241,0.05010000,134.30000000,52317842,52317842,1782874728943523,False,True
31645242,0.05010000,198.90000000,52317843,52317843,1782874728944633,False,True
31645243,0.05010000,199.80000000,52317844,52317844,1782874728944752,False,True
31645244,0.05010000,3525.80000000,52317845,52317846,1782874731944131,False,True
31645245,0.05010000,1543.20000000,52317847,52317848,1782874734782901,False,True
31645246,0.05010000,3624.90000000,52317849,52317849,1782874734785071,False,True
31645247,0.05020000,754.20000000,52317850,52317851,1782874759881188,False,True
31645248,0.05020000,323.10000000,52317852,52317852,1782874764255121,False,True
31645249,0.05020000,2024.80000000,52317853,52317854,1782874767891483,False,True
31645250,0.05020000,119.60000000,52317855,52317855,1782874958384375,False,True
31645251,0.05020000,2750.00000000,52317856,52317857,1782875060179157,False,True
31645252,0.05020000,100.00000000,52317858,52317859,1782875153145231,False,True
31645253,0.05020000,497.80000000,52317860,52317860,1782875160860587,False,True
31645254,0.05020000,2709.90000000,52317861,52317861,1782875160861870,False,True
31645255,0.05020000,506.10000000,52317862,52317862,1782875160862058,False,True
31645256,0.05020000,278.00000000,52317863,52317864,1782875160898409,False,True
31645257,0.05020000,104.40000000,52317865,52317865,1782875166355317,False,True
31645258,0.05020000,1235.90000000,52317866,52317866,1782875166357208,False,True
31645259,0.05020000,920.10000000,52317867,52317867,1782875197927545,False,True
31645260,0.05020000,791.20000000,52317868,52317868,1782875200959596,False,True
31645261,0.05020000,481.30000000,52317869,52317870,1782875200961590,False,True
31645262,0.05020000,591.60000000,52317871,52317871,1782875203160037,False,True
31645263,0.05020000,1563.00000000,52317872,52317872,1782875204138582,False,True
31645264,0.05020000,3086.40000000,52317873,52317874,1782875206396240,False,True
31645265,0.05020000,1562.90000000,52317875,52317876,1782875206448654,False,True
31645266,0.05020000,741.50000000,52317877,52317877,1782875206458229,False,True
31645267,0.05020000,879.70000000,52317878,52317878,1782875207920264,False,True
31645268,0.05020000,446.50000000,52317879,52317879,1782875208160527,False,True
31645269,0.05020000,637.10000000,52317880,52317880,1782875208261208,False,True
31645270,0.05020000,971.70000000,52317881,52317882,1782875210929579,False,True
31645271,0.05020000,423.80000000,52317883,52317883,1782875213938272,False,True
31645272,0.05020000,998.10000000,52317884,52317884,1782875217134359,False,True
31645273,0.05020000,2316.00000000,52317885,52317886,1782875220259670,False,True
31645274,0.05020000,752.70000000,52317887,52317887,1782875220263139,False,True
31645275,0.05020000,3973.30000000,52317888,52317889,1782875223263159,False,True
31645276,0.05020000,2273.70000000,52317890,52317890,1782875223264324,False,True
31645277,0.05020000,1051.00000000,52317891,52317891,1782875223266475,False,True
31645278,0.05020000,328.80000000,52317892,52317892,1782875226971194,False,True
31645279,0.05020000,1563.00000000,52317893,52317894,1782875230924191,False,True
31645280,0.05030000,13092.00000000,52317895,52317900,1782875294932049,False,True
31645281,0.05010000,9172.70000000,52317901,52317913,1782875326158958,True,True
31645282,0.05010000,7025.30000000,52317914,52317918,1782875326158962,True,True
31645283,0.05010000,331.90000000,52317919,52317919,1782875358984201,False,True
31645284,0.05000000,112.10000000,52317920,52317920,1782875365247730,True,True
31645285,0.05000000,199.50000000,52317921,52317921,1782875423426423,False,True
31645286,0.05000000,2182.00000000,52317922,52317923,1782875437388722,False,True
31645287,0.05000000,2182.00000000,52317924,52317924,1782875437478311,False,True
31645288,0.05000000,2182.00000000,52317925,52317926,1782875440878375,False,True
31645289,0.05000000,2182.00000000,52317927,52317928,1782875442979377,False,True
31645290,0.05000000,185.30000000,52317929,52317929,1782875460580786,False,True
31645291,0.05000000,1004.30000000,52317930,52317930,1782875461334383,False,True
31645292,0.05000000,1451.90000000,52317931,52317931,1782875461341539,False,True
31645293,0.05000000,1451.20000000,52317932,52317933,1782875461341664,False,True
31645294,0.05000000,786.70000000,52317934,52317934,1782875461343829,False,True
31645295,0.05000000,1055.60000000,52317935,52317935,1782875461375460,False,True
31645296,0.05000000,1113.30000000,52317936,52317936,1782875461480066,False,True
31645297,0.05000000,4187.10000000,52317937,52317939,1782875589564688,False,True
31645298,0.05000000,3395.60000000,52317940,52317941,1782875590243900,False,True
31645299,0.05000000,3409.50000000,52317942,52317943,1782875590460270,False,True
31645300,0.05000000,414.60000000,52317944,52317944,1782875590510451,False,True
31645301,0.05000000,480.10000000,52317945,52317945,1782875592748238,False,True
31645302,0.05000000,2980.10000000,52317946,52317947,1782875593452845,False,True
31645303,0.05000000,725.00000000,52317948,52317948,1782875596498721,False,True
31645304,0.05000000,336.50000000,52317949,52317949,1782875597443601,False,True
31645305,0.05000000,430.60000000,52317950,52317951,1782875599545025,False,True
31645306,0.05000000,1697.60000000,52317952,52317952,1782875600490484,False,True
31645307,0.05000000,1680.30000000,52317953,52317954,1782875601093420,False,True
31645308,0.05000000,1478.40000000,52317955,52317955,1782875602328578,False,True
31645309,0.05000000,1417.70000000,52317956,52317956,1782875602652861,False,True
31645310,0.05000000,1295.20000000,52317957,52317958,1782875603066476,False,True
31645311,0.05000000,1172.90000000,52317959,52317959,1782875603480425,False,True
31645312,0.05000000,332.10000000,52317960,52317960,1782875603505612,False,True
31645313,0.05000000,332.10000000,52317961,52317961,1782875603522374,False,True
31645314,0.05000000,332.10000000,52317962,52317962,1782875603537824,False,True
31645315,0.05000000,2328.90000000,52317963,52317964,1782875603557924,False,True
31645316,0.05000000,1143.20000000,52317965,52317965,1782875603759841,False,True
31645317,0.05000000,332.10000000,52317966,52317966,1782875603792587,False,True
31645318,0.05000000,332.10000000,52317967,52317967,1782875603820462,False,True
31645319,0.05000000,2328.90000000,52317968,52317969,1782875603857369,False,True
31645320,0.05000000,1221.50000000,52317970,52317970,1782875606083036,False,True
31645321,0.05000000,332.10000000,52317971,52317972,1782875606105609,False,True
31645322,0.05000000,332.10000000,52317973,52317973,1782875606152295,False,True
31645323,0.05000000,332.10000000,52317974,52317974,1782875606479092,False,True
31645324,0.05000000,332.10000000,52317975,52317975,1782875606507590,False,True
31645325,0.05000000,332.10000000,52317976,52317976,1782875606832868,False,True
31645326,0.05000000,332.10000000,52317977,52317977,1782875606856387,False,True
31645327,0.05000000,332.10000000,52317978,52317978,1782875606882512,False,True
31645328,0.05000000,332.10000000,52317979,52317979,1782875606907276,False,True
31645329,0.05000000,332.10000000,52317980,52317980,1782875607313614,False,True
31645330,0.05000000,2472.50000000,52317981,52317982,1782875607350457,False,True
31645331,0.05000000,1562.90000000,52317983,52317983,1782875607387550,False,True
31645332,0.05000000,1584.60000000,52317984,52317985,1782875608380716,False,True
31645333,0.05000000,1062.10000000,52317986,52317986,1782875608429377,False,True
31645334,0.05000000,1566.60000000,52317987,52317987,1782875610716956,False,True
31645335,0.05010000,162.70000000,52317988,52317988,1782875631615475,False,True
31645336,0.05000000,3231.00000000,52317989,52317989,1782875743385031,True,True
31645337,0.05000000,239.60000000,52317990,52317990,1782875743714092,False,True
31645338,0.05000000,101.60000000,52317991,52317991,1782875744658910,False,True
31645339,0.05000000,101.60000000,52317992,52317992,1782875745711193,False,True
31645340,0.05000000,101.70000000,52317993,52317993,1782875746657452,False,True
31645341,0.05000000,329.90000000,52317994,52317994,1782875748654491,False,True
31645342,0.05000000,329.90000000,52317995,52317995,1782875751700888,False,True
31645343,0.05000000,1900.60000000,52317996,52317998,1782875756740637,False,True
31645344,0.05000000,337.70000000,52317999,52317999,1782875757685944,False,True
31645345,0.05000000,337.70000000,52318000,52318000,1782875758080481,False,True
31645346,0.05000000,471.30000000,52318001,52318001,1782875760733645,False,True
31645347,0.05000000,359.80000000,52318002,52318002,1782875763674501,False,True
31645348,0.05000000,233.30000000,52318003,52318003,1782875766720930,False,True
31645349,0.05000000,488.30000000,52318004,52318004,1782875778800368,False,True
31645350,0.05000000,345.20000000,52318005,52318005,1782875781742474,False,True
31645351,0.05000000,1555.00000000,52318006,52318007,1782875800152396,False,True
31645352,0.05000000,104.90000000,52318008,52318008,1782875812829952,False,True
31645353,0.05000000,336.80000000,52318009,52318009,1782875813594522,False,True
31645354,0.05000000,336.80000000,52318010,52318010,1782875813774570,False,True
31645355,0.05000000,336.80000000,52318011,52318011,1782875813960383,False,True
31645356,0.05000000,3824.10000000,52318012,52318013,1782875814118128,False,True
31645357,0.05000000,123.90000000,52318014,52318014,1782875814808928,False,True
31645358,0.05000000,477.30000000,52318015,52318015,1782875817766497,False,True
31645359,0.05000000,2200.50000000,52318016,52318017,1782875818816735,False,True
31645360,0.05000000,614.80000000,52318018,52318018,1782875820811650,False,True
31645361,0.05000000,3460.20000000,52318019,52318020,1782875822115145,False,True
31645362,0.05000000,1008.00000000,52318021,52318021,1782875829845845,False,True
31645363,0.05000000,10544.50000000,52318022,52318025,1782875838182061,False,True
31645364,0.05000000,9749.20000000,52318026,52318029,1782875838182250,False,True
31645365,0.05000000,5967.40000000,52318030,52318030,1782875838183346,False,True
31645366,0.05010000,228.90000000,52318031,52318031,1782875838300872,False,True
31645367,0.05010000,523.00000000,52318032,52318032,1782875838878805,False,True
31645368,0.05010000,323.60000000,52318033,52318034,1782875838946477,False,True
31645369,0.05010000,334.20000000,52318035,52318036,1782875845816106,False,True
31645370,0.05010000,334.20000000,52318037,52318037,1782875846313520,False,True
31645371,0.05010000,334.20000000,52318038,52318038,1782875846865584,False,True
31645372,0.05010000,334.20000000,52318039,52318039,1782875846917324,False,True
31645373,0.05010000,3447.00000000,52318040,52318041,1782875847811025,False,True
31645374,0.05010000,1599.30000000,52318042,52318043,1782875848051515,False,True
31645375,0.05010000,5046.30000000,52318044,52318046,1782875848862184,False,True
31645376,0.05010000,5046.30000000,52318047,52318049,1782875849912018,False,True
31645377,0.05010000,5046.60000000,52318050,52318051,1782875850856968,False,True
31645378,0.05010000,3960.40000000,52318052,52318053,1782875851862928,False,True
31645379,0.05010000,1086.60000000,52318054,52318055,1782875852002360,False,True
31645380,0.05010000,148.80000000,52318056,52318056,1782875852852463,False,True
31645381,0.05010000,3597.10000000,52318057,52318058,1782875853073330,False,True
31645382,0.05010000,1300.90000000,52318059,52318059,1782875853822609,False,True
31645383,0.05000000,1543.20000000,52318060,52318060,1782875964017726,False,True
31645384,0.05010000,335.90000000,52318061,52318061,1782876033148310,False,True
31645385,0.05010000,334.50000000,52318062,52318062,1782876055110585,False,True
31645386,0.05010000,334.50000000,52318063,52318063,1782876055252019,False,True
31645387,0.05010000,334.50000000,52318064,52318064,1782876057108659,False,True
31645388,0.05010000,104.70000000,52318065,52318065,1782876057260081,False,True
31645389,0.05010000,334.50000000,52318066,52318068,1782876057381685,False,True
31645390,0.05010000,334.50000000,52318069,52318069,1782876057480894,False,True
31645391,0.05010000,334.50000000,52318070,52318070,1782876057580760,False,True
31645392,0.05010000,173.80000000,52318071,52318071,1782876057833860,False,True
31645393,0.05010000,101.50000000,52318072,52318072,1782876057924624,False,True
31645394,0.05010000,436.00000000,52318073,52318073,1782876058080403,False,True
31645395,0.05010000,334.50000000,52318074,52318074,1782876058158393,False,True
31645396,0.05010000,334.50000000,52318075,52318075,1782876058481402,False,True
31645397,0.05010000,334.50000000,52318076,52318076,1782876058580075,False,True
31645398,0.05010000,334.50000000,52318077,52318077,1782876058634203,False,True
31645399,0.05010000,334.50000000,52318078,52318078,1782876058779596,False,True
31645400,0.05010000,334.50000000,52318079,52318079,1782876059104760,False,True
31645401,0.05010000,334.50000000,52318080,52318081,1782876059379839,False,True
31645402,0.05010000,334.50000000,52318082,52318082,1782876060049505,False,True
31645403,0.05010000,3685.80000000,52318083,52318084,1782876062053499,False,True
31645404,0.05010000,669.00000000,52318085,52318085,1782876062151526,False,True
31645405,0.05010000,3395.60000000,52318086,52318087,1782876062418503,False,True
31645406,0.05010000,3597.10000000,52318088,52318089,1782876062901910,False,True
31645407,0.05010000,3533.60000000,52318090,52318092,1782876064147695,False,True
31645408,0.05010000,3460.20000000,52318093,52318093,1782876064535538,False,True
31645409,0.05010000,3824.10000000,52318094,52318095,1782876065060009,False,True
31645410,0.05010000,325.80000000,52318096,52318097,1782876065103082,False,True
31645411,0.05010000,325.80000000,52318098,52318098,1782876066142518,False,True
31645412,0.05010000,325.80000000,52318099,52318099,1782876067194659,False,True
31645413,0.05010000,325.80000000,52318100,52318100,1782876068140649,False,True
31645414,0.05010000,331.50000000,52318101,52318101,1782876084219221,False,True
31645415,0.05010000,331.50000000,52318102,52318102,1782876085163845,False,True
31645416,0.05010000,3590.70000000,52318103,52318104,1782876085268741,False,True
31645417,0.05010000,132.40000000,52318105,52318105,1782876087159577,False,True
31645418,0.05010000,478.70000000,52318106,52318106,1782876118266522,False,True
31645419,0.05010000,3226.10000000,52318107,52318108,1782876118288545,False,True
31645420,0.05010000,429.80000000,52318109,52318109,1782876119212162,False,True
31645421,0.05010000,328.30000000,52318110,52318110,1782876119240628,False,True
31645422,0.05010000,2321.90000000,52318111,52318112,1782876120158868,False,True
31645423,0.05010000,2172.80000000,52318113,52318114,1782876122260967,False,True
31645424,0.05010000,323.60000000,52318115,52318115,1782876122832340,False,True
31645425,0.05010000,1682.00000000,52318116,52318116,1782876122994191,False,True
31645426,0.05010000,1356.40000000,52318117,52318117,1782876123206276,False,True
31645427,0.05010000,1025.40000000,52318118,52318119,1782876123841676,False,True
31645428,0.05010000,323.60000000,52318120,52318120,1782876123897562,False,True
31645429,0.05010000,1771.90000000,52318121,52318121,1782876124256082,False,True
31645430,0.05010000,323.60000000,52318122,52318122,1782876124306665,False,True
31645431,0.05010000,323.60000000,52318123,52318123,1782876125201696,False,True
31645432,0.05010000,323.60000000,52318124,52318125,1782876125370461,False,True
31645433,0.05010000,323.60000000,52318126,52318126,1782876125791439,False,True
31645434,0.05010000,323.60000000,52318127,52318127,1782876126251535,False,True
31645435,0.05010000,3597.10000000,52318128,52318129,1782876126275644,False,True
31645436,0.05010000,6414.60000000,52318130,52318131,1782876127197835,False,True
31645437,0.05010000,199.40000000,52318132,52318132,1782876137904241,True,True
31645438,0.05010000,101.50000000,52318133,52318133,1782876138232443,False,True
31645439,0.05010000,101.50000000,52318134,52318134,1782876138894467,False,True
31645440,0.05010000,101.50000000,52318135,52318135,1782876140333829,False,True
31645441,0.05010000,104.70000000,52318136,52318136,1782876181305432,False,True
31645442,0.05010000,335.70000000,52318137,52318137,1782876194337972,False,True
31645443,0.05010000,327.50000000,52318138,52318138,1782876215345517,False,True
31645444,0.05010000,327.50000000,52318139,52318139,1782876216395945,False,True
31645445,0.05010000,1890.40000000,52318140,52318141,1782876222384512,False,True
31645446,0.05010000,304.70000000,52318142,52318142,1782876232362705,False,True
31645447,0.05010000,104.70000000,52318143,52318143,1782876235462486,False,True
31645448,0.05000000,1655.30000000,52318144,52318145,1782876270625898,True,True
31645449,0.04990000,638.70000000,52318146,52318147,1782876270625898,True,True
31645450,0.05010000,101.50000000,52318148,52318148,1782876310535522,False,True
31645451,0.05000000,337.30000000,52318149,52318149,1782876340592384,False,True
31645452,0.05000000,337.30000000,52318150,52318150,1782876340635931,False,True
31645453,0.05000000,1960.30000000,52318151,52318153,1782876341536723,False,True
31645454,0.05000000,1654.60000000,52318154,52318154,1782876342586484,False,True
31645455,0.05000000,426.00000000,52318155,52318155,1782876343532485,False,True
31645456,0.05000000,1088.30000000,52318156,52318156,1782876456690647,False,True
31645457,0.05000000,324.40000000,52318157,52318157,1782876474765571,False,True
31645458,0.05000000,119.90000000,52318158,52318159,1782876475469840,False,True
31645459,0.05000000,324.40000000,52318160,52318160,1782876475711700,False,True
31645460,0.05000000,101.70000000,52318161,52318161,1782876476762473,False,True
31645461,0.05000000,104.90000000,52318162,52318162,1782876478758849,False,True
31645462,0.05000000,101.70000000,52318163,52318163,1782876479705711,False,True
31645463,0.05000000,322.10000000,52318164,52318164,1782876492729714,False,True
31645464,0.04990000,2084.80000000,52318165,52318167,1782876493666690,True,True
31645465,0.05000000,460.00000000,52318168,52318168,1782876502815429,False,True
31645466,0.05000000,935.10000000,52318169,52318169,1782876517841782,False,True
31645467,0.05000000,1405.20000000,52318170,52318171,1782876521833156,False,True
31645468,0.05000000,325.00000000,52318172,52318172,1782876522779751,False,True
31645469,0.05000000,336.40000000,52318173,52318173,1782876540850580,False,True
31645470,0.05000000,336.40000000,52318174,52318174,1782876541796266,False,True
31645471,0.05000000,101.60000000,52318175,52318175,1782876542846735,False,True
31645472,0.05000000,438.10000000,52318176,52318176,1782876543792482,False,True
31645473,0.05000000,322.50000000,52318177,52318177,1782876544707991,False,True
31645474,0.05000000,322.50000000,52318178,52318178,1782876545788441,False,True
31645475,0.05000000,836.40000000,52318179,52318179,1782876545881176,False,True
31645476,0.05000000,322.50000000,52318180,52318181,1782876546362072,False,True
31645477,0.05000000,1657.30000000,52318182,52318182,1782876546380714,False,True
31645478,0.05000000,322.50000000,52318183,52318183,1782876547362948,False,True
31645479,0.05000000,3333.30000000,52318184,52318186,1782876547888717,False,True
31645480,0.05000000,386.70000000,52318187,52318187,1782876548538454,False,True
31645481,0.05000000,1004.30000000,52318188,52318188,1782876549059997,False,True
31645482,0.05000000,1004.30000000,52318189,52318189,1782876549600921,False,True
31645483,0.04990000,1902.40000000,52318190,52318191,1782876554499625,True,True
31645484,0.05000000,423.40000000,52318192,52318192,1782876556818617,False,True
31645485,0.05000000,1543.20000000,52318193,52318193,1782876560915735,False,True
31645486,0.05000000,1543.20000000,52318194,52318194,1782876625994865,True,True
31645487,0.04990000,518.50000000,52318195,52318195,1782876625994865,True,True
31645488,0.05000000,1543.20000000,52318196,52318196,1782876626966765,False,True
31645489,0.05010000,120.00000000,52318197,52318197,1782876626981055,False,True
31645490,0.05010000,5600.70000000,52318198,52318200,1782876653403855,False,True
31645491,0.05010000,1270.90000000,52318201,52318201,1782876653405302,False,True
31645492,0.05010000,10225.90000000,52318202,52318205,1782876653405426,False,True
31645493,0.05010000,1271.00000000,52318206,52318206,1782876653432309,False,True
31645494,0.05010000,228.30000000,52318207,52318208,1782876653864881,False,True
31645495,0.05010000,831.00000000,52318209,52318209,1782876653910143,False,True
31645496,0.05000000,1876.30000000,52318210,52318211,1782876676884668,True,True
31645497,0.05010000,328.20000000,52318212,52318212,1782876684056598,False,True
31645498,0.05010000,239.50000000,52318213,52318213,1782876690042157,False,True
31645499,0.05000000,2753.30000000,52318214,52318215,1782876726765894,True,True
31645500,0.04990000,1781.70000000,52318216,52318217,1782876726765894,True,True
31645501,0.05000000,101.60000000,52318218,52318218,1782876737103409,False,True
31645502,0.05000000,101.60000000,52318219,52318219,1782876738154540,False,True
31645503,0.04990000,1713.80000000,52318220,52318222,1782876738434644,True,True
31645504,0.05000000,101.60000000,52318223,52318223,1782876739100570,False,True
31645505,0.05000000,101.70000000,52318224,52318224,1782876740150932,False,True
31645506,0.05000000,1562.90000000,52318225,52318226,1782876752124811,False,True
31645507,0.05000000,337.70000000,52318227,52318227,1782876752429750,False,True
31645508,0.05000000,1562.90000000,52318228,52318228,1782876753174673,False,True
31645509,0.05000000,337.70000000,52318229,52318229,1782876754881477,False,True
31645510,0.05000000,337.70000000,52318230,52318230,1782876754907684,False,True
31645511,0.05000000,337.70000000,52318231,52318231,1782876754922610,False,True
31645512,0.05000000,337.70000000,52318232,52318233,1782876755080322,False,True
31645513,0.05000000,337.70000000,52318234,52318234,1782876755091772,False,True
31645514,0.05000000,1664.60000000,52318235,52318235,1782876755107378,False,True
31645515,0.05000000,337.70000000,52318236,52318236,1782876757164749,False,True
31645516,0.05000000,337.70000000,52318237,52318237,1782876757534227,False,True
31645517,0.05000000,337.70000000,52318238,52318238,1782876757682083,False,True
31645518,0.05000000,337.70000000,52318239,52318239,1782876757881009,False,True
31645519,0.05000000,337.70000000,52318240,52318241,1782876758083700,False,True
31645520,0.05000000,295.30000000,52318242,52318242,1782876759162014,False,True
31645521,0.05000000,337.70000000,52318243,52318243,1782876760108663,False,True
31645522,0.05000000,337.70000000,52318244,52318244,1782876760187747,False,True
31645523,0.05000000,431.40000000,52318245,52318245,1782876770195478,False,True
31645524,0.05000000,3447.90000000,52318246,52318247,1782876786162486,False,True
31645525,0.05000000,3447.90000000,52318248,52318249,1782876787212347,False,True
31645526,0.05000000,890.90000000,52318250,52318250,1782876819252805,False,True
31645527,0.05000000,905.90000000,52318251,52318251,1782876821248809,False,True
31645528,0.05000000,1411.40000000,52318252,52318253,1782876821268592,False,True
31645529,0.05000000,550.20000000,52318254,52318254,1782876821293322,False,True
31645530,0.05000000,1135.90000000,52318255,52318255,1782876831333728,False,True
31645531,0.05000000,1159.90000000,52318256,52318257,1782876835222986,False,True
31645532,0.05000000,104.90000000,52318258,52318258,1782876839217655,False,True
31645533,0.05000000,2098.90000000,52318259,52318259,1782876840268769,False,True
31645534,0.05000000,10871.40000000,52318260,52318264,1782876857285580,False,True
31645535,0.05000000,6012.00000000,52318265,52318266,1782876862407499,False,True
31645536,0.05000000,473.40000000,52318267,52318267,1782876863271461,False,True
31645537,0.05000000,331.40000000,52318268,52318269,1782876874307004,False,True
31645538,0.05000000,331.40000000,52318270,52318270,1782876874521041,False,True
31645539,0.05000000,127.80000000,52318271,52318271,1782876905304522,False,True
31645540,0.05000000,436.20000000,52318272,52318272,1782876906354787,False,True
31645541,0.05000000,101.70000000,52318273,52318273,1782876907299729,False,True
31645542,0.05000000,167.20000000,52318274,52318274,1782876910345917,False,True
31645543,0.05000000,667.50000000,52318275,52318275,1782876921376781,False,True
31645544,0.05000000,207.20000000,52318276,52318276,1782876929031435,False,True
31645545,0.05000000,207.20000000,52318277,52318277,1782876929361234,False,True
31645546,0.05000000,207.20000000,52318278,52318278,1782876933300162,False,True
31645547,0.05000000,207.20000000,52318279,52318279,1782876933354524,False,True
31645548,0.05000000,207.20000000,52318280,52318280,1782876934404780,False,True
31645549,0.05000000,207.20000000,52318281,52318281,1782876935349618,False,True
31645550,0.05000000,207.20000000,52318282,52318283,1782876936399695,False,True
31645551,0.05000000,16663.30000000,52318284,52318289,1782876956472227,False,True
31645552,0.05000000,435.40000000,52318290,52318290,1782876957416513,False,True
31645553,0.05000000,333.70000000,52318291,52318291,1782876958466702,False,True
31645554,0.05000000,333.70000000,52318292,52318292,1782876959350459,False,True
31645555,0.05000000,331.00000000,52318293,52318293,1782876968646502,False,True
31645556,0.05000000,4026.10000000,52318294,52318295,1782876969390503,False,True
31645557,0.05000000,3590.70000000,52318296,52318297,1782876970606802,False,True
31645558,0.05000000,2099.30000000,52318298,52318299,1782876971158939,False,True
31645559,0.05000000,1562.90000000,52318300,52318300,1782876971915376,False,True
31645560,0.05000000,922.10000000,52318301,52318301,1782876971934820,False,True
31645561,0.05000000,173.30000000,52318302,52318302,1782876971950597,False,True
31645562,0.05010000,702.50000000,52318303,52318304,1782876993264126,False,True
31645563,0.05010000,332.40000000,52318305,52318305,1782876993443700,False,True
31645564,0.05010000,1203.90000000,52318306,52318306,1782876993496807,False,True
31645565,0.05010000,332.40000000,52318307,52318307,1782876993878821,False,True
31645566,0.05010000,1029.20000000,52318308,52318308,1782876993904736,False,True
31645567,0.05010000,238.90000000,52318309,52318310,1782876994493456,False,True
31645568,0.05010000,238.90000000,52318311,52318311,1782876995439475,False,True
31645569,0.05010000,238.90000000,52318312,52318312,1782876996488707,False,True
31645570,0.05010000,238.90000000,52318313,52318313,1782876997433837,False,True
31645571,0.05010000,2744.40000000,52318314,52318314,1782876998483766,False,True
31645572,0.05020000,1015.70000000,52318315,52318315,1782877002476627,False,True
31645573,0.05020000,16619.80000000,52318316,52318322,1782877002504172,False,True
31645574,0.05030000,1330.00000000,52318323,52318324,1782877021590656,False,True
31645575,0.05030000,1543.20000000,52318325,52318325,1782877021591811,False,True
31645576,0.05030000,326.30000000,52318326,52318326,1782877022333033,False,True
31645577,0.05030000,503.30000000,52318327,52318327,1782877022535404,False,True
31645578,0.05040000,112.80000000,52318328,52318328,1782877027824280,False,True
31645579,0.05050000,1867.60000000,52318329,52318331,1782877027824280,False,True
31645580,0.05040000,1040.10000000,52318332,52318332,1782877028737024,True,True
31645581,0.05040000,362.20000000,52318333,52318333,1782877028737301,True,True
31645582,0.05050000,237.00000000,52318334,52318334,1782877032510536,False,True
31645583,0.05050000,322.10000000,52318335,52318335,1782877044586439,False,True
31645584,0.05050000,527.20000000,52318336,52318336,1782877044603703,False,True
31645585,0.05050000,1330.70000000,52318337,52318337,1782877044703943,False,True
31645586,0.05050000,422.70000000,52318338,52318339,1782877045531616,False,True
31645587,0.05040000,3231.00000000,52318340,52318340,1782877094014833,True,True
31645588,0.05040000,206.00000000,52318341,52318341,1782877101719102,False,True
31645589,0.05040000,323.10000000,52318342,52318342,1782877103610616,False,True
31645590,0.05040000,1986.90000000,52318343,52318343,1782877104662251,False,True
31645591,0.05040000,1562.90000000,52318344,52318345,1782877105606551,False,True
31645592,0.05040000,149.20000000,52318346,52318346,1782877115690772,False,True
31645593,0.05040000,100.80000000,52318347,52318347,1782877116636643,False,True
31645594,0.05040000,237.20000000,52318348,52318348,1782877119681853,False,True
31645595,0.05040000,237.20000000,52318349,52318349,1782877120627713,False,True
31645596,0.05040000,237.20000000,52318350,52318350,1782877121678152,False,True
31645597,0.05040000,237.20000000,52318351,52318351,1782877122622704,False,True
31645598,0.05040000,237.20000000,52318352,52318352,1782877123672524,False,True
31645599,0.05040000,237.20000000,52318353,52318353,1782877124617830,False,True
31645600,0.05040000,237.20000000,52318354,52318354,1782877129706666,False,True
31645601,0.05040000,237.20000000,52318355,52318355,1782877130710640,False,True
31645602,0.05040000,237.20000000,52318356,52318356,1782877131761024,False,True
31645603,0.05040000,237.20000000,52318357,52318357,1782877140611602,False,True
31645604,0.05040000,355.40000000,52318358,52318359,1782877141743563,False,True
31645605,0.05040000,111.40000000,52318360,52318360,1782877142027564,False,True
31645606,0.05040000,6817.80000000,52318361,52318362,1782877142689577,False,True
31645607,0.05040000,3460.20000000,52318363,52318364,1782877143182483,False,True
31645608,0.05040000,3597.10000000,52318365,52318366,1782877143556702,False,True
31645609,0.05040000,1560.00000000,52318367,52318368,1782877150227261,False,True
31645610,0.05040000,237.20000000,52318369,52318369,1782877151279208,False,True
31645611,0.05040000,237.20000000,52318370,52318370,1782877151722567,False,True
31645612,0.05040000,140.90000000,52318371,52318371,1782877152006540,False,True
31645613,0.05040000,944.60000000,52318372,52318372,1782877152667936,False,True
31645614,0.05040000,617.90000000,52318373,52318373,1782877152724197,False,True
31645615,0.05040000,758.80000000,52318374,52318375,1782877153081532,False,True
31645616,0.05040000,14040.30000000,52318376,52318379,1782877153082209,False,True
31645617,0.05050000,3331.80000000,52318380,52318383,1782877153085317,False,True
31645618,0.05060000,6579.00000000,52318384,52318386,1782877153086683,False,True
31645619,0.05060000,1330.70000000,52318387,52318387,1782877153190070,False,True
31645620,0.05050000,1570.70000000,52318388,52318389,1782877153695044,True,True
31645621,0.05050000,282.40000000,52318390,52318390,1782877153787136,True,True
31645622,0.05050000,3231.00000000,52318391,52318391,1782877180815391,True,True
31645623,0.05050000,100.70000000,52318392,52318392,1782877181762873,False,True
31645624,0.05050000,100.70000000,52318393,52318394,1782877182707725,False,True
31645625,0.05040000,1443.90000000,52318395,52318395,1782877224451667,True,True
31645626,0.05050000,1410.40000000,52318396,52318396,1782877240802506,False,True
31645627,0.05040000,1331.10000000,52318397,52318400,1782877275385437,True,True
31645628,0.05040000,1438.60000000,52318401,52318402,1782877336528149,True,True
31645629,0.05040000,343.40000000,52318403,52318403,1782877371428994,True,True
31645630,0.05040000,100.60000000,52318404,52318404,1782877372130087,False,True
31645631,0.05040000,100.60000000,52318405,52318405,1782877372148682,False,True
31645632,0.05030000,1320.30000000,52318406,52318406,1782877397377550,True,True
31645633,0.05040000,100.90000000,52318407,52318407,1782877399021412,False,True
31645634,0.05040000,271.50000000,52318408,52318408,1782877410050516,False,True
31645635,0.05040000,1929.20000000,52318409,52318410,1782877421082653,False,True
31645636,0.05040000,670.80000000,52318411,52318411,1782877422984576,False,True
31645637,0.05040000,882.20000000,52318412,52318413,1782877423034300,False,True
31645638,0.05040000,1007.70000000,52318414,52318414,1782877423080361,False,True
31645639,0.05040000,1562.90000000,52318415,52318415,1782877424133203,False,True
31645640,0.05040000,1858.90000000,52318416,52318417,1782877425026027,False,True
31645641,0.05040000,999.80000000,52318418,52318418,1782877425077446,False,True
31645642,0.05040000,1663.80000000,52318419,52318420,1782877426128077,False,True
31645643,0.05040000,2462.70000000,52318421,52318421,1782877426183020,False,True
31645644,0.05040000,1984.10000000,52318422,52318423,1782877468714461,False,True
31645645,0.05040000,3129.10000000,52318424,52318425,1782877521905042,False,True
31645646,0.05040000,1012.70000000,52318426,52318426,1782877521906430,False,True
31645647,0.05040000,110.90000000,52318427,52318427,1782877521908624,False,True
31645648,0.05040000,198.20000000,52318428,52318428,1782877521908846,False,True
31645649,0.05040000,1248.30000000,52318429,52318430,1782877619440568,False,True
31645650,0.05050000,523.40000000,52318431,52318432,1782877640139660,False,True
31645651,0.05050000,4445.10000000,52318433,52318436,1782877668728981,True,True
31645652,0.05050000,1452.40000000,52318437,52318437,1782877830439813,False,True
31645653,0.05050000,1451.10000000,52318438,52318438,1782877830439981,False,True
31645654,0.05050000,1452.40000000,52318439,52318440,1782877830440098,False,True
31645655,0.05050000,1452.40000000,52318441,52318441,1782877832441713,False,True
31645656,0.05050000,1452.40000000,52318442,52318443,1782877832441766,False,True
31645657,0.05050000,1451.10000000,52318444,52318444,1782877832442361,False,True
31645658,0.05050000,2182.00000000,52318445,52318446,1782877832458858,False,True
31645659,0.05050000,3443.90000000,52318447,52318448,1782877833630287,False,True
31645660,0.05050000,3443.90000000,52318449,52318450,1782877833630495,False,True
31645661,0.05050000,3443.90000000,52318451,52318451,1782877833631150,False,True
31645662,0.05060000,454.00000000,52318452,52318454,1782877833655343,False,True
31645663,0.05070000,2639.50000000,52318455,52318457,1782877833655343,False,True
31645664,0.05050000,158.40000000,52318458,52318458,1782877834065846,True,True
31645665,0.05060000,1452.00000000,52318459,52318459,1782877853787576,False,True
31645666,0.05060000,1452.00000000,52318460,52318461,1782877853787726,False,True
31645667,0.05060000,1451.20000000,52318462,52318462,1782877853788865,False,True
31645668,0.05060000,198.40000000,52318463,52318463,1782877855856882,True,True
31645669,0.05060000,366.40000000,52318464,52318464,1782877855858871,True,True
31645670,0.05060000,1807.80000000,52318465,52318466,1782877868191633,True,True
31645671,0.05060000,827.30000000,52318467,52318467,1782877891206868,False,True
31645672,0.05060000,2182.00000000,52318468,52318468,1782877891210553,False,True
31645673,0.05060000,846.20000000,52318469,52318469,1782877894704002,False,True
31645674,0.05060000,1269.90000000,52318470,52318471,1782877898559573,False,True
31645675,0.05060000,3403.00000000,52318472,52318473,1782877932784449,False,True
31645676,0.05060000,305.60000000,52318474,52318474,1782877937160640,False,True
31645677,0.05060000,1082.10000000,52318475,52318475,1782877939158822,False,True
31645678,0.05060000,4897.70000000,52318476,52318477,1782877939178561,False,True
31645679,0.05070000,1494.70000000,52318478,52318478,1782877939206877,False,True
31645680,0.05070000,159.60000000,52318479,52318480,1782877939237593,False,True
31645681,0.05080000,1656.00000000,52318481,52318482,1782877939237593,False,True
31645682,0.05090000,1154.00000000,52318483,52318483,1782877939237593,False,True
31645683,0.05070000,559.60000000,52318484,52318484,1782877939414421,True,True
31645684,0.05070000,248.90000000,52318485,52318485,1782877941148655,False,True
31645685,0.05060000,2177.70000000,52318486,52318489,1782877994810821,True,True
31645686,0.05050000,6660.00000000,52318490,52318493,1782877994810821,True,True
31645687,0.05040000,2654.80000000,52318494,52318496,1782877994810821,True,True
31645688,0.05060000,2182.00000000,52318497,52318499,1782878010983090,False,True
31645689,0.05060000,2182.00000000,52318500,52318501,1782878044870016,False,True
31645690,0.05060000,828.40000000,52318502,52318502,1782878052214976,False,True
31645691,0.05060000,2182.00000000,52318503,52318504,1782878054689666,False,True
31645692,0.05050000,11027.10000000,52318505,52318511,1782878065128190,True,True
31645693,0.05050000,1452.10000000,52318512,52318512,1782878070337685,False,True
31645694,0.05050000,91.10000000,52318513,52318513,1782878070338456,False,True
31645695,0.05060000,536.10000000,52318514,52318514,1782878116803389,False,True
31645696,0.05060000,1312.40000000,52318515,52318515,1782878119182694,False,True
31645697,0.05060000,6912.30000000,52318516,52318519,1782878119203251,False,True
31645698,0.05060000,4256.50000000,52318520,52318521,1782878119208406,False,True
31645699,0.05060000,1638.00000000,52318522,52318522,1782878125420512,True,True
31645700,0.05050000,2702.20000000,52318523,52318525,1782878309729188,True,True
31645701,0.05040000,5458.40000000,52318526,52318528,1782878309729188,True,True
31645702,0.05050000,2182.00000000,52318529,52318530,1782878317581958,False,True
31645703,0.05050000,2182.00000000,52318531,52318531,1782878321585172,False,True
31645704,0.05050000,2182.00000000,52318532,52318533,1782878331681390,False,True
31645705,0.05050000,1452.10000000,52318534,52318534,1782878331684777,False,True
31645706,0.05050000,1452.10000000,52318535,52318536,1782878331684817,False,True
31645707,0.05050000,1445.40000000,52318537,52318537,1782878331686098,False,True
31645708,0.05040000,10580.40000000,52318538,52318544,1782878387637434,True,True
31645709,0.05050000,662.00000000,52318545,52318545,1782878441198164,False,True
31645710,0.05040000,2161.40000000,52318546,52318547,1782878458223421,True,True
31645711,0.05040000,969.00000000,52318548,52318548,1782878460670149,False,True
31645712,0.05040000,3437.60000000,52318549,52318550,1782878461490930,False,True
31645713,0.05040000,424.50000000,52318551,52318551,1782878461938123,False,True
31645714,0.05040000,973.70000000,52318552,52318553,1782878464960053,False,True
31645715,0.05040000,424.60000000,52318554,52318554,1782878468059576,False,True
31645716,0.05040000,1451.90000000,52318555,52318555,1782878470648982,False,True
31645717,0.05040000,1562.90000000,52318556,52318557,1782878485197212,False,True
31645718,0.05040000,722.20000000,52318558,52318558,1782878490051006,False,True
31645719,0.05040000,1452.50000000,52318559,52318559,1782878490333761,False,True
31645720,0.05040000,1451.20000000,52318560,52318561,1782878490334962,False,True
31645721,0.05040000,1452.50000000,52318562,52318562,1782878490335181,False,True
31645722,0.05040000,4262.10000000,52318563,52318564,1782878490377405,False,True
31645723,0.05040000,188.00000000,52318565,52318565,1782878490429875,False,True
31645724,0.05040000,432.70000000,52318566,52318566,1782878493056172,False,True
31645725,0.05040000,103.00000000,52318567,52318567,1782878525432599,False,True
31645726,0.05040000,0.10000000,52318568,52318568,1782878527031250,False,True
31645727,0.05050000,1654.80000000,52318569,52318570,1782878527031250,False,True
31645728,0.05060000,326.20000000,52318571,52318571,1782878527031250,False,True
31645729,0.05050000,30431.40000000,52318572,52318596,1782878560296104,True,True
31645730,0.05050000,1524.70000000,52318597,52318597,1782878560298437,False,True
31645731,0.05050000,18.50000000,52318598,52318598,1782878560298554,False,True
31645732,0.05040000,18664.20000000,52318599,52318615,1782878581174154,True,True
31645733,0.05040000,9453.40000000,52318616,52318619,1782878581174241,True,True
31645734,0.05030000,3834.00000000,52318620,52318621,1782878581174600,True,True
31645735,0.05030000,4512.60000000,52318622,52318622,1782878581174676,True,True
31645736,0.05040000,2377.10000000,52318623,52318623,1782878581177050,True,True
31645737,0.05030000,1282.10000000,52318624,52318624,1782878653799692,True,True
31645738,0.05030000,2445.90000000,52318625,52318627,1782878661086084,True,True
31645739,0.05020000,7703.80000000,52318628,52318631,1782878661086084,True,True
31645740,0.05030000,101.00000000,52318632,52318632,1782878664007543,False,True
31645741,0.05030000,101.00000000,52318633,52318633,1782878664027376,False,True
31645742,0.05030000,101.00000000,52318634,52318634,1782878664952822,False,True
31645743,0.05030000,101.00000000,52318635,52318635,1782878666002476,False,True
31645744,0.05030000,101.00000000,52318636,52318636,1782878666948197,False,True
31645745,0.05030000,694.50000000,52318637,52318637,1782878669994559,False,True
31645746,0.05030000,8579.30000000,52318638,52318642,1782878881047920,False,True
31645747,0.05030000,410.20000000,52318643,52318643,1782878917771867,False,True
31645748,0.05020000,827.30000000,52318644,52318644,1782879072230610,False,True
31645749,0.05020000,715.90000000,52318645,52318645,1782879072230770,False,True
31645750,0.05030000,1452.30000000,52318646,52318646,1782879172320776,False,True
31645751,0.05030000,1451.10000000,52318647,52318648,1782879172320999,False,True
31645752,0.05030000,1452.30000000,52318649,52318649,1782879172321727,False,True
31645753,0.05020000,1478.10000000,52318650,52318651,1782879270479915,True,True
31645754,0.05020000,101.10000000,52318652,52318652,1782879270844695,False,True
31645755,0.05020000,101.10000000,52318653,52318653,1782879270865566,False,True
31645756,0.05020000,101.10000000,52318654,52318654,1782879271792716,False,True
31645757,0.05020000,327.80000000,52318655,52318655,1782879271981239,False,True
31645758,0.05020000,190.90000000,52318656,52318656,1782879293853625,False,True
31645759,0.05020000,827.10000000,52318657,52318658,1782879345301774,False,True
31645760,0.05020000,827.10000000,52318659,52318659,1782879345302156,False,True
31645761,0.05020000,18214.90000000,52318660,52318665,1782879345304142,False,True
31645762,0.05030000,1655.30000000,52318666,52318667,1782879345326239,False,True
31645763,0.05040000,8.50000000,52318668,52318668,1782879345326239,False,True
31645764,0.05020000,8484.20000000,52318669,52318675,1782879512085863,True,True
31645765,0.05010000,1248.20000000,52318676,52318676,1782879512085863,True,True
31645766,0.05020000,1451.80000000,52318677,52318677,1782879512407822,False,True
31645767,0.05020000,1451.80000000,52318678,52318679,1782879519306770,False,True
31645768,0.05020000,119.60000000,52318680,52318680,1782879528451039,False,True
31645769,0.05020000,119.60000000,52318681,52318681,1782879528498905,False,True
31645770,0.05020000,827.10000000,52318682,52318682,1782879750962827,False,True
31645771,0.05020000,993.20000000,52318683,52318684,1782879832665906,False,True
31645772,0.05020000,992.00000000,52318685,52318685,1782879832666579,False,True
31645773,0.05020000,3716.10000000,52318686,52318687,1782879832667240,False,True
31645774,0.05020000,9052.10000000,52318688,52318690,1782879832668323,False,True
31645775,0.05020000,1452.40000000,52318691,52318693,1782879839723642,False,True
31645776,0.05020000,1452.40000000,52318694,52318695,1782879839723865,False,True
31645777,0.05020000,1160.20000000,52318696,52318696,1782879839723920,False,True
31645778,0.05020000,3680.30000000,52318697,52318698,1782879893880432,True,True
31645779,0.05020000,827.50000000,52318699,52318699,1782879992076608,False,True
31645780,0.05020000,827.50000000,52318700,52318701,1782879992076829,False,True
31645781,0.05020000,826.80000000,52318702,52318702,1782879992077721,False,True
31645782,0.05020000,6369.10000000,52318703,52318705,1782879992106530,False,True
31645783,0.05020000,3817.00000000,52318706,52318707,1782880006401340,False,True
31645784,0.05020000,324.30000000,52318708,52318708,1782880006517227,False,True
31645785,0.05020000,3826.10000000,52318709,52318710,1782880006541392,False,True
31645786,0.05020000,2327.70000000,52318711,52318712,1782880006570707,False,True
31645787,0.05020000,996.60000000,52318713,52318713,1782880007296189,False,True
31645788,0.05020000,693.00000000,52318714,52318714,1782880011224202,False,True
31645789,0.05020000,449.50000000,52318715,52318715,1782880014348445,False,True
31645790,0.05020000,361.10000000,52318716,52318716,1782880017477511,False,True
31645791,0.05020000,0.10000000,52318717,52318717,1782880017505026,False,True
31645792,0.05030000,996.40000000,52318718,52318718,1782880017505026,False,True
31645793,0.05020000,2455.80000000,52318719,52318720,1782880231012203,True,True
31645794,0.05020000,1316.40000000,52318721,52318721,1782880274985201,False,True
31645795,0.05020000,3061.30000000,52318722,52318722,1782880286815134,False,True
31645796,0.05020000,5538.60000000,52318723,52318726,1782880286836349,False,True
31645797,0.05020000,2440.70000000,52318727,52318727,1782880296249014,False,True
31645798,0.05020000,430.30000000,52318728,52318729,1782880296253363,False,True
31645799,0.05020000,3067.90000000,52318730,52318730,1782880296272616,False,True
31645800,0.05020000,684.90000000,52318731,52318731,1782880296273362,False,True
31645801,0.05030000,658.90000000,52318732,52318733,1782880296273362,False,True
31645802,0.05040000,1062.30000000,52318734,52318734,1782880296273362,False,True
31645803,0.05020000,8270.00000000,52318735,52318741,1782880300039039,True,True
31645804,0.05020000,1992.00000000,52318742,52318742,1782880300051486,True,True
31645805,0.05020000,1195.20000000,52318743,52318743,1782880429261346,False,True
31645806,0.05020000,6173.10000000,52318744,52318746,1782880473471927,False,True
31645807,0.05010000,111.80000000,52318747,52318747,1782880622539180,True,True
31645808,0.05010000,828.80000000,52318748,52318748,1782880622770884,False,True
31645809,0.05010000,762.50000000,52318749,52318750,1782880623716994,False,True
31645810,0.05010000,7007.10000000,52318751,52318753,1782880704019506,False,True
31645811,0.05010000,8576.30000000,52318754,52318757,1782880704020880,False,True
31645812,0.05010000,5950.50000000,52318758,52318760,1782880704545517,False,True
31645813,0.05010000,2583.50000000,52318761,52318761,1782880704546676,False,True
31645814,0.05010000,2110.90000000,52318762,52318762,1782880706243588,False,True
31645815,0.05010000,11431.40000000,52318763,52318766,1782880949572773,False,True
31645816,0.05010000,439.30000000,52318767,52318767,1782880949578133,False,True
31645817,0.05010000,827.30000000,52318768,52318769,1782880968771507,False,True
31645818,0.05010000,827.30000000,52318770,52318770,1782880968771602,False,True
31645819,0.05010000,818.20000000,52318771,52318771,1782880968772177,False,True
