25425648,0.00295800,4536.00000000,41721265,41721265,1782864032806342,False,True
25425649,0.00296300,3334.00000000,41721266,41721266,1782864173227455,False,True
25425650,0.00296000,17055.00000000,41721267,41721268,1782864195635641,False,True
25425651,0.00296000,850.00000000,41721269,41721269,1782864198806714,True,True
25425652,0.00295700,10264.00000000,41721270,41721270,1782864237362096,True,True
25425653,0.00295600,22071.00000000,41721271,41721273,1782864237362096,True,True
25425654,0.00295200,10264.00000000,41721274,41721274,1782864237362096,True,True
25425655,0.00295100,6662.00000000,41721275,41721275,1782864237362096,True,True
25425656,0.00295500,13792.00000000,41721276,41721277,1782864279465891,True,True
25425657,0.00296000,2550.00000000,41721278,41721279,1782864301562315,False,True
25425658,0.00295600,8203.00000000,41721280,41721280,1782864758609078,True,True
25425659,0.00296200,5235.00000000,41721281,41721281,1782864893558803,True,True
25425660,0.00295300,44078.00000000,41721282,41721288,1782865312616070,True,True
25425661,0.00294800,23246.00000000,41721289,41721289,1782865562176442,True,True
25425662,0.00294800,77766.00000000,41721290,41721290,1782865562199089,True,True
25425663,0.00295200,4536.00000000,41721291,41721291,1782865860543434,False,True
25425664,0.00295200,1711.00000000,41721292,41721292,1782865941732675,True,True
25425665,0.00295200,42780.00000000,41721293,41721293,1782865941733132,True,True
25425666,0.00295200,35611.00000000,41721294,41721294,1782865941733318,True,True
25425667,0.00295200,40516.00000000,41721295,41721295,1782865941735099,True,True
25425668,0.00295000,4536.00000000,41721296,41721296,1782865950415639,False,True
25425669,0.00295000,4536.00000000,41721297,41721297,1782865980633037,False,True
25425670,0.00295100,4536.00000000,41721298,41721298,1782866016789274,False,True
25425671,0.00295100,4536.00000000,41721299,41721299,1782866020057790,False,True
25425672,0.00295100,4536.00000000,41721300,41721300,1782866078819084,False,True
25425673,0.00295100,3496.00000000,41721301,41721301,1782866112384487,True,True
25425674,0.00294500,10264.00000000,41721302,41721302,1782866246572087,True,True
25425675,0.00294400,737.00000000,41721303,41721303,1782866246572087,True,True
25425676,0.00294600,2396.00000000,41721304,41721304,1782866329417110,True,True
25425677,0.00294600,4536.00000000,41721305,41721305,1782866825044453,False,True
25425678,0.00294400,14483.00000000,41721306,41721307,1782866945355166,True,True
25425679,0.00294400,22342.00000000,41721308,41721308,1782867031870201,False,True
25425680,0.00294400,4075.00000000,41721309,41721309,1782867031872393,True,True
25425681,0.00294400,4075.00000000,41721310,41721310,1782867031872606,True,True
25425682,0.00294500,3396.00000000,41721311,41721311,1782867031872872,False,True
25425683,0.00294500,16348.00000000,41721312,41721313,1782867032301610,False,True
25425684,0.00294500,85205.00000000,41721314,41721321,1782867062053796,False,True
25425685,0.00294500,5360.00000000,41721322,41721322,1782867084147409,False,True
25425686,0.00294600,4536.00000000,41721323,41721323,1782867084147409,False,True
25425687,0.00294800,10264.00000000,41721324,41721324,1782867084147409,False,True
25425688,0.00295000,1900.00000000,41721325,41721325,1782867084147409,False,True
25425689,0.00295200,10264.00000000,41721326,41721326,1782867084147409,False,True
25425690,0.00295500,17683.00000000,41721327,41721328,1782867084147409,False,True
25425691,0.00295600,63701.00000000,41721329,41721330,1782867084147409,False,True
25425692,0.00295700,195750.00000000,41721331,41721333,1782867084147409,False,True
25425693,0.00295800,376753.00000000,41721334,41721337,1782867084147409,False,True
25425694,0.00295800,1131585.00000000,41721338,41721338,1782867084148768,True,True
25425695,0.00295800,200000.00000000,41721339,41721339,1782867084148861,True,True
25425696,0.00295800,200000.00000000,41721340,41721340,1782867084148895,True,True
25425697,0.00295800,181284.00000000,41721341,41721341,1782867084148926,True,True
25425698,0.00295200,14262.00000000,41721342,41721342,1782867084151156,False,True
25425699,0.00294500,10594.00000000,41721343,41721344,1782867084151166,True,True
25425700,0.00295200,14262.00000000,41721345,41721345,1782867084151314,False,True
25425701,0.00295200,14748.00000000,41721346,41721346,1782867084153613,False,True
25425702,0.00295200,200000.00000000,41721347,41721348,1782867084153653,False,True
25425703,0.00295200,14748.00000000,41721349,41721349,1782867084153657,False,True
25425704,0.00295200,14748.00000000,41721350,41721350,1782867084153714,False,True
25425705,0.00295200,60265.00000000,41721351,41721351,1782867084153744,False,True
25425706,0.00295200,200000.00000000,41721352,41721352,1782867084153749,False,True
25425707,0.00295200,200000.00000000,41721353,41721353,1782867084154319,False,True
25425708,0.00295200,7737.00000000,41721354,41721354,1782867084207897,True,True
25425709,0.00295200,4536.00000000,41721355,41721355,1782867093365326,False,True
25425710,0.00295400,4536.00000000,41721356,41721356,1782867109210506,False,True
25425711,0.00295500,13263.00000000,41721357,41721358,1782867109210506,False,True
25425712,0.00295600,16262.00000000,41721359,41721361,1782867109210506,False,True
25425713,0.00295700,10264.00000000,41721362,41721362,1782867109210506,False,True
25425714,0.00295800,93177.00000000,41721363,41721367,1782867109210506,False,True
25425715,0.00295800,132725.00000000,41721368,41721368,1782867109211565,True,True
25425716,0.00295800,199458.00000000,41721369,41721369,1782867109212294,True,True
25425717,0.00295800,4055.00000000,41721370,41721370,1782867109212545,True,True
25425718,0.00295800,67237.00000000,41721371,41721371,1782867109212825,True,True
25425719,0.00295800,8152.00000000,41721372,41721372,1782867109212856,True,True
25425720,0.00295900,4536.00000000,41721373,41721373,1782867111273833,False,True
25425721,0.00296000,26805.00000000,41721374,41721377,1782867111299858,False,True
25425722,0.00296100,15050.00000000,41721378,41721382,1782867111299858,False,True
25425723,0.00295900,4536.00000000,41721383,41721383,1782867120068829,False,True
25425724,0.00296100,57402.00000000,41721384,41721390,1782867123369594,False,True
25425725,0.00296100,34677.00000000,41721391,41721391,1782867123707423,False,True
25425726,0.00296100,4536.00000000,41721392,41721392,1782867142245024,False,True
25425727,0.00296200,13569.00000000,41721393,41721393,1782867164070599,False,True
25425728,0.00296100,17655.00000000,41721394,41721394,1782867263932187,True,True
25425729,0.00295800,1908.00000000,41721395,41721395,1782867263932410,True,True
25425730,0.00295700,299.00000000,41721396,41721396,1782867263932410,True,True
25425731,0.00295700,4536.00000000,41721397,41721397,1782867371708016,False,True
25425732,0.00295300,4043.00000000,41721398,41721398,1782867563187567,True,True
25425733,0.00295200,4536.00000000,41721399,41721399,1782867609684543,False,True
25425734,0.00295300,4431.00000000,41721400,41721401,1782867710770928,False,True
25425735,0.00295300,4536.00000000,41721402,41721402,1782867726081297,False,True
25425736,0.00295500,71440.00000000,41721403,41721405,1782867727007127,False,True
25425737,0.00295600,28191.00000000,41721406,41721411,1782867727039683,False,True
25425738,0.00295300,50209.00000000,41721412,41721424,1782867765905165,False,True
25425739,0.00295300,17221.00000000,41721425,41721425,1782867795987420,True,True
25425740,0.00295200,25559.00000000,41721426,41721426,1782867795987420,True,True
25425741,0.00295200,2153.00000000,41721427,41721427,1782867795989016,True,True
25425742,0.00295200,2153.00000000,41721428,41721428,1782867795990122,True,True
25425743,0.00295200,42780.00000000,41721429,41721429,1782867813735979,True,True
25425744,0.00295300,4536.00000000,41721430,41721430,1782867820037430,False,True
25425745,0.00295200,42780.00000000,41721431,41721431,1782867841235641,True,True
25425746,0.00295200,37487.00000000,41721432,41721432,1782867852386328,True,True
25425747,0.00295200,108212.00000000,41721433,41721433,1782867852387918,True,True
25425748,0.00295200,200000.00000000,41721434,41721434,1782867852388023,True,True
25425749,0.00295200,14748.00000000,41721435,41721435,1782867852388087,True,True
25425750,0.00294700,4536.00000000,41721436,41721436,1782867868627703,False,True
25425751,0.00294500,13649.00000000,41721437,41721437,1782867915873553,True,True
25425752,0.00293300,3797.00000000,41721438,41721438,1782868027228972,True,True
25425753,0.00293400,4536.00000000,41721439,41721439,1782868120095102,False,True
25425754,0.00293600,5892.00000000,41721440,41721441,1782868120095102,False,True
25425755,0.00293600,37054.00000000,41721442,41721446,1782868120128408,False,True
25425756,0.00293300,3610.00000000,41721447,41721447,1782868217309025,True,True
25425757,0.00292000,12905.00000000,41721448,41721448,1782868248953103,True,True
25425758,0.00292000,90346.00000000,41721449,41721449,1782868248959752,True,True
25425759,0.00291700,54332.00000000,41721450,41721450,1782868248961492,True,True
25425760,0.00291500,35237.00000000,41721451,41721452,1782868248961970,True,True
25425761,0.00291500,54232.00000000,41721453,41721453,1782868248965848,True,True
25425762,0.00291500,21349.00000000,41721454,41721454,1782868249083435,True,True
25425763,0.00291500,4903.00000000,41721455,41721455,1782868249083819,True,True
25425764,0.00291500,6287.00000000,41721456,41721456,1782868250653701,True,True
25425765,0.00291400,57954.00000000,41721457,41721457,1782868250653701,True,True
25425766,0.00291200,1734.00000000,41721458,41721458,1782868252558295,True,True
25425767,0.00291200,10217.00000000,41721459,41721459,1782868252608871,True,True
25425768,0.00291200,5818.00000000,41721460,41721460,1782868252609586,True,True
25425769,0.00291100,10217.00000000,41721461,41721461,1782868252609586,True,True
25425770,0.00291200,9272.00000000,41721462,41721465,1782868252634831,False,True
25425771,0.00291300,1999.00000000,41721466,41721466,1782868252634831,False,True
25425772,0.00291400,16903.00000000,41721467,41721468,1782868252634831,False,True
25425773,0.00291100,3337.00000000,41721469,41721469,1782868253577047,True,True
25425774,0.00291100,3337.00000000,41721470,41721470,1782868253577493,True,True
25425775,0.00291100,2503.00000000,41721471,41721471,1782868255976717,True,True
25425776,0.00291100,2503.00000000,41721472,41721472,1782868255980405,True,True
25425777,0.00291100,2190.00000000,41721473,41721473,1782868256008220,True,True
25425778,0.00291100,1877.00000000,41721474,41721474,1782868256008480,True,True
25425779,0.00291100,1877.00000000,41721475,41721475,1782868257134593,True,True
25425780,0.00291100,3145.00000000,41721476,41721476,1782868258782690,True,True
25425781,0.00291100,5927.00000000,41721477,41721477,1782868258782702,True,True
25425782,0.00290800,3145.00000000,41721478,41721478,1782868258782702,True,True
25425783,0.00290800,5927.00000000,41721479,41721479,1782868258782917,True,True
25425784,0.00290900,32653.00000000,41721480,41721487,1782868268258793,False,True
25425785,0.00291500,4800.00000000,41721488,41721489,1782868288095604,False,True
25425786,0.00291100,4536.00000000,41721490,41721490,1782868319852602,False,True
25425787,0.00290600,1721.00000000,41721491,41721491,1782868365565437,True,True
25425788,0.00290300,6266.00000000,41721492,41721492,1782868365641967,True,True
25425789,0.00290300,6266.00000000,41721493,41721493,1782868365642093,True,True
25425790,0.00290300,6266.00000000,41721494,41721494,1782868365646446,True,True
25425791,0.00290300,6265.00000000,41721495,41721495,1782868365646588,True,True
25425792,0.00290300,6266.00000000,41721496,41721496,1782868365646645,True,True
25425793,0.00290300,18801.00000000,41721497,41721497,1782868365647512,True,True
25425794,0.00290000,1727.00000000,41721498,41721498,1782868366032679,True,True
25425795,0.00289900,15.00000000,41721499,41721499,1782868366032679,True,True
25425796,0.00290100,16284.00000000,41721500,41721500,1782868368010421,False,True
25425797,0.00290000,4536.00000000,41721501,41721501,1782868370246866,False,True
25425798,0.00290200,30928.00000000,41721502,41721505,1782868370277068,False,True
25425799,0.00289900,10792.00000000,41721506,41721507,1782868372571311,True,True
25425800,0.00289500,5268.00000000,41721508,41721509,1782868373011616,True,True
25425801,0.00289300,8526.00000000,41721510,41721510,1782868373011616,True,True
25425802,0.00289300,9360.00000000,41721511,41721511,1782868373011616,True,True
25425803,0.00289100,205650.00000000,41721512,41721513,1782868373011616,True,True
25425804,0.00289000,18310.00000000,41721514,41721515,1782868373011616,True,True
25425805,0.00289800,3769.00000000,41721516,41721517,1782868374655253,False,True
25425806,0.00289600,6906.00000000,41721518,41721518,1782868375274134,True,True
25425807,0.00289500,34542.00000000,41721519,41721519,1782868375581325,True,True
25425808,0.00289000,1926.00000000,41721520,41721520,1782868380352633,True,True
25425809,0.00288900,6922.00000000,41721521,41721521,1782868386562076,True,True
25425810,0.00288900,4536.00000000,41721522,41721522,1782868390044197,False,True
25425811,0.00288300,13928.00000000,41721523,41721524,1782868399124805,False,True
25425812,0.00288300,4536.00000000,41721525,41721525,1782868400059319,False,True
25425813,0.00288400,41068.00000000,41721526,41721530,1782868400063950,False,True
25425814,0.00288100,3470.00000000,41721531,41721531,1782868405493912,True,True
25425815,0.00287700,3470.00000000,41721532,41721532,1782868405494024,True,True
25425816,0.00287700,3470.00000000,41721533,41721533,1782868405494282,True,True
25425817,0.00287700,3470.00000000,41721534,41721534,1782868405494419,True,True
25425818,0.00287700,3470.00000000,41721535,41721535,1782868405494941,True,True
25425819,0.00287600,8498.00000000,41721536,41721536,1782868407360817,True,True
25425820,0.00288300,14158.00000000,41721537,41721537,1782868413186237,False,True
25425821,0.00288300,4536.00000000,41721538,41721538,1782868420694272,False,True
25425822,0.00289100,4536.00000000,41721539,41721539,1782868430528166,False,True
25425823,0.00290200,13649.00000000,41721540,41721540,1782868437029933,False,True
25425824,0.00289600,23638.00000000,41721541,41721543,1782868439125971,True,True
25425825,0.00290600,6906.00000000,41721544,41721544,1782868441399183,False,True
25425826,0.00290700,37088.00000000,41721545,41721545,1782868441401851,False,True
25425827,0.00290900,36913.00000000,41721546,41721546,1782868443003872,False,True
25425828,0.00290500,4536.00000000,41721547,41721547,1782868460877470,False,True
25425829,0.00290200,13799.00000000,41721548,41721548,1782868486442511,True,True
25425830,0.00291800,13799.00000000,41721549,41721549,1782868511108159,False,True
25425831,0.00291400,6863.00000000,41721550,41721550,1782868569832074,True,True
25425832,0.00291100,13744.00000000,41721551,41721551,1782868578590504,True,True
25425833,0.00291500,6863.00000000,41721552,41721552,1782868719097096,False,True
25425834,0.00291700,13744.00000000,41721553,41721553,1782868725575064,False,True
25425835,0.00292300,2085.00000000,41721554,41721554,1782868840731159,True,True
25425836,0.00292700,5132.00000000,41721555,41721555,1782868860317417,False,True
25425837,0.00292700,4272.00000000,41721556,41721556,1782868872046045,False,True
25425838,0.00292700,9394.00000000,41721557,41721557,1782868920159470,True,True
25425839,0.00292300,3396.00000000,41721558,41721558,1782869010264811,True,True
25425840,0.00292000,37243.00000000,41721559,41721562,1782869042399895,False,True
25425841,0.00291900,13711.00000000,41721563,41721563,1782869079148352,True,True
25425842,0.00292000,3396.00000000,41721564,41721564,1782869310730670,False,True
25425843,0.00291800,6854.00000000,41721565,41721565,1782869317945595,True,True
25425844,0.00291700,4536.00000000,41721566,41721566,1782869340202198,False,True
25425845,0.00292000,27037.00000000,41721567,41721568,1782869376747963,False,True
25425846,0.00292600,9000.00000000,41721569,41721569,1782869413788329,False,True
25425847,0.00292500,4536.00000000,41721570,41721570,1782869422610936,False,True
25425848,0.00292900,7477.00000000,41721571,41721571,1782869463474084,False,True
25425849,0.00292900,6234.00000000,41721572,41721572,1782869463475466,False,True
25425850,0.00292700,3356.00000000,41721573,41721573,1782869680668542,False,True
25425851,0.00293000,10264.00000000,41721574,41721574,1782869777387236,False,True
25425852,0.00293100,31870.00000000,41721575,41721576,1782869777387236,False,True
25425853,0.00293200,10264.00000000,41721577,41721577,1782869777387236,False,True
25425854,0.00293400,64596.00000000,41721578,41721579,1782869777387236,False,True
25425855,0.00293500,104722.00000000,41721580,41721582,1782869777387236,False,True
25425856,0.00293500,200000.00000000,41721583,41721583,1782869777388449,True,True
25425857,0.00293500,109635.00000000,41721584,41721584,1782869777388492,True,True
25425858,0.00293500,14748.00000000,41721585,41721585,1782869777388533,True,True
25425859,0.00293500,39647.00000000,41721586,41721586,1782869777388548,True,True
25425860,0.00293500,105113.00000000,41721587,41721587,1782869777388564,True,True
25425861,0.00292900,54676.00000000,41721588,41721588,1782869777390777,False,True
25425862,0.00292500,8275.00000000,41721589,41721589,1782869777391427,True,True
25425863,0.00292900,8278.00000000,41721590,41721590,1782869777393853,False,True
25425864,0.00292900,8192.00000000,41721591,41721591,1782869777394574,False,True
25425865,0.00292900,138413.00000000,41721592,41721597,1782869777406216,False,True
25425866,0.00294000,3466.00000000,41721598,41721598,1782869917305514,False,True
25425867,0.00294400,27150.00000000,41721599,41721599,1782869926297068,False,True
25425868,0.00294300,3263.00000000,41721600,41721600,1782869930917457,True,True
25425869,0.00295200,88112.00000000,41721601,41721601,1782869946535352,False,True
25425870,0.00295100,1900.00000000,41721602,41721602,1782869948620904,True,True
25425871,0.00295200,6775.00000000,41721603,41721603,1782870000629535,True,True
25425872,0.00295400,6775.00000000,41721604,41721604,1782870061482973,False,True
25425873,0.00295400,5923.00000000,41721605,41721605,1782870266763529,True,True
25425874,0.00295300,852.00000000,41721606,41721606,1782870266763529,True,True
25425875,0.00295500,10264.00000000,41721607,41721607,1782870592498221,True,True
25425876,0.00295400,3523.00000000,41721608,41721608,1782870592498221,True,True
25425877,0.00296300,3454.00000000,41721609,41721609,1782870903138976,False,True
25425878,0.00296100,3642.00000000,41721610,41721610,1782871017980221,True,True
25425879,0.00295900,2016.00000000,41721611,41721611,1782871249692283,True,True
25425880,0.00295900,3311.00000000,41721612,41721612,1782871330357809,True,True
25425881,0.00295900,2458.00000000,41721613,41721613,1782871330360589,True,True
25425882,0.00296700,3659.00000000,41721614,41721614,1782871376256055,False,True
25425883,0.00296700,4396.00000000,41721615,41721615,1782871381831155,False,True
25425884,0.00296200,4536.00000000,41721616,41721616,1782871434218904,False,True
25425885,0.00296200,10264.00000000,41721617,41721617,1782871468213146,False,True
25425886,0.00296200,2626.00000000,41721618,41721618,1782871470050212,True,True
25425887,0.00296200,7825.00000000,41721619,41721619,1782871473783097,True,True
25425888,0.00295200,4536.00000000,41721620,41721620,1782871554785663,False,True
25425889,0.00295200,4536.00000000,41721621,41721621,1782871767134929,False,True
25425890,0.00295800,10264.00000000,41721622,41721622,1782871767134929,False,True
25425891,0.00296200,31210.00000000,41721623,41721625,1782871767134929,False,True
25425892,0.00296400,18481.00000000,41721626,41721628,1782871767134929,False,True
25425893,0.00296100,4536.00000000,41721629,41721629,1782871943993926,False,True
25425894,0.00296300,4536.00000000,41721630,41721630,1782871954132115,False,True
25425895,0.00296100,4536.00000000,41721631,41721631,1782872087806904,False,True
25425896,0.00296800,10264.00000000,41721632,41721632,1782872196222078,False,True
25425897,0.00296500,4242.00000000,41721633,41721633,1782872364282656,True,True
25425898,0.00296900,3369.00000000,41721634,41721634,1782872490730826,False,True
25425899,0.00297100,4536.00000000,41721635,41721635,1782873141438361,False,True
25425900,0.00297500,4536.00000000,41721636,41721636,1782873219992586,False,True
25425901,0.00297500,10172.00000000,41721637,41721637,1782873248850975,True,True
25425902,0.00297200,1769.00000000,41721638,41721638,1782874055004775,True,True
25425903,0.00297300,4536.00000000,41721639,41721639,1782874094139127,False,True
25425904,0.00297400,7530.00000000,41721640,41721640,1782874094139127,False,True
25425905,0.00297500,3277.00000000,41721641,41721641,1782874094154055,False,True
25425906,0.00297700,3599.00000000,41721642,41721643,1782874617247132,True,True
25425907,0.00297700,4536.00000000,41721644,41721644,1782874830506321,False,True
25425908,0.00297100,4536.00000000,41721645,41721645,1782874920256639,False,True
25425909,0.00297300,6713.00000000,41721646,41721646,1782874923181095,False,True
25425910,0.00297700,11725.00000000,41721647,41721648,1782875088291227,False,True
25425911,0.00298300,1824.00000000,41721649,41721649,1782875197777700,False,True
25425912,0.00298300,5131.00000000,41721650,41721650,1782875224546144,True,True
25425913,0.00298100,1911.00000000,41721651,41721651,1782875328417689,True,True
25425914,0.00297800,314.00000000,41721652,41721652,1782875328417689,True,True
25425915,0.00296700,4536.00000000,41721653,41721653,1782875940672580,False,True
25425916,0.00296900,3758.00000000,41721654,41721654,1782876141413548,True,True
25425917,0.00297400,29926.00000000,41721655,41721659,1782876368314082,False,True
25425918,0.00297400,1026.00000000,41721660,41721660,1782876368314245,False,True
25425919,0.00297500,21352.00000000,41721661,41721664,1782876368314245,False,True
25425920,0.00297600,18127.00000000,41721665,41721666,1782876368315248,False,True
25425921,0.00297600,29574.00000000,41721667,41721667,1782876368317425,True,True
25425922,0.00297600,22377.00000000,41721668,41721668,1782876368317430,True,True
25425923,0.00297600,353.00000000,41721669,41721669,1782876368317677,True,True
25425924,0.00297500,29572.00000000,41721670,41721670,1782876368317677,True,True
25425925,0.00297500,22732.00000000,41721671,41721671,1782876403712530,True,True
25425926,0.00297100,4536.00000000,41721672,41721672,1782876456324697,False,True
25425927,0.00297200,4536.00000000,41721673,41721673,1782876474061937,False,True
25425928,0.00297300,4536.00000000,41721674,41721674,1782876517836271,False,True
25425929,0.00297400,4536.00000000,41721675,41721675,1782876600301577,False,True
25425930,0.00299300,119982.00000000,41721676,41721676,1782877029232729,False,True
25425931,0.00299500,166944.00000000,41721677,41721677,1782877029258230,False,True
25425932,0.00299600,148256.00000000,41721678,41721678,1782877029493383,False,True
25425933,0.00299200,4536.00000000,41721679,41721679,1782877040762353,False,True
25425934,0.00298800,4536.00000000,41721680,41721680,1782877105916694,False,True
25425935,0.00298700,1911.00000000,41721681,41721681,1782877154089225,True,True
25425936,0.00298500,38451.00000000,41721682,41721686,1782877156079100,True,True
25425937,0.00298500,26523.00000000,41721687,41721689,1782877158155108,True,True
25425938,0.00298400,13115.00000000,41721690,41721690,1782877160168025,True,True
25425939,0.00298400,15245.00000000,41721691,41721692,1782877162047781,True,True
25425940,0.00298400,28351.00000000,41721693,41721696,1782877192057152,True,True
25425941,0.00298400,9853.00000000,41721697,41721697,1782877194156537,False,True
25425942,0.00298500,4536.00000000,41721698,41721698,1782877215536162,False,True
25425943,0.00298200,13284.00000000,41721699,41721699,1782877399720735,False,True
25425944,0.00298600,4017.00000000,41721700,41721700,1782877453998797,True,True
25425945,0.00298700,8275.00000000,41721701,41721701,1782877521477033,True,True
25425946,0.00298800,4538.00000000,41721702,41721703,1782877580792957,True,True
25425947,0.00299700,13174.00000000,41721704,41721704,1782877623231829,False,True
25425948,0.00299200,12181.00000000,41721705,41721706,1782877758822258,True,True
25425949,0.00299100,14800.00000000,41721707,41721708,1782877758822258,True,True
25425950,0.00299000,10000.00000000,41721709,41721709,1782877758822258,True,True
25425951,0.00298900,20264.00000000,41721710,41721711,1782877758822258,True,True
25425952,0.00298800,6051.00000000,41721712,41721712,1782877758822258,True,True
25425953,0.00300000,10264.00000000,41721713,41721713,1782877897039330,False,True
25425954,0.00300100,3654.00000000,41721714,41721714,1782877897039330,False,True
25425955,0.00299900,3336.00000000,41721715,41721715,1782877932882596,False,True
25425956,0.00300000,21687.00000000,41721716,41721717,1782878063264048,False,True
25425957,0.00300100,1549.00000000,41721718,41721718,1782878076567241,False,True
25425958,0.00300200,4536.00000000,41721719,41721719,1782878076567241,False,True
25425959,0.00300000,3590.00000000,41721720,41721720,1782878215097086,True,True
25425960,0.00300000,16666.00000000,41721721,41721721,1782878402417079,True,True
25425961,0.00299500,3862.00000000,41721722,41721722,1782878531542916,True,True
25425962,0.00299500,4102.00000000,41721723,41721723,1782878531545966,True,True
25425963,0.00299300,4536.00000000,41721724,41721724,1782878550535632,False,True
25425964,0.00299700,5267.00000000,41721725,41721726,1782878570666494,False,True
25425965,0.00299600,4536.00000000,41721727,41721727,1782878573942636,False,True
25425966,0.00299700,4536.00000000,41721728,41721728,1782878577354618,False,True
25425967,0.00299900,49.00000000,41721729,41721729,1782878577354618,False,True
25425968,0.00299700,1969.00000000,41721730,41721730,1782878587707596,False,True
25425969,0.00299500,4536.00000000,41721731,41721731,1782878640508862,False,True
25425970,0.00299800,4536.00000000,41721732,41721732,1782878672867854,False,True
25425971,0.00299200,1911.00000000,41721733,41721733,1782878805010614,True,True
25425972,0.00299100,10264.00000000,41721734,41721734,1782878805010614,True,True
25425973,0.00300100,6817.00000000,41721735,41721735,1782878988651063,False,True
25425974,0.00300500,3327.00000000,41721736,41721736,1782879072088970,True,True
25425975,0.00300000,4536.00000000,41721737,41721737,1782879345536398,False,True
25425976,0.00299900,6157.00000000,41721738,41721738,1782879452820964,True,True
25425977,0.00299900,1684.00000000,41721739,41721739,1782879452821394,True,True
25425978,0.00299900,3333.00000000,41721740,41721740,1782879452824401,True,True
25425979,0.00300100,10264.00000000,41721741,41721741,1782879715645225,True,True
25425980,0.00300000,14950.00000000,41721742,41721742,1782879715645225,True,True
25425981,0.00299900,121373.00000000,41721743,41721745,1782879715645225,True,True
25425982,0.00299900,200000.00000000,41721746,41721746,1782879715646510,False,True
25425983,0.00299900,14748.00000000,41721747,41721747,1782879715646517,False,True
25425984,0.00299900,200000.00000000,41721748,41721748,1782879715646528,False,True
25425985,0.00299900,53775.00000000,41721749,41721749,1782879715646572,False,True
25425986,0.00299900,14748.00000000,41721750,41721750,1782879715646726,False,True
25425987,0.00300300,4536.00000000,41721751,41721751,1782879802340919,False,True
25425988,0.00300400,4536.00000000,41721752,41721752,1782879810211661,False,True
25425989,0.00300400,4536.00000000,41721753,41721753,1782879812241250,False,True
25425990,0.00300300,4536.00000000,41721754,41721754,1782879873248428,False,True
25425991,0.00300200,4536.00000000,41721755,41721755,1782879884637564,False,True
25425992,0.00300300,4536.00000000,41721756,41721756,1782879886640313,False,True
25425993,0.00300300,4536.00000000,41721757,41721757,1782879917087601,False,True
25425994,0.00300000,10264.00000000,41721758,41721758,1782879929185202,True,True
25425995,0.00299800,798.00000000,41721759,41721759,1782879929185202,True,True
25425996,0.00300300,4536.00000000,41721760,41721760,1782880006358915,False,True
25425997,0.00300600,4536.00000000,41721761,41721761,1782880087336234,False,True
25425998,0.00300500,4536.00000000,41721762,41721762,1782880217107747,False,True
25425999,0.00300400,4536.00000000,41721763,41721763,1782880234582833,False,True
25426000,0.00300400,4536.00000000,41721764,41721764,1782880249307385,False,True
25426001,0.00300200,1657.00000000,41721765,41721765,1782880598154136,False,True
25426002,0.00300200,14800.00000000,41721766,41721767,1782880629414800,False,True
25426003,0.00300300,8278.00000000,41721768,41721768,1782880629416386,True,True
25426004,0.00300300,19669.00000000,41721769,41721769,1782880629416449,True,True
25426005,0.00300300,3995.00000000,41721770,41721770,1782880629417574,True,True
25426006,0.00300300,3995.00000000,41721771,41721771,1782880629417580,True,True
25426007,0.00300300,8275.00000000,41721772,41721772,1782880629417692,True,True
25426008,0.00300300,3995.00000000,41721773,41721773,1782880629417834,True,True
25426009,0.00300300,161261.00000000,41721774,41721774,1782880629418034,True,True
25426010,0.00300300,8275.00000000,41721775,41721775,1782880634216406,False,True
25426011,0.00301200,4536.00000000,41721776,41721776,1782880936267362,False,True
25426012,0.00301300,4536.00000000,41721777,41721777,1782880940113049,False,True
25426013,0.00301300,4536.00000000,41721778,41721778,1782880968792411,False,True
25426014,0.00301300,4536.00000000,41721779,41721779,1782881005904944,False,True
25426015,0.00301200,4536.00000000,41721780,41721780,1782881070954014,False,True
25426016,0.00301800,4969.00000000,41721781,41721781,1782881150043173,True,True
25426017,0.00301800,4969.00000000,41721782,41721782,1782881150043297,True,True
25426018,0.00301800,2533.00000000,41721783,41721784,1782881150043948,True,True
25426019,0.00301600,16838.00000000,41721785,41721786,1782881321271144,True,True
25426020,0.00301300,29201.00000000,41721787,41721787,1782881427936796,True,True
25426021,0.00301300,71683.00000000,41721788,41721788,1782881459252001,True,True
25426022,0.00301100,3318.00000000,41721789,41721789,1782881470558496,False,True
25426023,0.00301100,4536.00000000,41721790,41721790,1782881476182920,False,True
25426024,0.00301100,4536.00000000,41721791,41721791,1782881479724618,False,True
25426025,0.00301100,4536.00000000,41721792,41721792,1782881482549737,False,True
25426026,0.00301000,37948.00000000,41721793,41721793,1782881561640033,True,True
25426027,0.00301200,10264.00000000,41721794,41721794,1782882034934257,True,True
25426028,0.00301200,4999.00000000,41721795,41721795,1782882034935752,False,True
25426029,0.00301300,10264.00000000,41721796,41721796,1782882104500884,False,True
25426030,0.00301400,4977.00000000,41721797,41721797,1782882104500884,False,True
25426031,0.00301300,4738.00000000,41721798,41721798,1782882425789040,True,True
25426032,0.00300800,6647.00000000,41721799,41721799,1782882582227391,True,True
25426033,0.00300800,6647.00000000,41721800,41721800,1782882582227403,True,True
25426034,0.00300800,19933.00000000,41721801,41721801,1782882586122744,True,True
25426035,0.00300800,33613.00000000,41721802,41721802,1782882586127227,True,True
25426036,0.00300800,20289.00000000,41721803,41721803,1782882586710214,True,True
25426037,0.00300800,6647.00000000,41721804,41721804,1782882588583872,True,True
25426038,0.00300800,6647.00000000,41721805,41721805,1782882588584076,True,True
25426039,0.00300900,41699.00000000,41721806,41721812,1782882588589685,False,True
25426040,0.00300900,1670.00000000,41721813,41721813,1782882588592120,False,True
25426041,0.00301200,26586.00000000,41721814,41721814,1782882974205177,True,True
25426042,0.00301500,4536.00000000,41721815,41721815,1782882998148747,False,True
25426043,0.00301300,9655.00000000,41721816,41721816,1782883222360026,True,True
25426044,0.00301000,4645.00000000,41721817,41721817,1782883222361254,True,True
25426045,0.00300900,4645.00000000,41721818,41721818,1782883222361399,True,True
25426046,0.00300600,4536.00000000,41721819,41721819,1782883235781331,False,True
25426047,0.00300600,4536.00000000,41721820,41721820,1782883237783547,False,True
25426048,0.00300000,6665.00000000,41721821,41721821,1782883294287450,True,True
25426049,0.00300000,6665.00000000,41721822,41721822,1782883294287521,True,True
25426050,0.00300000,74399.00000000,41721823,41721823,1782883294593927,True,True
25426051,0.00299900,4536.00000000,41721824,41721824,1782883360882466,False,True
25426052,0.00300000,4536.00000000,41721825,41721825,1782883364084693,False,True
25426053,0.00299600,2379.00000000,41721826,41721826,1782883487117192,True,True
25426054,0.00299800,4536.00000000,41721827,41721827,1782883576936130,False,True
25426055,0.00299900,6689.00000000,41721828,41721828,1782883576936130,False,True
25426056,0.00299100,10972.00000000,41721829,41721829,1782883971238174,True,True
25426057,0.00299100,4536.00000000,41721830,41721830,1782884007890904,False,True
25426058,0.00299000,5191.00000000,41721831,41721831,1782884052773739,True,True
25426059,0.00299000,8716.00000000,41721832,41721833,1782884077773833,True,True
25426060,0.00299200,6059.00000000,41721834,41721834,1782884117773872,True,True
25426061,0.00299000,3155.00000000,41721835,41721835,1782884147780729,True,True
25426062,0.00298900,3106.00000000,41721836,41721836,1782884167774718,True,True
25426063,0.00298900,7158.00000000,41721837,41721837,1782884182773240,True,True
25426064,0.00298800,1200.00000000,41721838,41721838,1782884182773240,True,True
25426065,0.00298800,5079.00000000,41721839,41721840,1782884222781073,True,True
25426066,0.00298600,6071.00000000,41721841,41721841,1782884237718617,True,True
25426067,0.00298700,4536.00000000,41721842,41721842,1782884247782576,True,True
25426068,0.00298600,22.00000000,41721843,41721843,1782884247782576,True,True
25426069,0.00298700,8551.00000000,41721844,41721845,1782884272773763,True,True
25426070,0.00298700,3806.00000000,41721846,41721846,1782884312780253,True,True
25426071,0.00298900,8310.00000000,41721847,41721847,1782884317029936,False,True
25426072,0.00298800,4083.00000000,41721848,41721848,1782884332773589,True,True
25426073,0.00298700,3821.00000000,41721849,41721849,1782884352773558,True,True
25426074,0.00298600,8492.00000000,41721850,41721851,1782884372781938,True,True
25426075,0.00298600,14800.00000000,41721852,41721853,1782884397580517,True,True
25426076,0.00298500,2244.00000000,41721854,41721854,1782884397580517,True,True
25426077,0.00298700,5059.00000000,41721855,41721856,1782884412774257,True,True
25426078,0.00298800,5742.00000000,41721857,41721858,1782884437785246,True,True
25426079,0.00298900,4573.00000000,41721859,41721859,1782884467774984,True,True
25426080,0.00298800,4456.00000000,41721860,41721860,1782884492780297,True,True
25426081,0.00298800,3403.00000000,41721861,41721861,1782884512773778,True,True
25426082,0.00298700,3348.00000000,41721862,41721862,1782884527782135,True,True
25426083,0.00298700,8443.00000000,41721863,41721864,1782884547781347,True,True
25426084,0.00298600,7902.00000000,41721865,41721866,1782884587784073,True,True
25426085,0.00298900,5807.00000000,41721867,41721868,1782884627788096,True,True
25426086,0.00298900,6649.00000000,41721869,41721869,1782884657773763,True,True
25426087,0.00298900,4496.00000000,41721870,41721870,1782884687779197,True,True
25426088,0.00299100,5483.00000000,41721871,41721872,1782884712775705,True,True
25426089,0.00299100,5810.00000000,41721873,41721873,1782884737785351,True,True
25426090,0.00299100,8043.00000000,41721874,41721875,1782884767783687,True,True
25426091,0.00299000,755.00000000,41721876,41721876,1782884767783687,True,True
25426092,0.00299000,4811.00000000,41721877,41721877,1782884807780229,True,True
25426093,0.00299000,4840.00000000,41721878,41721878,1782884837773461,True,True
25426094,0.00298800,4195.00000000,41721879,41721879,1782884857786311,True,True
25426095,0.00298800,5670.00000000,41721880,41721880,1782884877773794,True,True
25426096,0.00298900,3167.00000000,41721881,41721881,1782884907780570,True,True
25426097,0.00298900,4530.00000000,41721882,41721882,1782884922773941,True,True
25426098,0.00298900,5936.00000000,41721883,41721884,1782884942781359,True,True
25426099,0.00298800,4935.00000000,41721885,41721886,1782884972775075,True,True
25426100,0.00298700,1714.00000000,41721887,41721887,1782884972775075,True,True
25426101,0.00298500,8795.00000000,41721888,41721889,1782885007773932,True,True
25426102,0.00298700,6150.00000000,41721890,41721891,1782885052773744,True,True
25426103,0.00298800,4380.00000000,41721892,41721892,1782885082783315,True,True
25426104,0.00298800,5769.00000000,41721893,41721894,1782885102773499,True,True
25426105,0.00298700,3199.00000000,41721895,41721895,1782885132774737,True,True
25426106,0.00298500,6304.00000000,41721896,41721896,1782885147780076,True,True
25426107,0.00298600,8057.00000000,41721897,41721898,1782885182780336,True,True
25426108,0.00298500,4463.00000000,41721899,41721899,1782885222773588,True,True
25426109,0.00298500,4536.00000000,41721900,41721900,1782885242781916,True,True
25426110,0.00298400,4515.00000000,41721901,41721901,1782885242781916,True,True
25426111,0.00298400,3951.00000000,41721902,41721902,1782885287780332,True,True
25426112,0.00298300,7460.00000000,41721903,41721903,1782885307773397,True,True
25426113,0.00298300,6656.00000000,41721904,41721905,1782885342774353,True,True
25426114,0.00298400,7951.00000000,41721906,41721907,1782885377773469,True,True
25426115,0.00298500,2908.00000000,41721908,41721908,1782885417773453,True,True
25426116,0.00298500,3482.00000000,41721909,41721909,1782885423417737,True,True
25426117,0.00297900,28890.00000000,41721910,41721911,1782885750256037,True,True
25426118,0.00298200,4798.00000000,41721912,41721912,1782885791511944,False,True
25426119,0.00298100,5867.00000000,41721913,41721913,1782885792447812,False,True
25426120,0.00298000,10264.00000000,41721914,41721914,1782885845434130,False,True
25426121,0.00298100,14800.00000000,41721915,41721916,1782885845434130,False,True
25426122,0.00298500,10264.00000000,41721917,41721917,1782885845434130,False,True
25426123,0.00298500,60058.00000000,41721918,41721918,1782885845435707,True,True
25426124,0.00298500,196339.00000000,41721919,41721919,1782885845435717,True,True
25426125,0.00298500,154690.00000000,41721920,41721920,1782885845435791,True,True
25426126,0.00297800,6715.00000000,41721921,41721921,1782885845437537,True,True
25426127,0.00297700,1560.00000000,41721922,41721922,1782885845437537,True,True
25426128,0.00297900,13500.00000000,41721923,41721923,1782885845437797,False,True
25426129,0.00297900,11356.00000000,41721924,41721924,1782885845437882,False,True
25426130,0.00298300,1859.00000000,41721925,41721925,1782885951636709,False,True
25426131,0.00298100,2000.00000000,41721926,41721926,1782886024164904,False,True
25426132,0.00297400,10264.00000000,41721927,41721927,1782886210258846,True,True
25426133,0.00297400,10264.00000000,41721928,41721928,1782886212280883,True,True
25426134,0.00296700,5208.00000000,41721929,41721929,1782886911349874,True,True
25426135,0.00295900,14880.00000000,41721930,41721930,1782886976108032,True,True
25426136,0.00295900,8275.00000000,41721931,41721931,1782886976121416,True,True
25426137,0.00296000,4522.00000000,41721932,41721932,1782886976141641,False,True
25426138,0.00296100,8630.00000000,41721933,41721933,1782887035372449,False,True
25426139,0.00295600,42780.00000000,41721934,41721934,1782887672890806,True,True
25426140,0.00295600,3321.00000000,41721935,41721935,1782887673030259,True,True
25426141,0.00295600,3368.00000000,41721936,41721936,1782887673049597,True,True
25426142,0.00295700,7090.00000000,41721937,41721937,1782887673419341,False,True
25426143,0.00295000,2948.00000000,41721938,41721938,1782887775350611,True,True
25426144,0.00295000,2948.00000000,41721939,41721939,1782887784502961,False,True
25426145,0.00295200,4536.00000000,41721940,41721940,1782887804128765,False,True
25426146,0.00294400,3018.00000000,41721941,41721941,1782887843820378,True,True
25426147,0.00294500,4272.00000000,41721942,41721942,1782887873180023,False,True
25426148,0.00294700,4536.00000000,41721943,41721943,1782888219628893,False,True
25426149,0.00294900,7335.00000000,41721944,41721944,1782888219628893,False,True
25426150,0.00294000,4536.00000000,41721945,41721945,1782888350966269,False,True
25426151,0.00293700,8275.00000000,41721946,41721946,1782888360378808,True,True
25426152,0.00293700,7153.00000000,41721947,41721947,1782888360515967,True,True
25426153,0.00293700,7153.00000000,41721948,41721948,1782888360516154,True,True
25426154,0.00293700,7153.00000000,41721949,41721949,1782888360516612,True,True
25426155,0.00293700,35766.00000000,41721950,41721950,1782888360517372,True,True
25426156,0.00293400,7153.00000000,41721951,41721951,1782888360518210,True,True
25426157,0.00293400,4470.00000000,41721952,41721952,1782888360520386,True,True
25426158,0.00293400,4470.00000000,41721953,41721953,1782888360520422,True,True
25426159,0.00293200,4536.00000000,41721954,41721954,1782888382750668,False,True
25426160,0.00293800,11522.00000000,41721955,41721956,1782888571308496,True,True
25426161,0.00294000,6877.00000000,41721957,41721957,1782888686056248,True,True
25426162,0.00294100,4536.00000000,41721958,41721958,1782889013829358,False,True
25426163,0.00293800,3510.00000000,41721959,41721959,1782889025129531,True,True
25426164,0.00293800,10264.00000000,41721960,41721960,1782889170210556,True,True
25426165,0.00293700,5808.00000000,41721961,41721961,1782889170210556,True,True
25426166,0.00293700,8992.00000000,41721962,41721963,1782889170210760,True,True
25426167,0.00293600,1272.00000000,41721964,41721964,1782889170316393,False,True
25426168,0.00293600,10176.00000000,41721965,41721968,1782889436428756,False,True
25426169,0.00293200,1890.00000000,41721969,41721969,1782889526326029,True,True
25426170,0.00293400,6279.00000000,41721970,41721970,1782889746745889,True,True
25426171,0.00294200,18011.00000000,41721971,41721972,1782890182278493,False,True
25426172,0.00294200,6457.00000000,41721973,41721973,1782890182280407,True,True
25426173,0.00294200,6457.00000000,41721974,41721974,1782890182280483,True,True
25426174,0.00294200,4077.00000000,41721975,41721975,1782890182280756,True,True
25426175,0.00294200,4376.00000000,41721976,41721976,1782890182280796,True,True
25426176,0.00294200,4077.00000000,41721977,41721977,1782890182280821,True,True
25426177,0.00294300,10264.00000000,41721978,41721978,1782890214120252,True,True
25426178,0.00294200,45725.00000000,41721979,41721979,1782890214120252,True,True
25426179,0.00294200,12445.00000000,41721980,41721980,1782890290711929,True,True
25426180,0.00293900,2699.00000000,41721981,41721981,1782890485418812,True,True
25426181,0.00293900,7565.00000000,41721982,41721982,1782890486033342,True,True
25426182,0.00293800,14800.00000000,41721983,41721984,1782890486033342,True,True
25426183,0.00294900,13471.00000000,41721985,41721985,1782890619899662,False,True
25426184,0.00294400,10127.00000000,41721986,41721986,1782890974908728,True,True
25426185,0.00294900,10968.00000000,41721987,41721988,1782891291466516,True,True
25426186,0.00294900,15681.00000000,41721989,41721993,1782891315200955,True,True
25426187,0.00294800,14800.00000000,41721994,41721995,1782891315200955,True,True
25426188,0.00294700,1911.00000000,41721996,41721996,1782891315200955,True,True
25426189,0.00294400,10264.00000000,41721997,41721997,1782891315200955,True,True
25426190,0.00294300,6852.00000000,41721998,41721998,1782891315200955,True,True
25426191,0.00294300,1777.00000000,41721999,41721999,1782892065894273,True,True
25426192,0.00294500,7051.00000000,41722000,41722000,1782892292949647,False,True
25426193,0.00294400,4536.00000000,41722001,41722001,1782892408504354,True,True
25426194,0.00294400,4536.00000000,41722002,41722002,1782892412150646,True,True
25426195,0.00294400,4536.00000000,41722003,41722003,1782892478939990,False,True
25426196,0.00294700,2381.00000000,41722004,41722004,1782892552911822,False,True
25426197,0.00294600,4230.00000000,41722005,41722005,1782892849890447,False,True
25426198,0.00294100,13619.00000000,41722006,41722006,1782892912901249,True,True
25426199,0.00293800,5852.00000000,41722007,41722007,1782892927570072,True,True
25426200,0.00293800,73790.00000000,41722008,41722008,1782892927575806,True,True
25426201,0.00293800,6153.00000000,41722009,41722010,1782892966070262,False,True
25426202,0.00294500,4433.00000000,41722011,41722011,1782892973255855,False,True
25426203,0.00294200,10264.00000000,41722012,41722012,1782893036228140,True,True
25426204,0.00295200,13619.00000000,41722013,41722013,1782893148305011,False,True
25426205,0.00295300,15419.00000000,41722014,41722014,1782893148305088,False,True
25426206,0.00295200,21341.00000000,41722015,41722017,1782893184887507,False,True
25426207,0.00295200,300.00000000,41722018,41722018,1782893184887516,False,True
25426208,0.00295300,18243.00000000,41722019,41722020,1782893184887516,False,True
25426209,0.00295700,10264.00000000,41722021,41722021,1782893184888703,False,True
25426210,0.00295800,29337.00000000,41722022,41722023,1782893184888703,False,True
25426211,0.00295900,10264.00000000,41722024,41722024,1782893184888703,False,True
25426212,0.00295900,39884.00000000,41722025,41722025,1782893184890073,True,True
25426213,0.00295000,4717.00000000,41722026,41722026,1782893184898093,True,True
25426214,0.00295000,4717.00000000,41722027,41722027,1782893184898237,True,True
25426215,0.00295300,8275.00000000,41722028,41722028,1782893184903043,False,True
25426216,0.00295500,10264.00000000,41722029,41722029,1782893184914950,False,True
25426217,0.00295600,51380.00000000,41722030,41722033,1782893184914950,False,True
25426218,0.00295000,830.00000000,41722034,41722034,1782893184917086,True,True
25426219,0.00294900,1912.00000000,41722035,41722035,1782893184917086,True,True
25426220,0.00295000,2784.00000000,41722036,41722036,1782893186358638,True,True
25426221,0.00294900,4536.00000000,41722037,41722037,1782893220861956,True,True
25426222,0.00294800,1293.00000000,41722038,41722038,1782893220861956,True,True
25426223,0.00294800,4168.00000000,41722039,41722039,1782893232512016,True,True
25426224,0.00295700,1764.00000000,41722040,41722040,1782893313830016,False,True
25426225,0.00295100,2839.00000000,41722041,41722041,1782893824121749,False,True
25426226,0.00294300,3906.00000000,41722042,41722042,1782894049334250,True,True
25426227,0.00294300,4167.00000000,41722043,41722043,1782894143591104,True,True
25426228,0.00294400,4609.00000000,41722044,41722044,1782894184455914,False,True
25426229,0.00294800,1788.00000000,41722045,41722045,1782894196902704,False,True
25426230,0.00294300,7510.00000000,41722046,41722046,1782894208332805,True,True
25426231,0.00293600,4086.00000000,41722047,41722047,1782894779184697,True,True
25426232,0.00293600,4086.00000000,41722048,41722048,1782894779184836,True,True
25426233,0.00293600,5479.00000000,41722049,41722049,1782894780455762,True,True
25426234,0.00293900,200000.00000000,41722050,41722050,1782894891761683,False,True
25426235,0.00293900,14748.00000000,41722051,41722051,1782894891761696,False,True
25426236,0.00293900,56419.00000000,41722052,41722052,1782894891761971,False,True
25426237,0.00293900,122867.00000000,41722053,41722053,1782894891763112,False,True
25426238,0.00293800,14800.00000000,41722054,41722055,1782894981699393,False,True
25426239,0.00293900,30591.00000000,41722056,41722056,1782894981700678,True,True
25426240,0.00293900,19816.00000000,41722057,41722057,1782894981701458,True,True
25426241,0.00293900,13500.00000000,41722058,41722058,1782894981701564,True,True
25426242,0.00293900,11731.00000000,41722059,41722059,1782894981701995,True,True
25426243,0.00293900,4082.00000000,41722060,41722060,1782894981702701,True,True
25426244,0.00293900,4082.00000000,41722061,41722061,1782894981702907,True,True
25426245,0.00293900,4082.00000000,41722062,41722062,1782894981705430,True,True
25426246,0.00293900,4082.00000000,41722063,41722063,1782894981705589,True,True
25426247,0.00294100,4536.00000000,41722064,41722064,1782894998511398,False,True
25426248,0.00294200,14800.00000000,41722065,41722066,1782895006385514,False,True
25426249,0.00294300,16492.00000000,41722067,41722067,1782895006387177,True,True
25426250,0.00294300,199043.00000000,41722068,41722068,1782895006388648,True,True
25426251,0.00293700,6454.00000000,41722069,41722069,1782895006389337,True,True
25426252,0.00293700,6454.00000000,41722070,41722071,1782895006389341,True,True
25426253,0.00293700,1892.00000000,41722072,41722072,1782895006389497,True,True
25426254,0.00293700,4085.00000000,41722073,41722073,1782895006390448,False,True
25426255,0.00293700,252.00000000,41722074,41722074,1782895006390457,False,True
25426256,0.00294200,10264.00000000,41722075,41722075,1782895006407582,False,True
25426257,0.00294300,18225.00000000,41722076,41722076,1782895006407582,False,True
25426258,0.00294400,10264.00000000,41722077,41722077,1782895006407582,False,True
25426259,0.00294600,844.00000000,41722078,41722078,1782895006407582,False,True
25426260,0.00294200,14800.00000000,41722079,41722080,1782895074447900,False,True
25426261,0.00294500,28079.00000000,41722081,41722082,1782895074447900,False,True
25426262,0.00294600,9420.00000000,41722083,41722083,1782895074447900,False,True
25426263,0.00294700,23915.00000000,41722084,41722085,1782895074447900,False,True
25426264,0.00294900,27758.00000000,41722086,41722088,1782895074447900,False,True
25426265,0.00295000,59733.00000000,41722089,41722090,1782895074447900,False,True
25426266,0.00295100,75335.00000000,41722091,41722092,1782895074447900,False,True
25426267,0.00295200,97660.00000000,41722093,41722094,1782895074447900,False,True
25426268,0.00294200,4536.00000000,41722095,41722095,1782895123846871,False,True
25426269,0.00294300,3726.00000000,41722096,41722096,1782895129717446,True,True
25426270,0.00294800,5638.00000000,41722097,41722097,1782895440550186,False,True
25426271,0.00294400,2135.00000000,41722098,41722098,1782895661684050,True,True
25426272,0.00294700,9512.00000000,41722099,41722099,1782895770030037,False,True
25426273,0.00295200,4536.00000000,41722100,41722100,1782895920525529,False,True
25426274,0.00295400,7705.00000000,41722101,41722101,1782895990174907,False,True
25426275,0.00295700,7101.00000000,41722102,41722102,1782896042149443,False,True
25426276,0.00295700,178.00000000,41722103,41722103,1782896042149571,False,True
25426277,0.00295700,34362.00000000,41722104,41722106,1782896044659565,False,True
25426278,0.00295600,14748.00000000,41722107,41722107,1782896223805616,False,True
25426279,0.00295600,200000.00000000,41722108,41722108,1782896223805682,False,True
25426280,0.00295600,200000.00000000,41722109,41722109,1782896223805698,False,True
25426281,0.00295600,200000.00000000,41722110,41722110,1782896223805721,False,True
25426282,0.00295600,200000.00000000,41722111,41722111,1782896223805748,False,True
25426283,0.00295600,14748.00000000,41722112,41722112,1782896223805838,False,True
25426284,0.00295600,14748.00000000,41722113,41722113,1782896223805844,False,True
25426285,0.00295600,14748.00000000,41722114,41722114,1782896223805867,False,True
25426286,0.00295600,14748.00000000,41722115,41722115,1782896223805977,False,True
25426287,0.00295600,200000.00000000,41722116,41722116,1782896223806026,False,True
25426288,0.00295600,42016.00000000,41722117,41722117,1782896223806043,False,True
25426289,0.00295600,200000.00000000,41722118,41722118,1782896223806144,False,True
25426290,0.00295600,200000.00000000,41722119,41722119,1782896223806181,False,True
25426291,0.00295600,14748.00000000,41722120,41722120,1782896223806185,False,True
25426292,0.00295600,7115.00000000,41722121,41722121,1782896223806356,False,True
25426293,0.00295600,14748.00000000,41722122,41722122,1782896223806399,False,True
25426294,0.00295600,14748.00000000,41722123,41722123,1782896223806639,False,True
25426295,0.00295600,200000.00000000,41722124,41722124,1782896223806914,False,True
25426296,0.00295600,160000.00000000,41722125,41722125,1782896223807155,False,True
25426297,0.00295600,200000.00000000,41722126,41722126,1782896223807443,False,True
25426298,0.00295600,14748.00000000,41722127,41722127,1782896223807533,False,True
25426299,0.00295600,90241.00000000,41722128,41722128,1782896223807642,False,True
25426300,0.00295600,14748.00000000,41722129,41722129,1782896223807645,False,True
25426301,0.00295600,14748.00000000,41722130,41722130,1782896223807699,False,True
25426302,0.00295600,54616.00000000,41722131,41722131,1782896223807782,False,True
25426303,0.00295600,14748.00000000,41722132,41722132,1782896223807804,False,True
25426304,0.00295600,200000.00000000,41722133,41722133,1782896223807827,False,True
25426305,0.00295600,200000.00000000,41722134,41722134,1782896223807976,False,True
25426306,0.00295600,105252.00000000,41722135,41722135,1782896223807984,False,True
25426307,0.00295600,200000.00000000,41722136,41722136,1782896223807993,False,True
25426308,0.00295600,124507.00000000,41722137,41722137,1782896223809852,False,True
25426309,0.00296100,107097.00000000,41722138,41722139,1782896223816583,False,True
25426310,0.00296200,10264.00000000,41722140,41722140,1782896223816583,False,True
25426311,0.00296300,33162.00000000,41722141,41722142,1782896223816583,False,True
25426312,0.00296300,26252.00000000,41722143,41722143,1782896223817581,False,True
25426313,0.00296300,30492.00000000,41722144,41722144,1782896223819455,False,True
25426314,0.00296400,10264.00000000,41722145,41722145,1782896223819455,False,True
25426315,0.00296500,120060.00000000,41722146,41722146,1782896223819455,False,True
25426316,0.00296500,40006.00000000,41722147,41722147,1782896223819728,False,True
25426317,0.00296500,106938.00000000,41722148,41722148,1782896223819730,False,True
25426318,0.00296400,10264.00000000,41722149,41722149,1782896223821465,False,True
25426319,0.00296500,77375.00000000,41722150,41722150,1782896223821465,False,True
25426320,0.00297200,1944.00000000,41722151,41722151,1782896803624972,False,True
25426321,0.00296800,2575.00000000,41722152,41722152,1782897052818555,True,True
25426322,0.00296900,38853.00000000,41722153,41722154,1782897052841721,False,True
25426323,0.00296800,9235.00000000,41722155,41722155,1782897079620316,True,True
25426324,0.00296700,4043.00000000,41722156,41722156,1782897114629830,True,True
25426325,0.00296700,4043.00000000,41722157,41722157,1782897114629944,True,True
25426326,0.00296700,5440.00000000,41722158,41722158,1782897123387869,True,True
25426327,0.00296400,10269.00000000,41722159,41722159,1782897268603988,True,True
25426328,0.00296900,1684.00000000,41722160,41722160,1782897343215518,False,True
25426329,0.00296600,8957.00000000,41722161,41722161,1782897611695035,True,True
25426330,0.00296900,1717.00000000,41722162,41722162,1782897675622920,False,True
25426331,0.00296900,4722.00000000,41722163,41722163,1782897705191402,False,True
25426332,0.00296500,8447.00000000,41722164,41722164,1782897934895797,True,True
25426333,0.00296300,10264.00000000,41722165,41722165,1782897957584068,True,True
25426334,0.00296200,783.00000000,41722166,41722166,1782897957584068,True,True
25426335,0.00296300,4536.00000000,41722167,41722167,1782898091946265,False,True
25426336,0.00296500,3184.00000000,41722168,41722168,1782898107898533,False,True
25426337,0.00296800,10104.00000000,41722169,41722169,1782898363650239,False,True
25426338,0.00296400,10264.00000000,41722170,41722170,1782898388228984,True,True
25426339,0.00296300,14800.00000000,41722171,41722172,1782898388228984,True,True
25426340,0.00296200,10264.00000000,41722173,41722173,1782898388228984,True,True
25426341,0.00296100,11911.00000000,41722174,41722175,1782898388228984,True,True
25426342,0.00296000,20264.00000000,41722176,41722177,1782898388228984,True,True
25426343,0.00295900,10060.00000000,41722178,41722178,1782898388228984,True,True
25426344,0.00296400,18383.00000000,41722179,41722180,1782898442154005,True,True
25426345,0.00296300,32272.00000000,41722181,41722184,1782898442154005,True,True
25426346,0.00296400,20973.00000000,41722185,41722186,1782898453301947,True,True
25426347,0.00296300,49663.00000000,41722187,41722187,1782898453301947,True,True
25426348,0.00296400,20581.00000000,41722188,41722189,1782898455399520,True,True
25426349,0.00296300,32562.00000000,41722190,41722190,1782898455399520,True,True
25426350,0.00296300,16919.00000000,41722191,41722192,1782898471298859,True,True
25426351,0.00296300,3418.00000000,41722193,41722193,1782898480033791,True,True
25426352,0.00296000,17020.00000000,41722194,41722195,1782898480033791,True,True
25426353,0.00295900,10204.00000000,41722196,41722197,1782898480033791,True,True
25426354,0.00295800,22175.00000000,41722198,41722200,1782898480033791,True,True
25426355,0.00295700,25681.00000000,41722201,41722201,1782898480033791,True,True
25426356,0.00296500,6756.00000000,41722202,41722202,1782898487331308,False,True
25426357,0.00296300,10264.00000000,41722203,41722203,1782898502110924,True,True
25426358,0.00296200,14800.00000000,41722204,41722205,1782898502110924,True,True
25426359,0.00295900,10000.00000000,41722206,41722206,1782898502110924,True,True
25426360,0.00295800,17975.00000000,41722207,41722208,1782898502110924,True,True
25426361,0.00296500,3772.00000000,41722209,41722209,1782898502414882,True,True
25426362,0.00296300,4536.00000000,41722210,41722210,1782898544243138,True,True
25426363,0.00296000,17020.00000000,41722211,41722212,1782898544243138,True,True
25426364,0.00295900,10264.00000000,41722213,41722213,1782898544243138,True,True
25426365,0.00295800,16938.00000000,41722214,41722215,1782898544243138,True,True
25426366,0.00296400,4536.00000000,41722216,41722216,1782898657346211,True,True
25426367,0.00296100,10264.00000000,41722217,41722217,1782898657346211,True,True
25426368,0.00295900,20264.00000000,41722218,41722219,1782898657346211,True,True
25426369,0.00295800,17549.00000000,41722220,41722222,1782898657346211,True,True
25426370,0.00296500,143901.00000000,41722223,41722227,1782898680652356,True,True
25426371,0.00296100,27723.00000000,41722228,41722228,1782898680655489,True,True
25426372,0.00296100,773.00000000,41722229,41722229,1782898680655775,True,True
25426373,0.00296000,10264.00000000,41722230,41722230,1782898680655775,True,True
25426374,0.00295900,10000.00000000,41722231,41722231,1782898680655775,True,True
25426375,0.00295800,7420.00000000,41722232,41722232,1782898680655775,True,True
25426376,0.00295800,26412.00000000,41722233,41722236,1782898680655838,True,True
25426377,0.00296100,16913.00000000,41722237,41722237,1782898680656369,True,True
25426378,0.00295800,2045.00000000,41722238,41722238,1782898680656840,True,True
25426379,0.00296100,3356.00000000,41722239,41722239,1782898680657132,True,True
25426380,0.00296100,6908.00000000,41722240,41722240,1782898680658849,True,True
25426381,0.00295900,540.00000000,41722241,41722241,1782898680658849,True,True
25426382,0.00295900,27841.00000000,41722242,41722243,1782898696942466,True,True
25426383,0.00295800,14800.00000000,41722244,41722245,1782898696942466,True,True
25426384,0.00295700,25089.00000000,41722246,41722247,1782898696942466,True,True
25426385,0.00295700,12739.00000000,41722248,41722248,1782898837131436,True,True
25426386,0.00295700,14748.00000000,41722249,41722249,1782898837132552,True,True
25426387,0.00295700,192463.00000000,41722250,41722250,1782898837132707,True,True
25426388,0.00295700,200000.00000000,41722251,41722251,1782898837132972,True,True
25426389,0.00295300,79351.00000000,41722252,41722252,1782898863867905,True,True
25426390,0.00295400,4536.00000000,41722253,41722253,1782899014483700,True,True
25426391,0.00295300,4536.00000000,41722254,41722254,1782899140919496,True,True
25426392,0.00295200,17747.00000000,41722255,41722255,1782899140919496,True,True
25426393,0.00294900,15580.00000000,41722256,41722256,1782899311097076,True,True
25426394,0.00294500,13637.00000000,41722257,41722257,1782899343596261,True,True
25426395,0.00294400,4536.00000000,41722258,41722258,1782899343648347,True,True
25426396,0.00294600,14800.00000000,41722259,41722260,1782899416814160,True,True
25426397,0.00294500,33927.00000000,41722261,41722262,1782899416814160,True,True
25426398,0.00294400,51641.00000000,41722263,41722265,1782899416814160,True,True
25426399,0.00294200,10264.00000000,41722266,41722266,1782899416814160,True,True
25426400,0.00294100,1912.00000000,41722267,41722267,1782899416814160,True,True
25426401,0.00294000,64282.00000000,41722268,41722269,1782899416814160,True,True
25426402,0.00293900,186851.00000000,41722270,41722272,1782899416814160,True,True
25426403,0.00293800,186738.00000000,41722273,41722275,1782899416814160,True,True
25426404,0.00293700,176287.00000000,41722276,41722277,1782899416814160,True,True
25426405,0.00293600,10000.00000000,41722278,41722278,1782899416814160,True,True
25426406,0.00293600,13551.00000000,41722279,41722279,1782899416815637,False,True
25426407,0.00293600,107643.00000000,41722280,41722280,1782899416815666,False,True
25426408,0.00294300,10264.00000000,41722281,41722281,1782899417824973,False,True
25426409,0.00294400,6756.00000000,41722282,41722282,1782899417824973,False,True
25426410,0.00294600,9545.00000000,41722283,41722283,1782899417824973,False,True
25426411,0.00294600,5255.00000000,41722284,41722285,1782899417825406,False,True
25426412,0.00294800,10264.00000000,41722286,41722286,1782899417825406,False,True
25426413,0.00294900,10000.00000000,41722287,41722287,1782899417825406,False,True
25426414,0.00294900,1046.00000000,41722288,41722288,1782899417828056,True,True
25426415,0.00294300,12847.00000000,41722289,41722289,1782899417829690,False,True
25426416,0.00294200,26388.00000000,41722290,41722294,1782899418304134,True,True
25426417,0.00294100,10264.00000000,41722295,41722295,1782899418304134,True,True
25426418,0.00294000,7993.00000000,41722296,41722296,1782899418304134,True,True
25426419,0.00294300,4536.00000000,41722297,41722297,1782899429261412,True,True
25426420,0.00295000,4582.00000000,41722298,41722298,1782899742482470,False,True
25426421,0.00295000,2537.00000000,41722299,41722299,1782899742489559,False,True
25426422,0.00295000,3145.00000000,41722300,41722300,1782899742491071,False,True
25426423,0.00295300,3482.00000000,41722301,41722301,1782899742491071,False,True
25426424,0.00295300,4582.00000000,41722302,41722302,1782899742508093,False,True
25426425,0.00295300,15646.00000000,41722303,41722305,1782899742714490,False,True
25426426,0.00295400,10000.00000000,41722306,41722306,1782899742747003,False,True
25426427,0.00295400,8054.00000000,41722307,41722307,1782899742763244,False,True
25426428,0.00295400,5649.00000000,41722308,41722308,1782899742781953,False,True
25426429,0.00295400,5649.00000000,41722309,41722309,1782899742784638,False,True
25426430,0.00295400,9889.00000000,41722310,41722310,1782899742793569,False,True
25426431,0.00295400,10122.00000000,41722311,41722311,1782899742801032,False,True
25426432,0.00295300,4536.00000000,41722312,41722312,1782899875769213,True,True
25426433,0.00295200,4536.00000000,41722313,41722313,1782899890180029,True,True
25426434,0.00295400,6466.00000000,41722314,41722314,1782900153133728,False,True
25426435,0.00295400,3798.00000000,41722315,41722315,1782900170854089,False,True
25426436,0.00295500,2296.00000000,41722316,41722316,1782900170854089,False,True
25426437,0.00295600,10000.00000000,41722317,41722317,1782900234063316,False,True
25426438,0.00295700,4536.00000000,41722318,41722318,1782900234090928,False,True
25426439,0.00295800,10264.00000000,41722319,41722319,1782900234183366,False,True
25426440,0.00295900,23901.00000000,41722320,41722321,1782900234183366,False,True
25426441,0.00296200,4536.00000000,41722322,41722322,1782900343477857,True,True
25426442,0.00296000,2161.00000000,41722323,41722323,1782900343477857,True,True
25426443,0.00296000,4480.00000000,41722324,41722324,1782900422870956,True,True
25426444,0.00296500,10264.00000000,41722325,41722325,1782900502123115,False,True
25426445,0.00296600,17386.00000000,41722326,41722327,1782900502123115,False,True
25426446,0.00296600,2878.00000000,41722328,41722328,1782900506912588,False,True
25426447,0.00296700,14536.00000000,41722329,41722330,1782900506942328,False,True
25426448,0.00295800,4536.00000000,41722331,41722331,1782900693027588,True,True
25426449,0.00296200,4516.00000000,41722332,41722332,1782901238924689,True,True
25426450,0.00296300,4628.00000000,41722333,41722333,1782901239052066,False,True
25426451,0.00296200,4536.00000000,41722334,41722334,1782901244229191,True,True
25426452,0.00296300,16919.00000000,41722335,41722335,1782901389744124,True,True
25426453,0.00296300,124829.00000000,41722336,41722336,1782901389746070,True,True
25426454,0.00296000,8279.00000000,41722337,41722337,1782901429458686,False,True
25426455,0.00295600,4536.00000000,41722338,41722338,1782901794152677,True,True
25426456,0.00295300,10264.00000000,41722339,41722339,1782901794152677,True,True
25426457,0.00295100,165995.00000000,41722340,41722340,1782901794152677,True,True
25426458,0.00295000,12175.00000000,41722341,41722342,1782901794152677,True,True
25426459,0.00294900,8403.00000000,41722343,41722343,1782901794152677,True,True
25426460,0.00295700,4536.00000000,41722344,41722344,1782901804900275,True,True
25426461,0.00295700,3131.00000000,41722345,41722345,1782901957495408,True,True
25426462,0.00295700,6263.00000000,41722346,41722347,1782901957497520,True,True
25426463,0.00295700,4167.00000000,41722348,41722348,1782901957500055,True,True
25426464,0.00295700,3776.00000000,41722349,41722349,1782901957501466,True,True
25426465,0.00295700,4536.00000000,41722350,41722350,1782901964584461,True,True
25426466,0.00295800,4536.00000000,41722351,41722351,1782902050007635,True,True
25426467,0.00295800,4536.00000000,41722352,41722352,1782902052010129,True,True
25426468,0.00295800,4536.00000000,41722353,41722353,1782902054013353,True,True
25426469,0.00295700,4536.00000000,41722354,41722354,1782902062340778,True,True
25426470,0.00295700,4536.00000000,41722355,41722355,1782902124724992,True,True
25426471,0.00295200,8279.00000000,41722356,41722356,1782902168389115,False,True
25426472,0.00295400,10264.00000000,41722357,41722357,1782902222498266,False,True
25426473,0.00296000,4536.00000000,41722358,41722358,1782902331214692,True,True
25426474,0.00296000,4536.00000000,41722359,41722359,1782902339126099,True,True
25426475,0.00296000,9477.00000000,41722360,41722360,1782902520545075,True,True
25426476,0.00295800,5069.00000000,41722361,41722361,1782902584477186,False,True
25426477,0.00295800,3204.00000000,41722362,41722362,1782902584477533,False,True
25426478,0.00296000,4536.00000000,41722363,41722363,1782902844142774,True,True
25426479,0.00296000,4536.00000000,41722364,41722364,1782903072916089,True,True
25426480,0.00296000,1690.00000000,41722365,41722365,1782903252718882,True,True
25426481,0.00295700,2728.00000000,41722366,41722366,1782903285117126,True,True
25426482,0.00295700,2078.00000000,41722367,41722367,1782903315520645,True,True
25426483,0.00295600,8279.00000000,41722368,41722368,1782903541455973,False,True
25426484,0.00295600,5073.00000000,41722369,41722370,1782903541456938,False,True
25426485,0.00295600,3200.00000000,41722371,41722371,1782903541457356,False,True
25426486,0.00295300,12507.00000000,41722372,41722372,1782903541471751,True,True
25426487,0.00295400,4536.00000000,41722373,41722373,1782903669126149,True,True
25426488,0.00295300,4536.00000000,41722374,41722374,1782903734559033,True,True
25426489,0.00295600,10264.00000000,41722375,41722375,1782903816516243,False,True
25426490,0.00295700,3266.00000000,41722376,41722376,1782903816516243,False,True
25426491,0.00295400,4536.00000000,41722377,41722377,1782903824849012,True,True
25426492,0.00294800,10264.00000000,41722378,41722378,1782903824849012,True,True
25426493,0.00294700,10000.00000000,41722379,41722379,1782903824849012,True,True
25426494,0.00294600,27410.00000000,41722380,41722383,1782903824849012,True,True
25426495,0.00294500,11051.00000000,41722384,41722385,1782903824849012,True,True
25426496,0.00295400,2025.00000000,41722386,41722386,1782903860580256,False,True
25426497,0.00295400,2025.00000000,41722387,41722387,1782903860580467,False,True
25426498,0.00295400,2025.00000000,41722388,41722388,1782903860580481,False,True
25426499,0.00295400,2025.00000000,41722389,41722389,1782903860580585,False,True
25426500,0.00295400,3892.00000000,41722390,41722390,1782903860580618,False,True
25426501,0.00295500,12577.00000000,41722391,41722391,1782903860580618,False,True
25426502,0.00295600,20264.00000000,41722392,41722393,1782903860580618,False,True
25426503,0.00295400,34020.00000000,41722394,41722398,1782903925572446,True,True
25426504,0.00295500,1909.00000000,41722399,41722399,1782903947918511,False,True
25426505,0.00295000,10264.00000000,41722400,41722400,1782903954520824,True,True
25426506,0.00294900,18640.00000000,41722401,41722402,1782903954520824,True,True
25426507,0.00294700,17050.00000000,41722403,41722404,1782903954520824,True,True
25426508,0.00294600,50106.00000000,41722405,41722405,1782903954520824,True,True
25426509,0.00295100,6786.00000000,41722406,41722406,1782903954541672,False,True
25426510,0.00295400,14296.00000000,41722407,41722411,1782904004133493,True,True
25426511,0.00295400,2786.00000000,41722412,41722412,1782904147465568,False,True
25426512,0.00295400,2726.00000000,41722413,41722413,1782904147465796,False,True
25426513,0.00295400,2786.00000000,41722414,41722414,1782904147465867,False,True
25426514,0.00295400,1966.00000000,41722415,41722415,1782904147465890,False,True
25426515,0.00295500,820.00000000,41722416,41722416,1782904147465890,False,True
25426516,0.00295300,8280.00000000,41722417,41722417,1782904207488054,False,True
25426517,0.00295300,1984.00000000,41722418,41722418,1782904207488059,False,True
25426518,0.00295400,3094.00000000,41722419,41722419,1782904207488059,False,True
25426519,0.00295400,3195.00000000,41722420,41722420,1782904207488076,False,True
25426520,0.00295700,64229.00000000,41722421,41722421,1782904295675763,False,True
25426521,0.00295700,99536.00000000,41722422,41722422,1782904296380927,False,True
25426522,0.00295700,14748.00000000,41722423,41722423,1782904296382727,False,True
25426523,0.00295700,5267.00000000,41722424,41722424,1782904296382980,False,True
25426524,0.00295700,200000.00000000,41722425,41722425,1782904296383549,False,True
25426525,0.00295700,99536.00000000,41722426,41722426,1782904296383572,False,True
25426526,0.00296200,1706.00000000,41722427,41722427,1782904353313001,False,True
25426527,0.00296200,1706.00000000,41722428,41722428,1782904353313257,False,True
25426528,0.00296300,1706.00000000,41722429,41722429,1782904414543032,False,True
25426529,0.00296300,1706.00000000,41722430,41722430,1782904414543359,False,True
25426530,0.00296300,3520.00000000,41722431,41722431,1782904440649746,False,True
25426531,0.00296300,6693.00000000,41722432,41722432,1782904465958645,False,True
25426532,0.00295600,4423.00000000,41722433,41722433,1782904639253791,True,True
25426533,0.00295600,4657.00000000,41722434,41722434,1782904658253174,True,True
25426534,0.00295900,5275.00000000,41722435,41722435,1782905072329040,True,True
25426535,0.00295900,4989.00000000,41722436,41722436,1782905072329153,True,True
25426536,0.00295800,286.00000000,41722437,41722437,1782905072329153,True,True
25426537,0.00296100,4449.00000000,41722438,41722438,1782905148256880,True,True
25426538,0.00296200,4449.00000000,41722439,41722439,1782905168753450,True,True
25426539,0.00296600,10264.00000000,41722440,41722440,1782905405015815,False,True
25426540,0.00296800,25152.00000000,41722441,41722442,1782905405015815,False,True
25426541,0.00296600,29485.00000000,41722443,41722448,1782905551698309,True,True
25426542,0.00296800,3784.00000000,41722449,41722449,1782905565924961,False,True
25426543,0.00296800,3784.00000000,41722450,41722450,1782905565925006,False,True
25426544,0.00296800,2805.00000000,41722451,41722452,1782905565925170,False,True
25426545,0.00296800,3784.00000000,41722453,41722453,1782905565925323,False,True
25426546,0.00296800,3784.00000000,41722454,41722454,1782905567082008,False,True
25426547,0.00296700,4536.00000000,41722455,41722455,1782905610806832,True,True
25426548,0.00296900,28768.00000000,41722456,41722456,1782905744051642,False,True
25426549,0.00296900,50583.00000000,41722457,41722457,1782905744081472,False,True
25426550,0.00297000,1949.00000000,41722458,41722458,1782905744541316,False,True
25426551,0.00297000,1949.00000000,41722459,41722459,1782905744643103,False,True
25426552,0.00297000,1949.00000000,41722460,41722460,1782905744643364,False,True
25426553,0.00297000,1705.00000000,41722461,41722461,1782905744669948,False,True
25426554,0.00297000,1949.00000000,41722462,41722462,1782905744669965,False,True
25426555,0.00297000,1949.00000000,41722463,41722463,1782905744670159,False,True
25426556,0.00297000,1770.00000000,41722464,41722464,1782905745194279,False,True
25426557,0.00297000,2360.00000000,41722465,41722465,1782905745194572,False,True
25426558,0.00297200,1770.00000000,41722466,41722466,1782905745194572,False,True
25426559,0.00297200,2360.00000000,41722467,41722467,1782905745194596,False,True
25426560,0.00297200,8357.00000000,41722468,41722468,1782906405225844,True,True
25426561,0.00297200,1842.00000000,41722469,41722469,1782906450016896,True,True
25426562,0.00296700,3873.00000000,41722470,41722470,1782906472179620,True,True
25426563,0.00296700,3873.00000000,41722471,41722471,1782906472180586,True,True
25426564,0.00297000,14800.00000000,41722472,41722473,1782906931693271,True,True
25426565,0.00296900,10264.00000000,41722474,41722474,1782906931693271,True,True
25426566,0.00296500,10264.00000000,41722475,41722475,1782906931693271,True,True
25426567,0.00296300,12632.00000000,41722476,41722477,1782906931693271,True,True
25426568,0.00296200,11911.00000000,41722478,41722479,1782906931693271,True,True
25426569,0.00296100,19645.00000000,41722480,41722481,1782906931693271,True,True
25426570,0.00296900,4536.00000000,41722482,41722482,1782906956388300,True,True
25426571,0.00296800,5826.00000000,41722483,41722483,1782906956388300,True,True
25426572,0.00296500,10264.00000000,41722484,41722484,1782906987919478,True,True
25426573,0.00296400,17011.00000000,41722485,41722486,1782906987919478,True,True
25426574,0.00296200,10264.00000000,41722487,41722487,1782906987919478,True,True
25426575,0.00296100,20883.00000000,41722488,41722490,1782906987919478,True,True
25426576,0.00296000,39549.00000000,41722491,41722493,1782906987919478,True,True
25426577,0.00296500,6747.00000000,41722494,41722494,1782906987937819,False,True
25426578,0.00296500,4536.00000000,41722495,41722495,1782907043677313,True,True
25426579,0.00296200,10264.00000000,41722496,41722496,1782907043677313,True,True
25426580,0.00296000,83902.00000000,41722497,41722498,1782907043677313,True,True
25426581,0.00297000,10264.00000000,41722499,41722499,1782907044579657,False,True
25426582,0.00297100,20264.00000000,41722500,41722501,1782907044579657,False,True
25426583,0.00297200,15054.00000000,41722502,41722503,1782907044579657,False,True
25426584,0.00297000,10264.00000000,41722504,41722504,1782907074012196,True,True
25426585,0.00296900,4536.00000000,41722505,41722505,1782907074012196,True,True
25426586,0.00296600,10264.00000000,41722506,41722506,1782907074012196,True,True
25426587,0.00296300,12175.00000000,41722507,41722508,1782907074012196,True,True
25426588,0.00296200,10000.00000000,41722509,41722509,1782907074012196,True,True
25426589,0.00296100,27018.00000000,41722510,41722512,1782907074012196,True,True
25426590,0.00296000,28498.00000000,41722513,41722513,1782907074012196,True,True
25426591,0.00297200,6754.00000000,41722514,41722514,1782907080614708,False,True
25426592,0.00297400,1755.00000000,41722515,41722515,1782907090957372,False,True
25426593,0.00297400,2536.00000000,41722516,41722516,1782907099090588,False,True
25426594,0.00297400,2536.00000000,41722517,41722517,1782907099091074,False,True
25426595,0.00297400,7633.00000000,41722518,41722518,1782907108326361,False,True
25426596,0.00297400,2367.00000000,41722519,41722519,1782907108327830,False,True
25426597,0.00297400,2633.00000000,41722520,41722520,1782907108329967,False,True
25426598,0.00297500,2536.00000000,41722521,41722521,1782907108336975,False,True
25426599,0.00297500,2113.00000000,41722522,41722522,1782907127017595,False,True
25426600,0.00297500,2537.00000000,41722523,41722523,1782907136501878,False,True
25426601,0.00297500,3078.00000000,41722524,41722524,1782907136501900,False,True
25426602,0.00297600,5293.00000000,41722525,41722525,1782907136501900,False,True
25426603,0.00297600,2537.00000000,41722526,41722526,1782907136502171,False,True
25426604,0.00297600,2537.00000000,41722527,41722528,1782907136502242,False,True
25426605,0.00297600,2524.00000000,41722529,41722529,1782907139809056,False,True
25426606,0.00297600,2524.00000000,41722530,41722530,1782907139809156,False,True
25426607,0.00297700,2524.00000000,41722531,41722531,1782907139809440,False,True
25426608,0.00297700,2524.00000000,41722532,41722532,1782907139809590,False,True
25426609,0.00297300,4536.00000000,41722533,41722533,1782907160343460,True,True
25426610,0.00297600,1747.00000000,41722534,41722534,1782907264073166,False,True
25426611,0.00297400,2348.00000000,41722535,41722535,1782907277991682,True,True
25426612,0.00297600,1998.00000000,41722536,41722536,1782907316493918,False,True
25426613,0.00297600,1998.00000000,41722537,41722537,1782907316494066,False,True
25426614,0.00297600,1998.00000000,41722538,41722538,1782907316494166,False,True
25426615,0.00297600,1998.00000000,41722539,41722539,1782907316494285,False,True
25426616,0.00297600,1749.00000000,41722540,41722540,1782907317583755,False,True
25426617,0.00297600,1749.00000000,41722541,41722541,1782907317583891,False,True
25426618,0.00297700,3025.00000000,41722542,41722542,1782907338335447,False,True
25426619,0.00297700,1963.00000000,41722543,41722543,1782907340871917,False,True
25426620,0.00297700,4988.00000000,41722544,41722544,1782907340872059,False,True
25426621,0.00297700,288.00000000,41722545,41722545,1782907340872354,False,True
25426622,0.00297800,4700.00000000,41722546,41722546,1782907340872354,False,True
25426623,0.00297800,8690.00000000,41722547,41722548,1782907340872376,False,True
25426624,0.00297400,8875.00000000,41722549,41722549,1782907348193091,True,True
25426625,0.00297400,9971.00000000,41722550,41722550,1782907416315218,True,True
25426626,0.00296900,6736.00000000,41722551,41722551,1782907431788226,True,True
25426627,0.00296600,72968.00000000,41722552,41722553,1782907467583548,True,True
25426628,0.00296500,4473.00000000,41722554,41722554,1782907611036131,True,True
25426629,0.00296500,14190.00000000,41722555,41722555,1782907651835174,True,True
25426630,0.00296100,10264.00000000,41722556,41722556,1782907963662656,False,True
25426631,0.00296200,17000.00000000,41722557,41722558,1782907963662656,False,True
25426632,0.00296300,10000.00000000,41722559,41722559,1782907963662656,False,True
25426633,0.00296400,12175.00000000,41722560,41722561,1782907963662656,False,True
25426634,0.00296500,6745.00000000,41722562,41722562,1782907963663934,True,True
25426635,0.00296500,7108.00000000,41722563,41722563,1782907963664141,True,True
25426636,0.00297300,32522.00000000,41722564,41722564,1782908427798817,False,True
25426637,0.00297300,32522.00000000,41722565,41722565,1782908435741537,False,True
25426638,0.00297200,10094.00000000,41722566,41722566,1782908498747310,False,True
25426639,0.00297200,170.00000000,41722567,41722567,1782908498748016,False,True
25426640,0.00297200,9489.00000000,41722568,41722568,1782908498748531,False,True
25426641,0.00297300,10360.00000000,41722569,41722569,1782908498786263,False,True
25426642,0.00297400,20264.00000000,41722570,41722571,1782908498818380,False,True
25426643,0.00297500,24800.00000000,41722572,41722574,1782908498818380,False,True
25426644,0.00297900,4536.00000000,41722575,41722575,1782908534722872,True,True
25426645,0.00298200,88655.00000000,41722576,41722576,1782908670066825,False,True
25426646,0.00298700,10264.00000000,41722577,41722577,1782908880785160,False,True
25426647,0.00297700,4538.00000000,41722578,41722578,1782909030803904,True,True
25426648,0.00297700,3227.00000000,41722579,41722579,1782909030803908,True,True
25426649,0.00297700,2499.00000000,41722580,41722580,1782909030804064,True,True
25426650,0.00297600,728.00000000,41722581,41722581,1782909030804064,True,True
25426651,0.00297600,3227.00000000,41722582,41722582,1782909030804287,True,True
25426652,0.00298000,4536.00000000,41722583,41722583,1782909030804683,False,True
25426653,0.00298000,4536.00000000,41722584,41722584,1782909030805527,False,True
25426654,0.00298000,4536.00000000,41722585,41722585,1782909030805645,False,True
25426655,0.00298000,1192.00000000,41722586,41722586,1782909030805906,False,True
25426656,0.00298100,10264.00000000,41722587,41722587,1782909030806762,False,True
25426657,0.00298000,3344.00000000,41722588,41722588,1782909260155533,True,True
25426658,0.00297600,4368.00000000,41722589,41722589,1782909260337403,False,True
25426659,0.00297600,168.00000000,41722590,41722590,1782909260337404,False,True
25426660,0.00297600,9072.00000000,41722591,41722592,1782909260465967,True,True
25426661,0.00297600,31814.00000000,41722593,41722593,1782909296559684,True,True
25426662,0.00297100,10264.00000000,41722594,41722594,1782909320094002,True,True
25426663,0.00297000,19706.00000000,41722595,41722596,1782909320094002,True,True
25426664,0.00296900,10264.00000000,41722597,41722597,1782909320094002,True,True
25426665,0.00296800,10688.00000000,41722598,41722598,1782909320094002,True,True
25426666,0.00297200,7185.00000000,41722599,41722599,1782909320643025,True,True
25426667,0.00296900,19338.00000000,41722600,41722601,1782909321341293,True,True
25426668,0.00296800,1860.00000000,41722602,41722602,1782909321341293,True,True
25426669,0.00297600,20153.00000000,41722603,41722604,1782909356591095,False,True
25426670,0.00297700,12184.00000000,41722605,41722606,1782909356591095,False,True
25426671,0.00297900,21068.00000000,41722607,41722607,1782909356591095,False,True
25426672,0.00298500,8689.00000000,41722608,41722608,1782909900741413,False,True
25426673,0.00298300,10264.00000000,41722609,41722609,1782910157126023,True,True
25426674,0.00298200,11736.00000000,41722610,41722611,1782910157126023,True,True
25426675,0.00298200,13075.00000000,41722612,41722613,1782910366582563,True,True
25426676,0.00297400,29648.00000000,41722614,41722614,1782910412022660,True,True
25426677,0.00297400,29648.00000000,41722615,41722615,1782910412022738,True,True
25426678,0.00297400,29648.00000000,41722616,41722616,1782910412022884,True,True
25426679,0.00297400,10264.00000000,41722617,41722617,1782910412025147,True,True
25426680,0.00298100,3793.00000000,41722618,41722618,1782910691114534,True,True
25426681,0.00298800,2437.00000000,41722619,41722619,1782910904001434,True,True
25426682,0.00298800,4284.00000000,41722620,41722621,1782910912377055,True,True
25426683,0.00299000,20421.00000000,41722622,41722624,1782910930116618,True,True
25426684,0.00299500,3838.00000000,41722625,41722625,1782910966315093,False,True
25426685,0.00299400,91489.00000000,41722626,41722626,1782910981680006,True,True
25426686,0.00299400,63507.00000000,41722627,41722627,1782911023203142,True,True
25426687,0.00299400,1918.00000000,41722628,41722628,1782911457646391,False,True
25426688,0.00299400,3138.00000000,41722629,41722629,1782911457648683,False,True
25426689,0.00299600,4480.00000000,41722630,41722630,1782911523072830,True,True
25426690,0.00299600,4536.00000000,41722631,41722631,1782911584328926,True,True
25426691,0.00300000,2842.00000000,41722632,41722632,1782911726430479,False,True
25426692,0.00300100,3189.00000000,41722633,41722633,1782911847063860,False,True
25426693,0.00299900,10264.00000000,41722634,41722634,1782911847100373,True,True
25426694,0.00300100,2014.00000000,41722635,41722635,1782911848099353,False,True
25426695,0.00300200,1175.00000000,41722636,41722636,1782911848099353,False,True
25426696,0.00300200,3189.00000000,41722637,41722637,1782911848099767,False,True
25426697,0.00300200,3189.00000000,41722638,41722638,1782911848099810,False,True
25426698,0.00300300,6990.00000000,41722639,41722640,1782911904100147,True,True
25426699,0.00300300,11055.00000000,41722641,41722641,1782912376186091,True,True
25426700,0.00300300,16704.00000000,41722642,41722642,1782912376186170,True,True
25426701,0.00300300,29401.00000000,41722643,41722643,1782912377168568,True,True
25426702,0.00300300,28870.00000000,41722644,41722644,1782912377168636,True,True
25426703,0.00300300,16704.00000000,41722645,41722645,1782912377168747,True,True
25426704,0.00300300,29401.00000000,41722646,41722646,1782912377169087,True,True
25426705,0.00300300,18346.00000000,41722647,41722647,1782912377169104,True,True
25426706,0.00300300,105428.00000000,41722648,41722648,1782912377170620,True,True
25426707,0.00300600,10013.00000000,41722649,41722649,1782912533897963,True,True
25426708,0.00301000,10264.00000000,41722650,41722650,1782912592709432,True,True
25426709,0.00300900,22633.00000000,41722651,41722655,1782912593106697,True,True
25426710,0.00300900,27575.00000000,41722656,41722657,1782912595261661,True,True
25426711,0.00300400,4536.00000000,41722658,41722658,1782912600773496,True,True
25426712,0.00297900,116280.00000000,41722659,41722659,1782912611663700,True,True
25426713,0.00297800,17375.00000000,41722660,41722660,1782912611669592,True,True
25426714,0.00298100,4956.00000000,41722661,41722661,1782912611719255,False,True
25426715,0.00298000,10264.00000000,41722662,41722662,1782912611774161,False,True
25426716,0.00298000,10264.00000000,41722663,41722663,1782912611776742,True,True
25426717,0.00298000,3275.00000000,41722664,41722664,1782912611808401,False,True
25426718,0.00298000,3275.00000000,41722665,41722665,1782912611811368,True,True
25426719,0.00298000,47340.00000000,41722666,41722669,1782912611836112,False,True
25426720,0.00298000,47340.00000000,41722670,41722670,1782912611838432,True,True
25426721,0.00298200,13500.00000000,41722671,41722671,1782912612041763,False,True
25426722,0.00298200,643.00000000,41722672,41722672,1782912612041950,False,True
25426723,0.00297500,6713.00000000,41722673,41722673,1782912615685676,True,True
25426724,0.00297900,8279.00000000,41722674,41722675,1782912615864978,False,True
25426725,0.00297700,3741.00000000,41722676,41722676,1782912616087127,False,True
25426726,0.00297700,4660.00000000,41722677,41722677,1782912616194356,False,True
25426727,0.00297200,6729.00000000,41722678,41722678,1782912623930265,True,True
25426728,0.00297000,6734.00000000,41722679,41722679,1782912625063792,True,True
25426729,0.00297100,3275.00000000,41722680,41722680,1782912625221476,False,True
25426730,0.00297100,3275.00000000,41722681,41722681,1782912625423311,True,True
25426731,0.00297300,13509.00000000,41722682,41722682,1782912625426930,False,True
25426732,0.00297300,13509.00000000,41722683,41722685,1782912625426960,False,True
25426733,0.00297300,8245.00000000,41722686,41722686,1782912625427568,False,True
25426734,0.00297300,1782.00000000,41722687,41722687,1782912625429053,True,True
25426735,0.00297300,3473.00000000,41722688,41722688,1782912625429130,True,True
25426736,0.00296700,5208.00000000,41722689,41722689,1782912625791405,True,True
25426737,0.00296500,6558.00000000,41722690,41722691,1782912625851778,True,True
25426738,0.00296900,12829.00000000,41722692,41722692,1782912625882314,False,True
25426739,0.00296400,9808.00000000,41722693,41722694,1782912625882807,True,True
25426740,0.00296900,10264.00000000,41722695,41722695,1782912625883444,False,True
25426741,0.00296900,2565.00000000,41722696,41722696,1782912625883840,True,True
25426742,0.00296400,4904.00000000,41722697,41722697,1782912625888514,True,True
25426743,0.00296400,4903.00000000,41722698,41722698,1782912625888866,True,True
25426744,0.00296400,4900.00000000,41722699,41722699,1782912625891368,True,True
25426745,0.00296300,7092.00000000,41722700,41722700,1782912625918731,True,True
25426746,0.00296300,7090.00000000,41722701,41722701,1782912625920774,True,True
25426747,0.00296300,7090.00000000,41722702,41722702,1782912625920833,True,True
25426748,0.00296300,5868.00000000,41722703,41722703,1782912625925316,True,True
25426749,0.00296300,10512.00000000,41722704,41722705,1782912625926118,True,True
25426750,0.00296300,10510.00000000,41722706,41722707,1782912625932719,True,True
25426751,0.00296300,5254.00000000,41722708,41722708,1782912625935066,True,True
25426752,0.00296300,10264.00000000,41722709,41722710,1782912625937802,True,True
25426753,0.00296600,13500.00000000,41722711,41722711,1782912625942901,True,True
25426754,0.00296200,4726.00000000,41722712,41722712,1782912625962277,True,True
25426755,0.00296200,4726.00000000,41722713,41722713,1782912625966116,True,True
25426756,0.00296500,8111.00000000,41722714,41722714,1782912625975700,True,True
25426757,0.00296000,10465.00000000,41722715,41722715,1782912625997947,True,True
25426758,0.00296300,26507.00000000,41722716,41722717,1782912625999859,False,True
25426759,0.00296300,10264.00000000,41722718,41722718,1782912626001501,False,True
25426760,0.00296300,5979.00000000,41722719,41722720,1782912626004339,True,True
25426761,0.00296400,11370.00000000,41722721,41722722,1782912626004805,False,True
25426762,0.00296400,5204.00000000,41722723,41722723,1782912626004873,False,True
25426763,0.00296400,3954.00000000,41722724,41722724,1782912626004889,False,True
25426764,0.00296500,10465.00000000,41722725,41722725,1782912626004889,False,True
25426765,0.00296600,2155.00000000,41722726,41722726,1782912626004889,False,True
25426766,0.00296600,15383.00000000,41722727,41722728,1782912626005249,False,True
25426767,0.00296600,2178.00000000,41722729,41722729,1782912626005638,False,True
25426768,0.00296700,9192.00000000,41722730,41722730,1782912626005638,False,True
25426769,0.00296000,15201.00000000,41722731,41722732,1782912626033671,True,True
25426770,0.00296000,4729.00000000,41722733,41722733,1782912626037581,True,True
25426771,0.00295900,164686.00000000,41722734,41722734,1782912626053325,True,True
25426772,0.00295800,14748.00000000,41722735,41722735,1782912626054941,True,True
25426773,0.00295800,133057.00000000,41722736,41722736,1782912626055358,True,True
25426774,0.00295800,200000.00000000,41722737,41722737,1782912626055380,True,True
25426775,0.00295700,10483.00000000,41722738,41722738,1782912626134065,True,True
25426776,0.00296100,6620.00000000,41722739,41722739,1782912626142133,False,True
25426777,0.00296100,6620.00000000,41722740,41722741,1782912626142515,False,True
25426778,0.00296100,6482.00000000,41722742,41722742,1782912626144224,False,True
25426779,0.00296200,7323.00000000,41722743,41722743,1782912626144224,False,True
25426780,0.00296200,2941.00000000,41722744,41722744,1782912626144812,False,True
25426781,0.00296300,10864.00000000,41722745,41722746,1782912626144812,False,True
25426782,0.00296300,9171.00000000,41722747,41722747,1782912626147995,False,True
25426783,0.00296300,701.00000000,41722748,41722748,1782912626148692,False,True
25426784,0.00296400,8470.00000000,41722749,41722749,1782912626148692,False,True
25426785,0.00295700,4734.00000000,41722750,41722750,1782912626529561,True,True
25426786,0.00295600,10480.00000000,41722751,41722751,1782912626531140,True,True
25426787,0.00295700,4734.00000000,41722752,41722752,1782912626533233,True,True
25426788,0.00296000,10651.00000000,41722753,41722754,1782912626539102,False,True
25426789,0.00296000,9081.00000000,41722755,41722755,1782912626539284,False,True
25426790,0.00296100,8755.00000000,41722756,41722756,1782912626539284,False,True
25426791,0.00296100,10651.00000000,41722757,41722758,1782912626539531,False,True
25426792,0.00296100,1341.00000000,41722759,41722759,1782912626539581,False,True
25426793,0.00296200,16495.00000000,41722760,41722762,1782912626539581,False,True
25426794,0.00296000,6356.00000000,41722763,41722763,1782912626541416,False,True
25426795,0.00296000,8394.00000000,41722764,41722765,1782912626541697,False,True
25426796,0.00296000,5994.00000000,41722766,41722766,1782912626542061,False,True
25426797,0.00296200,2400.00000000,41722767,41722767,1782912626542061,False,True
25426798,0.00296200,6627.00000000,41722768,41722770,1782912626542164,False,True
25426799,0.00296000,6356.00000000,41722771,41722771,1782912626543807,False,True
25426800,0.00296000,3908.00000000,41722772,41722772,1782912626543986,False,True
25426801,0.00296200,3606.00000000,41722773,41722774,1782912626543986,False,True
25426802,0.00296300,6298.00000000,41722775,41722776,1782912626543986,False,True
25426803,0.00296300,258.00000000,41722777,41722777,1782912626544351,False,True
25426804,0.00296400,1794.00000000,41722778,41722778,1782912626544351,False,True
25426805,0.00296500,4575.00000000,41722779,41722779,1782912626544351,False,True
25426806,0.00296500,10813.00000000,41722780,41722781,1782912626544460,False,True
25426807,0.00296700,2999.00000000,41722782,41722782,1782912626544460,False,True
25426808,0.00296000,8457.00000000,41722783,41722783,1782912626547586,False,True
25426809,0.00296000,1807.00000000,41722784,41722784,1782912626547822,False,True
25426810,0.00296700,7265.00000000,41722785,41722785,1782912626547822,False,True
25426811,0.00296800,5448.00000000,41722786,41722786,1782912626547822,False,True
25426812,0.00296800,4816.00000000,41722787,41722787,1782912626547904,False,True
25426813,0.00296900,2368.00000000,41722788,41722788,1782912626547904,False,True
25426814,0.00296900,7896.00000000,41722789,41722789,1782912626548162,False,True
25426815,0.00297000,6624.00000000,41722790,41722790,1782912626548162,False,True
25426816,0.00297000,7184.00000000,41722791,41722792,1782912626548267,False,True
25426817,0.00295800,4732.00000000,41722793,41722793,1782912626557648,True,True
25426818,0.00295800,4732.00000000,41722794,41722794,1782912627049342,True,True
25426819,0.00296200,35109.00000000,41722795,41722798,1782912628192157,False,True
25426820,0.00296200,117129.00000000,41722799,41722799,1782912632897558,True,True
25426821,0.00296600,34636.00000000,41722800,41722802,1782912636194541,False,True
25426822,0.00296700,4732.00000000,41722803,41722803,1782912643752075,False,True
25426823,0.00298000,8275.00000000,41722804,41722804,1782912679790184,True,True
25426824,0.00298900,10264.00000000,41722805,41722805,1782912900737096,True,True
25426825,0.00298800,1942.00000000,41722806,41722806,1782912960676114,True,True
25426826,0.00300100,5203.00000000,41722807,41722807,1782913025649272,False,True
25426827,0.00300200,141298.00000000,41722808,41722809,1782913025678410,False,True
25426828,0.00300400,10264.00000000,41722810,41722810,1782913027607927,True,True
25426829,0.00300300,8279.00000000,41722811,41722812,1782913034429976,True,True
25426830,0.00299900,3137.00000000,41722813,41722813,1782913160058135,True,True
25426831,0.00299800,15702.00000000,41722814,41722816,1782913165100562,False,True
25426832,0.00299900,3137.00000000,41722817,41722817,1782913182778606,False,True
25426833,0.00300100,6997.00000000,41722818,41722818,1782913215777023,True,True
25426834,0.00300200,8275.00000000,41722819,41722819,1782913251413103,True,True
25426835,0.00301000,23152.00000000,41722820,41722820,1782913313570946,False,True
25426836,0.00301100,10067.00000000,41722821,41722821,1782913313570946,False,True
25426837,0.00301300,11422.00000000,41722822,41722822,1782913464186724,False,True
25426838,0.00301000,15864.00000000,41722823,41722824,1782913464205859,True,True
25426839,0.00301000,2560.00000000,41722825,41722825,1782913488717115,True,True
25426840,0.00301200,11422.00000000,41722826,41722826,1782913500363668,True,True
25426841,0.00301200,10264.00000000,41722827,41722827,1782913500369148,False,True
25426842,0.00301700,4979.00000000,41722828,41722828,1782913500374315,False,True
25426843,0.00301700,4979.00000000,41722829,41722829,1782913500374451,False,True
25426844,0.00301700,3539.00000000,41722830,41722831,1782913500375796,False,True
25426845,0.00301500,10264.00000000,41722832,41722832,1782913509602733,True,True
25426846,0.00301700,7232.00000000,41722833,41722833,1782913515298470,True,True
25426847,0.00302100,23068.00000000,41722834,41722834,1782913609565014,True,True
25426848,0.00301900,1976.00000000,41722835,41722835,1782913611570995,True,True
25426849,0.00301900,8288.00000000,41722836,41722836,1782913615648632,True,True
25426850,0.00301900,23083.00000000,41722837,41722837,1782913627305719,True,True
25426851,0.00302500,6775.00000000,41722838,41722839,1782913714747724,False,True
25426852,0.00302900,5154.00000000,41722840,41722840,1782913770289841,False,True
25426853,0.00303100,10887.00000000,41722841,41722841,1782913865747855,False,True
25426854,0.00302500,2684.00000000,41722842,41722842,1782913868753295,True,True
25426855,0.00303600,3357.00000000,41722843,41722843,1782913906143753,False,True
25426856,0.00303600,3357.00000000,41722844,41722844,1782913906243653,False,True
25426857,0.00303600,3357.00000000,41722845,41722845,1782913906343881,False,True
25426858,0.00303600,3357.00000000,41722846,41722846,1782913906380465,False,True
25426859,0.00303600,2517.00000000,41722847,41722847,1782913906380551,False,True
25426860,0.00303600,2097.00000000,41722848,41722848,1782913906380556,False,True
25426861,0.00303600,2937.00000000,41722849,41722849,1782913906380575,False,True
25426862,0.00303600,5837.00000000,41722850,41722850,1782913906419135,False,True
25426863,0.00303400,13506.00000000,41722851,41722851,1782914024089537,False,True
25426864,0.00303400,9440.00000000,41722852,41722852,1782914024089679,False,True
25426865,0.00303600,3294.00000000,41722853,41722854,1782914144251260,False,True
25426866,0.00303400,3952.00000000,41722855,41722856,1782914181723892,True,True
25426867,0.00303200,2175.00000000,41722857,41722857,1782914181723892,True,True
25426868,0.00303500,1936.00000000,41722858,41722858,1782914326573624,False,True
25426869,0.00303200,16506.00000000,41722859,41722859,1782914579200872,False,True
25426870,0.00304000,22924.00000000,41722860,41722860,1782914663300081,True,True
25426871,0.00303800,3132.00000000,41722861,41722861,1782914664156768,True,True
25426872,0.00303500,4446.00000000,41722862,41722862,1782914835721634,False,True
25426873,0.00303100,15821.00000000,41722863,41722864,1782914843588697,True,True
25426874,0.00303100,19795.00000000,41722865,41722866,1782914865374496,True,True
25426875,0.00303100,19796.00000000,41722867,41722868,1782914883104043,True,True
25426876,0.00303400,21167.00000000,41722869,41722870,1782914901634606,True,True
25426877,0.00303400,10959.00000000,41722871,41722871,1782914903257191,True,True
25426878,0.00303300,25341.00000000,41722872,41722873,1782914905336121,True,True
25426879,0.00303100,8178.00000000,41722874,41722876,1782914915483695,True,True
25426880,0.00303800,10264.00000000,41722877,41722877,1782915035623890,True,True
25426881,0.00303800,26873.00000000,41722878,41722879,1782915039322554,True,True
25426882,0.00303800,12609.00000000,41722880,41722880,1782915041571054,True,True
25426883,0.00304000,13992.00000000,41722881,41722881,1782915057335711,True,True
25426884,0.00303900,23835.00000000,41722882,41722883,1782915061350294,True,True
25426885,0.00303800,1300.00000000,41722884,41722884,1782915061350294,True,True
25426886,0.00303800,32201.00000000,41722885,41722889,1782915065698083,True,True
25426887,0.00304000,12587.00000000,41722890,41722890,1782915077347253,True,True
25426888,0.00304000,12658.00000000,41722891,41722891,1782915079418378,True,True
25426889,0.00304000,10975.00000000,41722892,41722892,1782915081345702,True,True
25426890,0.00304000,14511.00000000,41722893,41722893,1782915093611710,True,True
25426891,0.00304000,10264.00000000,41722894,41722894,1782915093943200,False,True
25426892,0.00304000,8354.00000000,41722895,41722895,1782915111275700,True,True
25426893,0.00304900,14856.00000000,41722896,41722897,1782915221586200,True,True
25426894,0.00304800,1839.00000000,41722898,41722898,1782915223343718,True,True
25426895,0.00304900,5694.00000000,41722899,41722899,1782915225382984,True,True
25426896,0.00304800,15301.00000000,41722900,41722900,1782915239263264,True,True
25426897,0.00305300,15461.00000000,41722901,41722901,1782915304150222,False,True
25426898,0.00305200,6600.00000000,41722902,41722903,1782915313906341,True,True
