25002724,58570.17000000,0.00161000,25875308,25875308,1782864002353586,False,True
25002725,58570.22000000,0.00268000,25875309,25875309,1782864002353586,False,True
25002726,58570.22000000,0.00830000,25875310,25875310,1782864002355222,False,True
25002727,58585.81000000,0.00065000,25875311,25875311,1782864014114197,False,True
25002728,58592.83000000,0.00500000,25875312,25875312,1782864014114197,False,True
25002729,58593.63000000,0.00101000,25875313,25875313,1782864014114197,False,True
25002730,58591.66000000,0.00341000,25875314,25875315,1782864014155629,False,True
25002731,58593.89000000,0.00342000,25875316,25875317,1782864016131895,False,True
25002732,58593.80000000,0.00341000,25875318,25875318,1782864020151776,False,True
25002733,58602.84000000,0.00096000,25875319,25875319,1782864031737583,False,True
25002734,58602.85000000,0.00026000,25875320,25875320,1782864031737583,False,True
25002735,58602.89000000,0.00313000,25875321,25875321,1782864031737583,False,True
25002736,58631.20000000,0.00170000,25875322,25875322,1782864033140096,False,True
25002737,58628.63000000,0.00290000,25875323,25875323,1782864034587992,False,True
25002738,58621.79000000,0.00171000,25875324,25875325,1782864042148602,False,True
25002739,58628.84000000,0.00160000,25875326,25875326,1782864047470403,False,True
25002740,58628.89000000,0.00270000,25875327,25875327,1782864047470403,False,True
25002741,58640.57000000,0.00184000,25875328,25875329,1782864050495531,False,True
25002742,58640.58000000,0.00078000,25875330,25875330,1782864050495531,False,True
25002743,58640.63000000,0.00171000,25875331,25875331,1782864050495531,False,True
25002744,58639.97000000,0.00170000,25875332,25875332,1782864071132166,False,True
25002745,58639.97000000,0.00171000,25875333,25875333,1782864079184203,False,True
25002746,58639.97000000,0.00171000,25875334,25875334,1782864079185853,False,True
25002747,58639.97000000,0.00342000,25875335,25875335,1782864080145924,False,True
25002748,58639.97000000,0.00170000,25875336,25875336,1782864081830857,False,True
25002749,58640.49000000,0.00170000,25875337,25875337,1782864088150807,False,True
25002750,58639.96000000,0.00069000,25875338,25875338,1782864092821824,True,True
25002751,58640.47000000,0.00170000,25875339,25875339,1782864093141973,False,True
25002752,58631.58000000,0.00171000,25875340,25875340,1782864097134430,False,True
25002753,58640.41000000,0.00171000,25875341,25875341,1782864097139246,False,True
25002754,58640.41000000,0.00171000,25875342,25875342,1782864097236558,False,True
25002755,58625.29000000,0.00170000,25875343,25875343,1782864116150884,False,True
25002756,58622.11000000,0.00127000,25875344,25875344,1782864116912698,True,True
25002757,58622.12000000,0.00170000,25875345,25875345,1782864117120764,False,True
25002758,58638.29000000,0.00127000,25875346,25875346,1782864125622455,True,True
25002759,58624.42000000,0.00127000,25875347,25875347,1782864134577478,True,True
25002760,58614.93000000,0.00171000,25875348,25875348,1782864138123035,False,True
25002761,58609.38000000,0.00170000,25875349,25875349,1782864140128385,False,True
25002762,58613.45000000,0.00127000,25875350,25875350,1782864143573394,True,True
25002763,58608.08000000,0.00127000,25875351,25875351,1782864152657930,True,True
25002764,58617.53000000,0.00171000,25875352,25875352,1782864158128062,False,True
25002765,58625.42000000,0.00127000,25875353,25875353,1782864161624819,True,True
25002766,58611.55000000,0.00127000,25875354,25875354,1782864170652932,True,True
25002767,58610.93000000,0.00170000,25875355,25875355,1782864171165228,False,True
25002768,58605.22000000,0.00171000,25875356,25875356,1782864174128644,False,True
25002769,58605.21000000,0.00069000,25875357,25875357,1782864176761984,True,True
25002770,58585.22000000,0.00171000,25875358,25875358,1782864178783199,False,True
25002771,58593.50000000,0.00171000,25875359,25875359,1782864179144755,False,True
25002772,58593.50000000,0.00342000,25875360,25875360,1782864179147780,False,True
25002773,58589.22000000,0.00127000,25875361,25875361,1782864179618779,True,True
25002774,58584.81000000,0.00170000,25875362,25875362,1782864184168458,False,True
25002775,58588.16000000,0.00170000,25875363,25875363,1782864186123112,False,True
25002776,58588.92000000,0.00127000,25875364,25875364,1782864188999229,True,True
25002777,58587.48000000,0.00126000,25875365,25875365,1782864194178940,False,True
25002778,58587.54000000,0.00045000,25875366,25875366,1782864194178940,False,True
25002779,58590.54000000,0.00127000,25875367,25875367,1782864197622572,True,True
25002780,58585.90000000,0.00127000,25875368,25875369,1782864206973455,True,True
25002781,58598.76000000,0.00433000,25875370,25875370,1782864212161440,False,True
25002782,58598.76000000,0.00050000,25875371,25875371,1782864212170861,False,True
25002783,58598.76000000,0.00036000,25875372,25875372,1782864212183335,False,True
25002784,58598.76000000,0.00025000,25875373,25875373,1782864212201870,False,True
25002785,58598.76000000,0.00053000,25875374,25875374,1782864212232656,False,True
25002786,58618.60000000,0.00428000,25875375,25875375,1782864225883686,False,True
25002787,58618.41000000,0.00025000,25875376,25875376,1782864225894706,False,True
25002788,58618.41000000,0.00019000,25875377,25875377,1782864225905997,False,True
25002789,58618.41000000,0.00162000,25875378,25875378,1782864226000564,False,True
25002790,58618.41000000,0.00021000,25875379,25875379,1782864226013587,False,True
25002791,58618.41000000,0.00072000,25875380,25875380,1782864226055688,False,True
25002792,58653.76000000,0.00145000,25875381,25875382,1782864294219135,False,True
25002793,58653.82000000,0.00286000,25875383,25875383,1782864294219135,False,True
25002794,58666.84000000,0.00089000,25875384,25875384,1782864297606889,True,True
25002795,58666.85000000,0.00199000,25875385,25875386,1782864301531705,False,True
25002796,58666.90000000,0.00246000,25875387,25875387,1782864301531705,False,True
25002797,58670.93000000,0.00031000,25875388,25875389,1782864308874744,False,True
25002798,58678.56000000,0.00087000,25875390,25875390,1782864310452300,True,True
25002799,58678.56000000,0.00085000,25875391,25875391,1782864310533749,True,True
25002800,58679.40000000,0.00449000,25875392,25875392,1782864314228323,False,True
25002801,58679.40000000,0.00427000,25875393,25875393,1782864315134286,False,True
25002802,58672.00000000,0.00428000,25875394,25875394,1782864328528870,False,True
25002803,58672.00000000,0.00076000,25875395,25875395,1782864328552977,False,True
25002804,58672.00000000,0.00018000,25875396,25875396,1782864328567394,False,True
25002805,58672.00000000,0.00039000,25875397,25875397,1782864328578557,False,True
25002806,58677.44000000,0.00114000,25875398,25875399,1782864328799943,False,True
25002807,58682.43000000,0.00433000,25875400,25875400,1782864330329192,False,True
25002808,58682.16000000,0.00290000,25875401,25875401,1782864330501092,False,True
25002809,58682.16000000,0.00051000,25875402,25875402,1782864330530326,False,True
25002810,58682.17000000,0.00058000,25875403,25875404,1782864330555377,False,True
25002811,58661.97000000,0.00022000,25875405,25875405,1782864404455779,True,True
25002812,58654.05000000,0.00170000,25875406,25875406,1782864408145215,False,True
25002813,58653.31000000,0.00025000,25875407,25875407,1782864408528181,True,True
25002814,58655.45000000,0.00170000,25875408,25875408,1782864409144041,False,True
25002815,58647.48000000,0.00171000,25875409,25875409,1782864412219659,False,True
25002816,58653.90000000,0.00127000,25875410,25875410,1782864422809541,True,True
25002817,58656.00000000,0.00127000,25875411,25875411,1782864441035888,True,True
25002818,58656.92000000,0.00437000,25875412,25875412,1782864449500212,False,True
25002819,58656.92000000,0.00055000,25875413,25875413,1782864449511087,False,True
25002820,58656.92000000,0.00030000,25875414,25875414,1782864449522756,False,True
25002821,58656.98000000,0.00113000,25875415,25875415,1782864449552852,False,True
25002822,58656.98000000,0.00021000,25875416,25875416,1782864449574931,False,True
25002823,58656.93000000,0.00427000,25875417,25875417,1782864454713373,False,True
25002824,58658.82000000,0.00171000,25875418,25875418,1782864477136908,False,True
25002825,58660.76000000,0.00429000,25875419,25875419,1782864528519546,False,True
25002826,58660.76000000,0.00040000,25875420,25875420,1782864528529721,False,True
25002827,58660.76000000,0.00025000,25875421,25875421,1782864528554941,False,True
25002828,58660.76000000,0.00035000,25875422,25875422,1782864528568410,False,True
25002829,58660.76000000,0.00028000,25875423,25875423,1782864528581224,False,True
25002830,58652.16000000,0.00170000,25875424,25875424,1782864543158949,False,True
25002831,58646.37000000,0.00171000,25875425,25875425,1782864581197976,False,True
25002832,58646.36000000,0.00049000,25875426,25875427,1782864582487024,True,True
25002833,58636.12000000,0.00170000,25875428,25875428,1782864588152825,False,True
25002834,58619.69000000,0.00171000,25875429,25875429,1782864592155952,False,True
25002835,58619.69000000,0.00171000,25875430,25875430,1782864592257097,False,True
25002836,58619.67000000,0.00170000,25875431,25875431,1782864595151036,False,True
25002837,58613.09000000,0.00171000,25875432,25875432,1782864597141018,False,True
25002838,58649.18000000,0.00434000,25875433,25875433,1782864657099276,False,True
25002839,58654.74000000,0.00304000,25875434,25875434,1782864657994552,False,True
25002840,58624.46000000,0.00188000,25875435,25875436,1782864751721380,True,True
25002841,58600.89000000,0.00115000,25875437,25875437,1782864758611918,True,True
25002842,58584.47000000,0.00022000,25875438,25875438,1782864778626789,True,True
25002843,58588.22000000,0.00436000,25875439,25875439,1782864812229772,False,True
25002844,58595.11000000,0.00022000,25875440,25875440,1782864812259616,False,True
25002845,58598.28000000,0.00015000,25875441,25875441,1782864824895000,False,True
25002846,58602.04000000,0.00429000,25875442,25875442,1782864845525934,False,True
25002847,58581.19000000,0.00168000,25875443,25875443,1782864975421501,True,True
25002848,58580.90000000,0.00926000,25875444,25875444,1782865024860227,False,True
25002849,58585.82000000,0.00026000,25875445,25875445,1782865029883957,True,True
25002850,58576.27000000,0.00345000,25875446,25875447,1782865074083831,True,True
25002851,58576.20000000,0.00022000,25875448,25875448,1782865074083831,True,True
25002852,58551.42000000,0.00616000,25875449,25875449,1782865087947444,False,True
25002853,58548.43000000,0.00435000,25875450,25875450,1782865112340776,False,True
25002854,58515.32000000,0.00170000,25875451,25875451,1782865152132182,False,True
25002855,58516.50000000,0.00170000,25875452,25875452,1782865153156405,False,True
25002856,58498.63000000,0.00355000,25875453,25875454,1782865188748806,True,True
25002857,58486.45000000,0.00010000,25875455,25875455,1782865224856408,False,True
25002858,58484.01000000,0.00241000,25875456,25875456,1782865273082019,False,True
25002859,58484.00000000,0.00170000,25875457,25875458,1782865281026215,True,True
25002860,58476.79000000,0.00088000,25875459,25875459,1782865281446135,False,True
25002861,58460.70000000,0.00149000,25875460,25875460,1782865288735296,False,True
25002862,58452.04000000,0.00103000,25875461,25875461,1782865291826710,False,True
25002863,58420.02000000,0.00269000,25875462,25875462,1782865312635101,True,True
25002864,58420.02000000,0.00282000,25875463,25875464,1782865312642312,True,True
25002865,58420.00000000,0.00356000,25875465,25875465,1782865312654536,True,True
25002866,58427.93000000,0.00078000,25875466,25875466,1782865312708243,False,True
25002867,58407.01000000,0.00141000,25875467,25875467,1782865312741069,True,True
25002868,58407.01000000,0.00065000,25875468,25875468,1782865312751348,True,True
25002869,58401.41000000,0.00342000,25875469,25875469,1782865312988256,True,True
25002870,58401.42000000,0.00099000,25875470,25875470,1782865313016869,True,True
25002871,58401.36000000,0.00022000,25875471,25875471,1782865313027718,True,True
25002872,58399.05000000,0.00055000,25875472,25875472,1782865313044769,True,True
25002873,58399.05000000,0.00018000,25875473,25875473,1782865313055507,True,True
25002874,58416.46000000,0.00172000,25875474,25875474,1782865314127382,False,True
25002875,58413.93000000,0.00455000,25875475,25875475,1782865315545103,True,True
25002876,58415.44000000,0.00080000,25875476,25875476,1782865315555194,True,True
25002877,58415.44000000,0.00025000,25875477,25875477,1782865315566255,True,True
25002878,58411.08000000,0.00284000,25875478,25875478,1782865315801148,False,True
25002879,58411.08000000,0.00572000,25875479,25875479,1782865316083021,False,True
25002880,58399.33000000,0.00378000,25875480,25875482,1782865316494030,True,True
25002881,58387.34000000,0.00093000,25875483,25875483,1782865316517379,True,True
25002882,58362.91000000,0.00048000,25875484,25875484,1782865320241544,True,True
25002883,58362.90000000,0.00145000,25875485,25875485,1782865320241544,True,True
25002884,58358.50000000,0.00020000,25875486,25875486,1782865320341376,False,True
25002885,58362.91000000,0.00577000,25875487,25875487,1782865320446735,False,True
25002886,58366.75000000,0.00500000,25875488,25875488,1782865321248425,False,True
25002887,58366.80000000,0.01105000,25875489,25875489,1782865321248425,False,True
25002888,58370.22000000,0.00170000,25875490,25875490,1782865321248425,False,True
25002889,58372.04000000,0.00400000,25875491,25875491,1782865323899420,False,True
25002890,58372.23000000,0.00018000,25875492,25875492,1782865327996212,False,True
25002891,58378.70000000,0.00097000,25875493,25875494,1782865381731828,False,True
25002892,58382.60000000,0.01304000,25875495,25875495,1782865393237673,True,True
25002893,58378.91000000,0.00451000,25875496,25875496,1782865502287519,False,True
25002894,58335.88000000,0.01000000,25875497,25875497,1782865539921371,True,True
25002895,58337.36000000,0.00298000,25875498,25875498,1782865539926070,True,True
25002896,58328.97000000,0.00051000,25875499,25875499,1782865541300364,False,True
25002897,58344.90000000,0.00172000,25875500,25875500,1782865543262947,False,True
25002898,58327.67000000,0.00117000,25875501,25875501,1782865562191453,True,True
25002899,58310.78000000,0.00187000,25875502,25875502,1782865562191717,True,True
25002900,58310.78000000,0.00089000,25875503,25875503,1782865562203401,True,True
25002901,58310.22000000,0.00049000,25875504,25875504,1782865562203401,True,True
25002902,58310.21000000,0.00299000,25875505,25875505,1782865562203401,True,True
25002903,58306.87000000,0.00106000,25875506,25875506,1782865562203401,True,True
25002904,58311.16000000,0.00418000,25875507,25875507,1782865569424608,False,True
25002905,58291.01000000,0.01426000,25875508,25875509,1782865625949325,True,True
25002906,58302.95000000,0.00455000,25875510,25875510,1782865633410158,False,True
25002907,58302.95000000,0.00027000,25875511,25875511,1782865633420577,False,True
25002908,58302.95000000,0.00023000,25875512,25875512,1782865633444617,False,True
25002909,58302.95000000,0.00055000,25875513,25875513,1782865633474047,False,True
25002910,58312.52000000,0.00447000,25875514,25875514,1782865639679973,False,True
25002911,58312.52000000,0.00028000,25875515,25875515,1782865639703884,False,True
25002912,58312.52000000,0.00021000,25875516,25875516,1782865639716218,False,True
25002913,58312.52000000,0.00024000,25875517,25875517,1782865639730428,False,True
25002914,58312.52000000,0.00043000,25875518,25875518,1782865639755287,False,True
25002915,58312.52000000,0.00025000,25875519,25875519,1782865639770413,False,True
25002916,58312.18000000,0.00436000,25875520,25875520,1782865651123885,False,True
25002917,58315.82000000,0.00432000,25875521,25875521,1782865656769919,False,True
25002918,58315.82000000,0.00071000,25875522,25875522,1782865656805798,False,True
25002919,58319.84000000,0.00432000,25875523,25875523,1782865660067240,False,True
25002920,58322.23000000,0.00066000,25875524,25875524,1782865660103434,False,True
25002921,58333.88000000,0.00045000,25875525,25875526,1782865672498443,False,True
25002922,58340.82000000,0.00185000,25875527,25875527,1782865672541572,False,True
25002923,58344.90000000,0.00082000,25875528,25875528,1782865708097327,True,True
25002924,58339.07000000,0.00083000,25875529,25875529,1782865712338477,True,True
25002925,58339.07000000,0.00021000,25875530,25875530,1782865715235702,True,True
25002926,58344.00000000,0.00432000,25875531,25875531,1782865719310301,False,True
25002927,58344.00000000,0.00070000,25875532,25875532,1782865719348195,False,True
25002928,58344.00000000,0.00052000,25875533,25875533,1782865719375277,False,True
25002929,58343.06000000,0.00444000,25875534,25875534,1782865724404612,False,True
25002930,58343.06000000,0.00081000,25875535,25875535,1782865724417311,False,True
25002931,58343.06000000,0.00051000,25875536,25875536,1782865724429773,False,True
25002932,58346.94000000,0.00434000,25875537,25875537,1782865730263528,False,True
25002933,58346.94000000,0.00030000,25875538,25875538,1782865730280852,False,True
25002934,58346.94000000,0.00335000,25875539,25875539,1782865730476165,False,True
25002935,58346.28000000,0.00482000,25875540,25875540,1782865732643135,False,True
25002936,58348.88000000,0.00107000,25875541,25875541,1782865736918181,False,True
25002937,58355.97000000,0.00423000,25875542,25875542,1782865736946710,False,True
25002938,58342.03000000,0.00025000,25875543,25875543,1782865756704819,True,True
25002939,58344.21000000,0.00482000,25875544,25875544,1782865802080238,False,True
25002940,58349.52000000,0.00442000,25875545,25875545,1782865826547462,False,True
25002941,58349.52000000,0.00029000,25875546,25875546,1782865826559142,False,True
25002942,58352.44000000,0.00441000,25875547,25875547,1782865835194712,False,True
25002943,58352.44000000,0.00020000,25875548,25875548,1782865835203208,False,True
25002944,58355.63000000,0.00012000,25875549,25875549,1782865838123538,False,True
25002945,58356.36000000,0.00440000,25875550,25875550,1782865838123538,False,True
25002946,58370.27000000,0.00035000,25875551,25875551,1782865838322613,False,True
25002947,58383.50000000,0.00146000,25875552,25875553,1782865842292778,False,True
25002948,58383.52000000,0.00352000,25875554,25875554,1782865842292778,False,True
25002949,58394.34000000,0.00012000,25875555,25875555,1782865844381752,False,True
25002950,58397.56000000,0.00011000,25875556,25875556,1782865848917755,False,True
25002951,58401.95000000,0.00016000,25875557,25875557,1782865849684626,False,True
25002952,58402.07000000,0.00432000,25875558,25875558,1782865849684626,False,True
25002953,58411.40000000,0.00056000,25875559,25875560,1782865851259952,False,True
25002954,58417.99000000,0.00429000,25875561,25875561,1782865853882287,False,True
25002955,58417.99000000,0.00026000,25875562,25875562,1782865853894248,False,True
25002956,58417.99000000,0.00026000,25875563,25875563,1782865853911256,False,True
25002957,58417.99000000,0.00018000,25875564,25875564,1782865853923409,False,True
25002958,58417.99000000,0.00030000,25875565,25875565,1782865853940693,False,True
25002959,58417.99000000,0.00032000,25875566,25875566,1782865853956366,False,True
25002960,58418.00000000,0.00037000,25875567,25875568,1782865853985799,False,True
25002961,58427.80000000,0.00041000,25875569,25875570,1782865859608672,False,True
25002962,58427.85000000,0.00388000,25875571,25875571,1782865859608672,False,True
25002963,58444.60000000,0.00129000,25875572,25875573,1782865864199542,False,True
25002964,58444.65000000,0.00342000,25875574,25875574,1782865864199542,False,True
25002965,58468.72000000,0.00064000,25875575,25875576,1782865866963264,False,True
25002966,58468.78000000,0.00368000,25875577,25875577,1782865866963264,False,True
25002967,58474.52000000,0.00018000,25875578,25875578,1782865870255225,False,True
25002968,58474.53000000,0.00010000,25875579,25875579,1782865870255225,False,True
25002969,58511.84000000,0.00278000,25875580,25875581,1782865872516436,False,True
25002970,58396.89000000,0.00455000,25875582,25875582,1782865932893931,False,True
25002971,58396.89000000,0.00030000,25875583,25875583,1782865932903973,False,True
25002972,58397.06000000,0.00525000,25875584,25875584,1782865939935109,True,True
25002973,58397.02000000,0.00432000,25875585,25875585,1782865940507430,False,True
25002974,58391.16000000,0.00069000,25875586,25875586,1782865941932303,True,True
25002975,58391.15000000,0.00249000,25875587,25875587,1782865941932303,True,True
25002976,58379.81000000,0.00030000,25875588,25875588,1782865942740535,True,True
25002977,58380.30000000,0.00439000,25875589,25875589,1782865943015457,False,True
25002978,58380.30000000,0.00042000,25875590,25875590,1782865943045583,False,True
25002979,58380.30000000,0.00026000,25875591,25875591,1782865943059644,False,True
25002980,58380.30000000,0.00021000,25875592,25875592,1782865943071490,False,True
25002981,58380.30000000,0.00023000,25875593,25875593,1782865943086675,False,True
25002982,58380.30000000,0.00048000,25875594,25875594,1782865943114584,False,True
25002983,58394.86000000,0.00298000,25875595,25875595,1782865945059205,False,True
25002984,58395.80000000,0.00434000,25875596,25875596,1782865945283582,False,True
25002985,58395.73000000,0.00039000,25875597,25875597,1782865945305310,False,True
25002986,58406.57000000,0.00126000,25875598,25875598,1782865949801629,False,True
25002987,58406.63000000,0.00309000,25875599,25875599,1782865949801629,False,True
25002988,58453.33000000,0.01342000,25875600,25875601,1782865956505119,False,True
25002989,58453.39000000,0.01105000,25875602,25875602,1782865956505119,False,True
25002990,58454.00000000,0.00429000,25875603,25875603,1782865962111642,True,True
25002991,58454.00000000,0.01105000,25875604,25875604,1782865962114762,True,True
25002992,58454.00000000,0.01500000,25875605,25875605,1782865962117582,True,True
25002993,58454.00000000,0.01500000,25875606,25875606,1782865962117606,True,True
25002994,58454.00000000,0.02000000,25875607,25875607,1782865962118710,True,True
25002995,58454.00000000,0.00500000,25875608,25875608,1782865962118820,True,True
25002996,58454.00000000,0.00500000,25875609,25875609,1782865962119082,True,True
25002997,58454.00000000,0.02000000,25875610,25875610,1782865962119086,True,True
25002998,58454.00000000,0.00043000,25875611,25875611,1782865962124953,True,True
25002999,58454.00000000,0.00078000,25875612,25875612,1782865962135543,True,True
25003000,58454.00000000,0.00032000,25875613,25875613,1782865962153235,True,True
25003001,58454.00000000,0.00027000,25875614,25875614,1782865962168707,True,True
25003002,58454.00000000,0.00033000,25875615,25875615,1782865962189281,True,True
25003003,58454.00000000,0.00028000,25875616,25875616,1782865962205386,True,True
25003004,58454.00000000,0.00022000,25875617,25875617,1782865962221735,True,True
25003005,58454.00000000,0.00022000,25875618,25875618,1782865962234975,True,True
25003006,58454.00000000,0.00034000,25875619,25875619,1782865962249988,True,True
25003007,58454.00000000,0.04810000,25875620,25875620,1782865962427185,True,True
25003008,58454.00000000,0.00005000,25875621,25875621,1782865965050439,True,True
25003009,58437.11000000,0.00298000,25875622,25875622,1782865965050439,True,True
25003010,58433.62000000,0.00191000,25875623,25875623,1782865965050439,True,True
25003011,58423.93000000,0.00435000,25875624,25875624,1782865991940725,True,True
25003012,58423.93000000,0.00031000,25875625,25875625,1782865991952745,True,True
25003013,58423.93000000,0.00027000,25875626,25875626,1782865991965220,True,True
25003014,58423.93000000,0.00024000,25875627,25875627,1782865991975181,True,True
25003015,58423.93000000,0.00031000,25875628,25875628,1782865991987135,True,True
25003016,58423.93000000,0.00037000,25875629,25875629,1782865992004343,True,True
25003017,58423.93000000,0.00023000,25875630,25875630,1782865992022293,True,True
25003018,58423.93000000,0.00019000,25875631,25875631,1782865992034084,True,True
25003019,58423.93000000,0.00021000,25875632,25875632,1782865992047005,True,True
25003020,58423.93000000,0.00043000,25875633,25875633,1782865992076060,True,True
25003021,58423.93000000,0.00036000,25875634,25875634,1782865992092808,True,True
25003022,58423.93000000,0.00032000,25875635,25875635,1782865992107643,True,True
25003023,58423.93000000,0.00029000,25875636,25875636,1782865992119965,True,True
25003024,58423.93000000,0.00042000,25875637,25875637,1782865992135978,True,True
25003025,58423.93000000,0.00061000,25875638,25875638,1782865992164596,True,True
25003026,58423.93000000,0.00484000,25875639,25875639,1782865993087991,True,True
25003027,58423.93000000,0.00036000,25875640,25875640,1782865993108449,True,True
25003028,58423.93000000,0.00138000,25875641,25875641,1782865993188342,True,True
25003029,58423.93000000,0.00072000,25875642,25875642,1782865993230207,True,True
25003030,58423.93000000,0.00039000,25875643,25875643,1782865993256690,True,True
25003031,58423.93000000,0.00136000,25875644,25875644,1782865993334663,True,True
25003032,58423.93000000,0.00173000,25875645,25875645,1782865993436232,True,True
25003033,58423.93000000,0.00104000,25875646,25875646,1782865993496574,True,True
25003034,58423.93000000,0.00039000,25875647,25875647,1782865993520407,True,True
25003035,58423.93000000,0.00170000,25875648,25875648,1782865993619505,True,True
25003036,58423.93000000,0.00459000,25875649,25875649,1782865994015002,True,True
25003037,58423.93000000,0.00019000,25875650,25875650,1782865994026175,True,True
25003038,58423.93000000,0.00236000,25875651,25875651,1782865994163269,True,True
25003039,58423.93000000,0.00137000,25875652,25875652,1782865994246079,True,True
25003040,58423.93000000,0.00075000,25875653,25875653,1782865994289574,True,True
25003041,58423.93000000,0.00269000,25875654,25875654,1782865994446540,True,True
25003042,58423.93000000,0.00020000,25875655,25875655,1782865994458339,True,True
25003043,58423.93000000,0.00030000,25875656,25875656,1782865994476110,True,True
25003044,58423.93000000,0.00059000,25875657,25875657,1782865994619541,True,True
25003045,58447.67000000,0.00445000,25875658,25875658,1782866046604677,False,True
25003046,58450.79000000,0.00069000,25875659,25875659,1782866060525273,True,True
25003047,58449.61000000,0.00069000,25875660,25875660,1782866113930133,True,True
25003048,58406.69000000,0.00051000,25875661,25875661,1782866141321478,False,True
25003049,58415.67000000,0.00084000,25875662,25875662,1782866230414768,True,True
25003050,58416.27000000,0.00442000,25875663,25875663,1782866329815196,True,True
25003051,58416.27000000,0.00035000,25875664,25875664,1782866329829965,True,True
25003052,58416.27000000,0.00031000,25875665,25875665,1782866329845058,True,True
25003053,58416.27000000,0.00037000,25875666,25875666,1782866329866150,True,True
25003054,58416.27000000,0.00035000,25875667,25875667,1782866329888620,True,True
25003055,58416.27000000,0.00026000,25875668,25875668,1782866329900922,True,True
25003056,58416.27000000,0.00028000,25875669,25875669,1782866329917691,True,True
25003057,58416.27000000,0.00082000,25875670,25875670,1782866329968863,True,True
25003058,58416.27000000,0.00020000,25875671,25875671,1782866329980266,True,True
25003059,58416.27000000,0.00045000,25875672,25875672,1782866330006990,True,True
25003060,58416.27000000,0.00083000,25875673,25875673,1782866330055274,True,True
25003061,58416.27000000,0.00136000,25875674,25875674,1782866330130324,True,True
25003062,58416.27000000,0.00042000,25875675,25875675,1782866330155205,True,True
25003063,58416.27000000,0.00044000,25875676,25875676,1782866330180284,True,True
25003064,58416.27000000,0.00057000,25875677,25875677,1782866330213867,True,True
25003065,58416.27000000,0.00149000,25875678,25875678,1782866330296723,True,True
25003066,58416.27000000,0.00045000,25875679,25875679,1782866330313522,True,True
25003067,58416.27000000,0.00029000,25875680,25875680,1782866330330173,True,True
25003068,58416.27000000,0.00093000,25875681,25875681,1782866330378171,True,True
25003069,58416.27000000,0.00036000,25875682,25875683,1782866331019655,True,True
25003070,58394.71000000,0.00106000,25875684,25875684,1782866455239209,False,True
25003071,58392.11000000,0.01056000,25875685,25875686,1782866469556312,True,True
25003072,58386.13000000,0.00446000,25875687,25875687,1782866507783646,False,True
25003073,58394.25000000,0.00010000,25875688,25875688,1782866514238057,False,True
25003074,58386.81000000,0.00122000,25875689,25875689,1782866581940111,True,True
25003075,58401.59000000,0.00435000,25875690,25875690,1782866632489232,False,True
25003076,58401.59000000,0.00143000,25875691,25875691,1782866632505235,False,True
25003077,58418.10000000,0.00429000,25875692,25875692,1782866636572515,False,True
25003078,58419.63000000,0.00441000,25875693,25875693,1782866644457316,False,True
25003079,58423.60000000,0.00431000,25875694,25875694,1782866648651118,False,True
25003080,58414.22000000,0.00457000,25875695,25875695,1782866656514120,False,True
25003081,58414.01000000,0.00035000,25875696,25875696,1782866656530076,False,True
25003082,58414.01000000,0.00044000,25875697,25875697,1782866656555486,False,True
25003083,58431.60000000,0.02534000,25875698,25875700,1782866663480887,False,True
25003084,58441.81000000,0.00431000,25875701,25875701,1782866741517315,False,True
25003085,58448.02000000,0.00022000,25875702,25875703,1782866761242500,False,True
25003086,58457.89000000,0.00076000,25875704,25875705,1782866768459803,False,True
25003087,58457.95000000,0.00362000,25875706,25875706,1782866768459803,False,True
25003088,58439.38000000,0.00376000,25875707,25875707,1782866785891300,False,True
25003089,58463.77000000,0.00011000,25875708,25875708,1782867059617265,False,True
25003090,58463.76000000,0.01320000,25875709,25875709,1782867062079605,False,True
25003091,58472.36000000,0.00068000,25875710,25875711,1782867093309209,False,True
25003092,58472.42000000,0.00361000,25875712,25875712,1782867093309209,False,True
25003093,58488.83000000,0.00105000,25875713,25875714,1782867111147704,False,True
25003094,58508.73000000,0.00082000,25875715,25875716,1782867124884654,False,True
25003095,58508.79000000,0.00347000,25875717,25875717,1782867124884654,False,True
25003096,58521.40000000,0.00437000,25875718,25875718,1782867163892051,False,True
25003097,58521.40000000,0.00060000,25875719,25875719,1782867163905798,False,True
25003098,58521.40000000,0.00032000,25875720,25875720,1782867163915858,False,True
25003099,58521.40000000,0.00018000,25875721,25875721,1782867163926542,False,True
25003100,58521.40000000,0.00017000,25875722,25875722,1782867163932462,False,True
25003101,58535.59000000,0.00044000,25875723,25875723,1782867164073712,False,True
25003102,58549.24000000,0.00022000,25875724,25875724,1782867165077436,False,True
25003103,58547.77000000,0.00209000,25875725,25875726,1782867166629602,False,True
25003104,58547.82000000,0.00223000,25875727,25875727,1782867166629602,False,True
25003105,58541.28000000,0.00428000,25875728,25875728,1782867181325691,False,True
25003106,58552.27000000,0.00012000,25875729,25875729,1782867192861590,False,True
25003107,58562.92000000,0.00301000,25875730,25875730,1782867192861590,False,True
25003108,58563.38000000,0.00116000,25875731,25875731,1782867192861590,False,True
25003109,58567.14000000,0.00434000,25875732,25875732,1782867193221728,False,True
25003110,58526.18000000,0.00032000,25875733,25875733,1782867230060779,True,True
25003111,58535.05000000,0.00436000,25875734,25875734,1782867245334229,False,True
25003112,58535.05000000,0.00669000,25875735,25875735,1782867245335518,False,True
25003113,58540.00000000,0.01000000,25875736,25875736,1782867250613581,True,True
25003114,58540.00000000,0.00429000,25875737,25875737,1782867251508553,True,True
25003115,58540.00000000,0.00065000,25875738,25875738,1782867251517537,True,True
25003116,58540.00000000,0.00028000,25875739,25875739,1782867251526911,True,True
25003117,58540.00000000,0.00021000,25875740,25875740,1782867251537819,True,True
25003118,58540.00000000,0.00017000,25875741,25875741,1782867251539696,True,True
25003119,58540.00000000,0.00035000,25875742,25875742,1782867251548325,True,True
25003120,58540.00000000,0.00038000,25875743,25875743,1782867251559736,True,True
25003121,58540.00000000,0.00053000,25875744,25875744,1782867251594663,True,True
25003122,58540.00000000,0.00026000,25875745,25875745,1782867251605594,True,True
25003123,58540.00000000,0.00043000,25875746,25875746,1782867251630962,True,True
25003124,58540.00000000,0.00022000,25875747,25875747,1782867251642929,True,True
25003125,58540.00000000,0.00132000,25875748,25875748,1782867252020959,True,True
25003126,58520.92000000,0.00037000,25875749,25875749,1782867287289918,True,True
25003127,58520.91000000,0.00016000,25875750,25875750,1782867287289918,True,True
25003128,58529.54000000,0.00445000,25875751,25875751,1782867338070387,False,True
25003129,58529.48000000,0.01320000,25875752,25875752,1782867339083916,False,True
25003130,58529.66000000,0.01216000,25875753,25875753,1782867339083916,False,True
25003131,58535.19000000,0.01355000,25875754,25875755,1782867422074984,False,True
25003132,58541.94000000,0.01318000,25875756,25875756,1782867422074984,False,True
25003133,58511.98000000,0.00434000,25875757,25875757,1782867720439054,True,True
25003134,58443.10000000,0.00321000,25875758,25875758,1782867753718505,True,True
25003135,58411.54000000,0.00257000,25875759,25875760,1782867855575002,True,True
25003136,58390.63000000,0.00172000,25875761,25875761,1782867876150188,False,True
25003137,58366.71000000,0.00022000,25875762,25875762,1782867893712488,True,True
25003138,58366.70000000,0.00231000,25875763,25875763,1782867893712488,True,True
25003139,58287.74000000,0.00171000,25875764,25875764,1782867923168100,False,True
25003140,58285.27000000,0.00400000,25875765,25875765,1782867928125830,False,True
25003141,58261.73000000,0.00432000,25875766,25875766,1782867934726672,True,True
25003142,58264.68000000,0.00430000,25875767,25875767,1782867937206336,True,True
25003143,58258.85000000,0.00432000,25875768,25875768,1782867940134316,True,True
25003144,58275.91000000,0.00421000,25875769,25875769,1782867952385104,False,True
25003145,58275.97000000,0.00415000,25875770,25875770,1782867952385104,False,True
25003146,58298.09000000,0.00069000,25875771,25875771,1782867959842431,False,True
25003147,58324.12000000,0.00114000,25875772,25875772,1782867989951958,True,True
25003148,58289.60000000,0.00460000,25875773,25875773,1782867993780010,True,True
25003149,58270.39000000,0.00018000,25875774,25875774,1782868001000259,True,True
25003150,58277.54000000,0.00069000,25875775,25875775,1782868035473903,False,True
25003151,58296.55000000,0.00213000,25875776,25875777,1782868061323914,True,True
25003152,58267.18000000,0.00835000,25875778,25875778,1782868077944202,True,True
25003153,58262.60000000,0.01320000,25875779,25875779,1782868114929219,False,True
25003154,58273.69000000,0.00358000,25875780,25875780,1782868114929219,False,True
25003155,58275.60000000,0.00044000,25875781,25875781,1782868114929219,False,True
25003156,58256.79000000,0.00432000,25875782,25875782,1782868123580545,True,True
25003157,58256.65000000,0.00018000,25875783,25875783,1782868123590335,True,True
25003158,58256.65000000,0.00024000,25875784,25875784,1782868123605195,True,True
25003159,58244.55000000,0.00069000,25875785,25875785,1782868196671258,False,True
25003160,58260.21000000,0.00303000,25875786,25875786,1782868196671258,False,True
25003161,58260.22000000,0.00243000,25875787,25875787,1782868196671258,False,True
25003162,58262.04000000,0.00710000,25875788,25875788,1782868196671258,False,True
25003163,58264.41000000,0.00431000,25875789,25875789,1782868196976018,True,True
25003164,58264.42000000,0.00021000,25875790,25875790,1782868196988203,True,True
25003165,58264.42000000,0.00031000,25875791,25875791,1782868197003524,True,True
25003166,58253.37000000,0.00026000,25875792,25875792,1782868209121568,True,True
25003167,58253.40000000,0.00100000,25875793,25875793,1782868211922383,True,True
25003168,58235.43000000,0.01044000,25875794,25875794,1782868216973588,True,True
25003169,58235.43000000,0.00280000,25875795,25875796,1782868217020487,True,True
25003170,58203.32000000,0.00136000,25875797,25875797,1782868225460573,True,True
25003171,58200.00000000,0.00447000,25875798,25875798,1782868228179459,True,True
25003172,58202.22000000,0.00051000,25875799,25875799,1782868229296068,False,True
25003173,58200.00000000,0.00137000,25875800,25875800,1782868234441327,True,True
25003174,58200.00000000,0.00444000,25875801,25875801,1782868235179715,True,True
25003175,58200.00000000,0.00058000,25875802,25875802,1782868235186896,True,True
25003176,58200.00000000,0.00025000,25875803,25875803,1782868235198006,True,True
25003177,58200.00000000,0.00020000,25875804,25875804,1782868235212872,True,True
25003178,58200.00000000,0.00023000,25875805,25875805,1782868235225618,True,True
25003179,58200.00000000,0.04880000,25875806,25875806,1782868235245530,True,True
25003180,58200.00000000,0.00570000,25875807,25875808,1782868235246416,True,True
25003181,58200.00000000,0.00006000,25875809,25875809,1782868235247175,True,True
25003182,58184.02000000,0.00156000,25875810,25875810,1782868235346713,True,True
25003183,58179.65000000,0.00074000,25875811,25875811,1782868237198327,False,True
25003184,58179.66000000,0.00055000,25875812,25875812,1782868237198327,False,True
25003185,58194.40000000,0.00043000,25875813,25875813,1782868237198327,False,True
25003186,58159.85000000,0.00483000,25875814,25875814,1782868238943452,True,True
25003187,58144.87000000,0.00468000,25875815,25875815,1782868239199824,True,True
25003188,58144.87000000,0.00026000,25875816,25875816,1782868239217588,True,True
25003189,58144.87000000,0.00036000,25875817,25875817,1782868239243264,True,True
25003190,58154.13000000,0.00020000,25875818,25875818,1782868240470940,False,True
25003191,58092.53000000,0.00082000,25875819,25875819,1782868245577360,True,True
25003192,58109.30000000,0.00400000,25875820,25875820,1782868246775070,False,True
25003193,58109.45000000,0.00039000,25875821,25875821,1782868246787009,False,True
25003194,58113.64000000,0.00961000,25875822,25875822,1782868246787009,False,True
25003195,58119.45000000,0.01050000,25875823,25875823,1782868247364489,False,True
25003196,58133.61000000,0.00102000,25875824,25875824,1782868249495191,False,True
25003197,58133.63000000,0.00020000,25875825,25875825,1782868250056014,False,True
25003198,58134.75000000,0.00126000,25875826,25875826,1782868250402055,True,True
25003199,58134.74000000,0.00211000,25875827,25875827,1782868250402055,True,True
25003200,58104.84000000,0.00109000,25875828,25875828,1782868251889532,True,True
25003201,58120.28000000,0.00266000,25875829,25875829,1782868252271627,False,True
25003202,58120.28000000,0.01561000,25875830,25875833,1782868252340147,False,True
25003203,58120.29000000,0.00021000,25875834,25875834,1782868252340147,False,True
25003204,58145.21000000,0.00923000,25875835,25875835,1782868252340147,False,True
25003205,58108.07000000,0.00026000,25875836,25875836,1782868259157020,False,True
25003206,58116.52000000,0.00146000,25875837,25875837,1782868259157020,False,True
25003207,58095.16000000,0.00126000,25875838,25875838,1782868259561392,True,True
25003208,58095.15000000,0.00093000,25875839,25875839,1782868259561392,True,True
25003209,58079.38000000,0.00010000,25875840,25875840,1782868268949603,False,True
25003210,58115.72000000,0.01038000,25875841,25875841,1782868269669624,False,True
25003211,58115.36000000,0.01000000,25875842,25875842,1782868269682135,False,True
25003212,58113.84000000,0.00435000,25875843,25875843,1782868273132402,True,True
25003213,58092.42000000,0.00488000,25875844,25875844,1782868275140523,True,True
25003214,58111.22000000,0.00460000,25875845,25875845,1782868278619714,True,True
25003215,58099.70000000,0.00030000,25875846,25875846,1782868280023949,False,True
25003216,58133.69000000,0.02064000,25875847,25875847,1782868280631460,True,True
25003217,58133.69000000,0.02064000,25875848,25875848,1782868280631574,True,True
25003218,58133.69000000,0.02064000,25875849,25875849,1782868280631623,True,True
25003219,58133.69000000,0.00620000,25875850,25875850,1782868280631700,True,True
25003220,58133.69000000,0.04020000,25875851,25875851,1782868280632470,True,True
25003221,58133.69000000,0.03536000,25875852,25875852,1782868280632564,True,True
25003222,58133.69000000,0.02848000,25875853,25875853,1782868280632620,True,True
25003223,58116.39000000,0.01320000,25875854,25875854,1782868280632620,True,True
25003224,58111.30000000,0.00990000,25875855,25875855,1782868280636819,True,True
25003225,58099.69000000,0.00426000,25875856,25875856,1782868281039375,True,True
25003226,58099.69000000,0.01045000,25875857,25875859,1782868281039811,True,True
25003227,58079.33000000,0.02973000,25875860,25875860,1782868281039811,True,True
25003228,58079.33000000,0.03535000,25875861,25875861,1782868281040544,True,True
25003229,58104.54000000,0.08842000,25875862,25875862,1782868281845165,False,True
25003230,58104.64000000,0.03539000,25875863,25875863,1782868285439304,False,True
25003231,58104.65000000,0.00001000,25875864,25875864,1782868285439304,False,True
25003232,58110.38000000,0.00448000,25875865,25875865,1782868289516362,False,True
25003233,58109.97000000,0.00052000,25875866,25875866,1782868289528386,False,True
25003234,58109.97000000,0.00020000,25875867,25875867,1782868289536026,False,True
25003235,58109.97000000,0.01114000,25875868,25875869,1782868289536750,False,True
25003236,58093.21000000,0.00446000,25875870,25875870,1782868298057714,False,True
25003237,58105.02000000,0.00074000,25875871,25875871,1782868299921376,False,True
25003238,58093.21000000,0.00103000,25875872,25875872,1782868302742596,True,True
25003239,58087.64000000,0.01394000,25875873,25875874,1782868312936381,False,True
25003240,58087.70000000,0.01320000,25875875,25875875,1782868312936381,False,True
25003241,58096.59000000,0.00728000,25875876,25875876,1782868312936381,False,True
25003242,58082.39000000,0.00109000,25875877,25875877,1782868353353560,True,True
25003243,58083.09000000,0.00457000,25875878,25875878,1782868353400826,True,True
25003244,58070.16000000,0.00051000,25875879,25875879,1782868360358174,False,True
25003245,58018.28000000,0.00291000,25875880,25875880,1782868364936078,True,True
25003246,58010.36000000,0.00300000,25875881,25875881,1782868364977672,True,True
25003247,58001.81000000,0.00300000,25875882,25875882,1782868364977672,True,True
25003248,58000.00000000,0.00160000,25875883,25875883,1782868364977672,True,True
25003249,58000.00000000,0.03089000,25875884,25875886,1782868364999875,True,True
25003250,58002.32000000,0.00300000,25875887,25875887,1782868365035342,True,True
25003251,58000.01000000,0.00300000,25875888,25875888,1782868365035342,True,True
25003252,58000.00000000,0.08242000,25875889,25875893,1782868365035342,True,True
25003253,58000.00000000,0.01252000,25875894,25875894,1782868365048773,True,True
25003254,58002.31000000,0.00160000,25875895,25875895,1782868365075848,True,True
25003255,58002.31000000,0.00162000,25875896,25875896,1782868365083814,True,True
25003256,58002.31000000,0.00036000,25875897,25875897,1782868365116792,True,True
25003257,57975.84000000,0.00459000,25875898,25875898,1782868365460858,False,True
25003258,57927.31000000,0.00293000,25875899,25875899,1782868366181044,False,True
25003259,57927.31000000,0.00231000,25875900,25875900,1782868366190868,False,True
25003260,57927.31000000,0.00093000,25875901,25875901,1782868366194325,False,True
25003261,57927.33000000,0.00032000,25875902,25875902,1782868366202526,False,True
25003262,57932.69000000,0.00025000,25875903,25875903,1782868366221272,False,True
25003263,57895.93000000,0.00109000,25875904,25875904,1782868366471542,True,True
25003264,57890.13000000,0.01320000,25875905,25875905,1782868366471542,True,True
25003265,57876.33000000,0.01320000,25875906,25875906,1782868366471542,True,True
25003266,57853.10000000,0.00251000,25875907,25875907,1782868366471542,True,True
25003267,57853.10000000,0.00132000,25875908,25875908,1782868366471542,True,True
25003268,57896.63000000,0.00172000,25875909,25875909,1782868366474869,False,True
25003269,57896.63000000,0.00127000,25875910,25875910,1782868366474900,False,True
25003270,57907.51000000,0.00069000,25875911,25875911,1782868366474900,False,True
25003271,57907.51000000,0.00230000,25875912,25875912,1782868366474933,False,True
25003272,57912.95000000,0.00068000,25875913,25875913,1782868366474933,False,True
25003273,57907.16000000,0.00298000,25875914,25875914,1782868366475072,False,True
25003274,57907.16000000,0.00298000,25875915,25875915,1782868366475075,False,True
25003275,57907.16000000,0.00299000,25875916,25875916,1782868366475098,False,True
25003276,57902.07000000,0.00299000,25875917,25875917,1782868366475207,False,True
25003277,57907.16000000,0.00299000,25875918,25875918,1782868366475211,False,True
25003278,57907.16000000,0.00126000,25875919,25875919,1782868366475215,False,True
25003279,57912.95000000,0.00025000,25875920,25875920,1782868366475215,False,True
25003280,57912.94000000,0.00299000,25875921,25875921,1782868366476488,False,True
25003281,57912.95000000,0.00151000,25875922,25875922,1782868366477403,False,True
25003282,57912.95000000,0.00151000,25875923,25875923,1782868366477435,False,True
25003283,57912.95000000,0.00072000,25875924,25875924,1782868366477747,False,True
25003284,57912.94000000,0.00072000,25875925,25875925,1782868366477917,False,True
25003285,57912.94000000,0.00151000,25875926,25875926,1782868366478565,False,True
25003286,57912.94000000,0.00298000,25875927,25875927,1782868366478618,False,True
25003287,57912.94000000,0.00373000,25875928,25875928,1782868366479267,False,True
25003288,57912.94000000,0.00151000,25875929,25875929,1782868366479329,False,True
25003289,57912.94000000,0.00170000,25875930,25875930,1782868366479370,False,True
25003290,57895.93000000,0.00109000,25875931,25875931,1782868366544560,True,True
25003291,57891.17000000,0.00299000,25875932,25875932,1782868366544560,True,True
25003292,57885.73000000,0.00299000,25875933,25875933,1782868366544560,True,True
25003293,57880.30000000,0.00299000,25875934,25875934,1782868366544560,True,True
25003294,57867.39000000,0.00299000,25875935,25875935,1782868366544560,True,True
25003295,57861.86000000,0.00299000,25875936,25875936,1782868366544560,True,True
25003296,57856.33000000,0.00299000,25875937,25875937,1782868366544560,True,True
25003297,57853.11000000,0.00299000,25875938,25875938,1782868366544560,True,True
25003298,57853.10000000,0.00798000,25875939,25875940,1782868366544560,True,True
25003299,57912.53000000,0.00298000,25875941,25875941,1782868366547224,False,True
25003300,57912.53000000,0.00001000,25875942,25875942,1782868366547358,False,True
25003301,57918.06000000,0.00297000,25875943,25875943,1782868366547358,False,True
25003302,57922.44000000,0.00172000,25875944,25875944,1782868366547692,False,True
25003303,57922.44000000,0.00184000,25875945,25875945,1782868366547693,False,True
25003304,57910.91000000,0.00299000,25875946,25875946,1782868366547981,False,True
25003305,57867.39000000,0.00285000,25875947,25875947,1782868366548119,True,True
25003306,57861.86000000,0.00299000,25875948,25875948,1782868366548119,True,True
25003307,57858.89000000,0.01320000,25875949,25875949,1782868366548119,True,True
25003308,57856.33000000,0.00299000,25875950,25875950,1782868366548119,True,True
25003309,57853.11000000,0.00299000,25875951,25875951,1782868366548119,True,True
25003310,57853.10000000,0.00498000,25875952,25875952,1782868366548119,True,True
25003311,57910.91000000,0.00299000,25875953,25875953,1782868366548255,False,True
25003312,57910.91000000,0.00299000,25875954,25875954,1782868366548264,False,True
25003313,57910.91000000,0.00151000,25875955,25875955,1782868366548303,False,True
25003314,57910.91000000,0.00151000,25875956,25875956,1782868366548322,False,True
25003315,57910.91000000,0.00121000,25875957,25875957,1782868366548415,False,True
25003316,57922.44000000,0.00060000,25875958,25875958,1782868366548415,False,True
25003317,57922.44000000,0.00298000,25875959,25875959,1782868366549192,False,True
25003318,57912.53000000,0.00074000,25875960,25875960,1782868366550359,False,True
25003319,57922.44000000,0.00606000,25875961,25875961,1782868366550359,False,True
25003320,57922.33000000,0.00284000,25875962,25875962,1782868366633171,False,True
25003321,57922.33000000,0.00002000,25875963,25875963,1782868366633347,False,True
25003322,57922.33000000,0.00170000,25875964,25875964,1782868366634334,False,True
25003323,57922.33000000,0.00170000,25875965,25875965,1782868366634451,False,True
25003324,57922.33000000,0.00285000,25875966,25875966,1782868366635308,False,True
25003325,57922.33000000,0.00804000,25875967,25875968,1782868366635323,False,True
25003326,57922.33000000,0.01035000,25875969,25875969,1782868366638705,False,True
25003327,57922.33000000,0.00285000,25875970,25875970,1782868366638915,False,True
25003328,57928.22000000,0.00019000,25875971,25875971,1782868366643788,False,True
25003329,57928.22000000,0.00400000,25875972,25875972,1782868366694272,False,True
25003330,57928.22000000,0.00035000,25875973,25875973,1782868366704195,False,True
25003331,57938.69000000,0.00087000,25875974,25875974,1782868366749869,True,True
25003332,57938.69000000,0.00087000,25875975,25875975,1782868366750231,True,True
25003333,57938.69000000,0.00087000,25875976,25875976,1782868366751748,True,True
25003334,57927.11000000,0.01320000,25875977,25875977,1782868366854048,True,True
25003335,57927.10000000,0.00233000,25875978,25875978,1782868366854048,True,True
25003336,57921.32000000,0.01320000,25875979,25875979,1782868366854048,True,True
25003337,57914.34000000,0.00580000,25875980,25875980,1782868366854048,True,True
25003338,57933.73000000,0.00288000,25875981,25875981,1782868366921407,False,True
25003339,57941.68000000,0.00289000,25875982,25875982,1782868367101836,False,True
25003340,57944.14000000,0.00101000,25875983,25875983,1782868367112068,False,True
25003341,57944.14000000,0.00058000,25875984,25875984,1782868367144293,False,True
25003342,57944.14000000,0.00044000,25875985,25875985,1782868367156307,False,True
25003343,57944.14000000,0.00030000,25875986,25875986,1782868367167978,False,True
25003344,57952.64000000,0.00277000,25875987,25875987,1782868367258246,False,True
25003345,57937.25000000,0.00051000,25875988,25875988,1782868367408154,False,True
25003346,57942.88000000,0.00011000,25875989,25875989,1782868367653830,False,True
25003347,57976.18000000,0.00162000,25875990,25875990,1782868367653830,False,True
25003348,57969.57000000,0.00657000,25875991,25875991,1782868368058403,False,True
25003349,57969.57000000,0.00657000,25875992,25875992,1782868368059135,False,True
25003350,57969.57000000,0.00006000,25875993,25875993,1782868368059690,False,True
25003351,57969.58000000,0.00651000,25875994,25875994,1782868368059690,False,True
25003352,57969.57000000,0.00657000,25875995,25875995,1782868368061218,False,True
25003353,57953.23000000,0.00484000,25875996,25875997,1782868369073161,False,True
25003354,57931.53000000,0.00126000,25875998,25875998,1782868369286288,True,True
25003355,57919.43000000,0.00832000,25875999,25875999,1782868369286288,True,True
25003356,57941.65000000,0.00464000,25876000,25876000,1782868369319107,False,True
25003357,57935.86000000,0.00086000,25876001,25876001,1782868369381201,False,True
25003358,57912.20000000,0.00136000,25876002,25876002,1782868369463971,True,True
25003359,57924.28000000,0.00172000,25876003,25876003,1782868369483782,False,True
25003360,57918.49000000,0.00144000,25876004,25876004,1782868369494870,False,True
25003361,57918.49000000,0.00053000,25876005,25876005,1782868369526504,False,True
25003362,57913.89000000,0.00109000,25876006,25876006,1782868369624067,True,True
25003363,57896.82000000,0.00900000,25876007,25876007,1782868369664142,True,True
25003364,57901.95000000,0.00265000,25876008,25876008,1782868369751316,False,True
25003365,57913.53000000,0.00235000,25876009,25876010,1782868369873931,False,True
25003366,57906.92000000,0.00461000,25876011,25876011,1782868370130183,False,True
25003367,57906.92000000,0.00030000,25876012,25876012,1782868370139623,False,True
25003368,57906.92000000,0.00019000,25876013,25876013,1782868370150272,False,True
25003369,57906.92000000,0.00078000,25876014,25876014,1782868370161426,False,True
25003370,57906.92000000,0.00085000,25876015,25876015,1782868370172388,False,True
25003371,57906.92000000,0.00024000,25876016,25876016,1782868370182561,False,True
25003372,57918.49000000,0.00023000,25876017,25876017,1782868370235744,False,True
25003373,57935.05000000,0.01320000,25876018,25876018,1782868370471840,True,True
25003374,57932.26000000,0.00107000,25876019,25876019,1782868370471840,True,True
25003375,57941.59000000,0.00043000,25876020,25876020,1782868370474055,False,True
25003376,57941.37000000,0.00298000,25876021,25876021,1782868370484655,False,True
25003377,57908.55000000,0.00054000,25876022,25876022,1782868371037184,True,True
25003378,57941.38000000,0.00172000,25876023,25876024,1782868371216623,False,True
25003379,57940.07000000,0.00804000,25876025,25876025,1782868371387115,True,True
25003380,57945.06000000,0.00039000,25876026,25876026,1782868371550441,False,True
25003381,57913.20000000,0.00400000,25876027,25876027,1782868372237615,False,True
25003382,57902.77000000,0.00109000,25876028,25876028,1782868372245256,True,True
25003383,57896.97000000,0.00197000,25876029,25876029,1782868372245256,True,True
25003384,57903.38000000,0.00448000,25876030,25876030,1782868372274329,False,True
25003385,57913.20000000,0.00552000,25876031,25876031,1782868372274329,False,True
25003386,57918.99000000,0.00163000,25876032,25876033,1782868372345955,False,True
25003387,57924.78000000,0.00837000,25876034,25876034,1782868372345955,False,True
25003388,57944.78000000,0.00816000,25876035,25876036,1782868372358156,False,True
25003389,57910.43000000,0.02000000,25876037,25876038,1782868372939303,False,True
25003390,57900.17000000,0.01125000,25876039,25876039,1782868372985943,False,True
25003391,57900.17000000,0.00100000,25876040,25876040,1782868373172121,False,True
25003392,57934.13000000,0.00100000,25876041,25876041,1782868373924836,False,True
25003393,57915.05000000,0.00109000,25876042,25876042,1782868374037780,True,True
25003394,57916.84000000,0.00428000,25876043,25876043,1782868374087945,True,True
25003395,57919.04000000,0.00026000,25876044,25876044,1782868374109753,True,True
25003396,57919.04000000,0.00043000,25876045,25876045,1782868374120085,True,True
25003397,57919.04000000,0.00030000,25876046,25876046,1782868374138229,True,True
25003398,57920.34000000,0.00270000,25876047,25876047,1782868374737556,False,True
25003399,57934.01000000,0.00280000,25876048,25876048,1782868374910818,False,True
25003400,57912.93000000,0.00461000,25876049,25876049,1782868375077323,True,True
25003401,57912.93000000,0.00231000,25876050,25876050,1782868375090487,True,True
25003402,57884.70000000,0.00020000,25876051,25876051,1782868375297963,False,True
25003403,57828.20000000,0.00100000,25876052,25876052,1782868378392756,False,True
25003404,57849.54000000,0.00084000,25876053,25876053,1782868378477019,False,True
25003405,57860.47000000,0.00445000,25876054,25876054,1782868378986027,True,True
25003406,57823.90000000,0.00136000,25876055,25876056,1782868379237844,True,True
25003407,57835.74000000,0.00436000,25876057,25876057,1782868379814749,True,True
25003408,57838.17000000,0.00061000,25876058,25876058,1782868379824690,True,True
25003409,57838.17000000,0.00024000,25876059,25876059,1782868379849475,True,True
25003410,57848.88000000,0.00104000,25876060,25876060,1782868380826798,False,True
25003411,57838.16000000,0.00305000,25876061,25876061,1782868381036045,True,True
25003412,57859.46000000,0.00100000,25876062,25876062,1782868383109694,False,True
25003413,57864.44000000,0.00100000,25876063,25876063,1782868383852894,False,True
25003414,57866.42000000,0.00433000,25876064,25876064,1782868384252031,True,True
25003415,57866.42000000,0.00071000,25876065,25876065,1782868384260653,True,True
25003416,57866.42000000,0.00071000,25876066,25876066,1782868384273661,True,True
25003417,57836.69000000,0.00450000,25876067,25876067,1782868387370712,True,True
25003418,57836.69000000,0.00080000,25876068,25876068,1782868387382905,True,True
25003419,57836.69000000,0.00032000,25876069,25876069,1782868387429781,True,True
25003420,57848.98000000,0.00042000,25876070,25876070,1782868389263757,True,True
25003421,57848.97000000,0.00295000,25876071,25876071,1782868389263757,True,True
25003422,57836.62000000,0.00305000,25876072,25876072,1782868390000085,True,True
25003423,57841.44000000,0.00094000,25876073,25876073,1782868392331057,False,True
25003424,57841.45000000,0.00037000,25876074,25876074,1782868392331057,False,True
25003425,57847.26000000,0.00042000,25876075,25876075,1782868392331057,False,True
25003426,57846.56000000,0.00447000,25876076,25876076,1782868392995082,True,True
25003427,57849.94000000,0.00373000,25876077,25876077,1782868393214040,True,True
25003428,57806.47000000,0.00136000,25876078,25876078,1782868396457597,True,True
25003429,57800.71000000,0.00305000,25876079,25876079,1782868399039195,True,True
25003430,57800.00000000,0.00433000,25876080,25876080,1782868401523105,True,True
25003431,57800.00000000,0.00055000,25876081,25876081,1782868401532821,True,True
25003432,57800.00000000,0.00053000,25876082,25876082,1782868401543327,True,True
25003433,57800.00000000,0.00055000,25876083,25876083,1782868401557464,True,True
25003434,57800.00000000,0.00091000,25876084,25876084,1782868401565683,True,True
25003435,57800.00000000,0.00025000,25876085,25876085,1782868401575749,True,True
25003436,57800.00000000,0.00048000,25876086,25876086,1782868401586047,True,True
25003437,57800.00000000,0.00036000,25876087,25876087,1782868401595513,True,True
25003438,57815.34000000,0.00051000,25876088,25876088,1782868402276932,False,True
25003439,57819.87000000,0.00450000,25876089,25876089,1782868402433894,True,True
25003440,57819.87000000,0.00033000,25876090,25876090,1782868402445758,True,True
25003441,57800.00000000,0.00448000,25876091,25876091,1782868404203133,True,True
25003442,57800.00000000,0.00021000,25876092,25876092,1782868404215348,True,True
25003443,57800.00000000,0.00020000,25876093,25876093,1782868404226641,True,True
25003444,57800.00000000,0.00021000,25876094,25876094,1782868404240320,True,True
25003445,57800.00000000,0.00461000,25876095,25876095,1782868405002286,True,True
25003446,57800.00000000,0.00091000,25876096,25876096,1782868405067714,True,True
25003447,57800.00000000,0.00057000,25876097,25876097,1782868405081646,True,True
25003448,57800.00000000,0.00140000,25876098,25876099,1782868405175031,True,True
25003449,57800.00000000,0.00044000,25876100,25876100,1782868405187080,True,True
25003450,57800.00000000,0.00073000,25876101,25876101,1782868405202671,True,True
25003451,57800.00000000,0.00020000,25876102,25876102,1782868405219047,True,True
25003452,57800.00000000,0.00035000,25876103,25876103,1782868405238044,True,True
25003453,57800.00000000,0.00025000,25876104,25876104,1782868405258167,True,True
25003454,57800.00000000,0.00040000,25876105,25876105,1782868405268137,True,True
25003455,57800.00000000,0.00099000,25876106,25876106,1782868405278531,True,True
25003456,57800.00000000,0.00136000,25876107,25876107,1782868405462111,True,True
25003457,57800.01000000,0.01000000,25876108,25876109,1782868405894502,False,True
25003458,57800.00000000,0.00580000,25876110,25876110,1782868406009308,True,True
25003459,57800.00000000,0.00038000,25876111,25876111,1782868406028300,True,True
25003460,57800.00000000,0.00018000,25876112,25876112,1782868406042148,True,True
25003461,57800.00000000,0.00024000,25876113,25876113,1782868406055927,True,True
25003462,57800.00000000,0.00018000,25876114,25876114,1782868406067487,True,True
25003463,57800.00000000,0.00022000,25876115,25876115,1782868406081736,True,True
25003464,57800.00000000,0.00019000,25876116,25876116,1782868406092899,True,True
25003465,57800.00000000,0.00023000,25876117,25876117,1782868406105531,True,True
25003466,57800.00000000,0.00024000,25876118,25876118,1782868406124081,True,True
25003467,57800.00000000,0.00024000,25876119,25876119,1782868406137491,True,True
25003468,57800.01000000,0.00523000,25876120,25876122,1782868406470766,False,True
25003469,57800.15000000,0.01376000,25876123,25876123,1782868406470766,False,True
25003470,57800.00000000,0.00152000,25876124,25876124,1782868406637489,True,True
25003471,57800.00000000,0.00233000,25876125,25876125,1782868406639800,True,True
25003472,57800.00000000,0.00233000,25876126,25876126,1782868406639995,True,True
25003473,57800.00000000,0.00002000,25876127,25876127,1782868406640049,True,True
25003474,57799.99000000,0.00119000,25876128,25876128,1782868406642621,True,True
25003475,57799.72000000,0.00119000,25876129,25876129,1782868406643322,True,True
25003476,57799.72000000,0.00984000,25876130,25876130,1782868406644587,True,True
25003477,57766.65000000,0.00349000,25876131,25876131,1782868406655185,True,True
25003478,57801.24000000,0.00434000,25876132,25876132,1782868407489655,True,True
25003479,57795.46000000,0.00305000,25876133,25876133,1782868408010991,True,True
25003480,57836.55000000,0.00150000,25876134,25876135,1782868413310259,False,True
25003481,57817.20000000,0.00451000,25876136,25876136,1782868415265092,True,True
25003482,57817.20000000,0.00341000,25876137,25876137,1782868415282553,True,True
25003483,57817.20000000,0.00155000,25876138,25876138,1782868415284629,True,True
25003484,57793.91000000,0.00017000,25876139,25876139,1782868415844053,False,True
25003485,57793.90000000,0.00305000,25876140,25876140,1782868417010294,True,True
25003486,57835.75000000,0.00067000,25876141,25876141,1782868417507533,False,True
25003487,57834.30000000,0.00042000,25876142,25876142,1782868418930017,True,True
25003488,57828.60000000,0.00023000,25876143,25876143,1782868419983514,True,True
25003489,57852.21000000,0.00130000,25876144,25876145,1782868425709846,False,True
25003490,57883.85000000,0.00305000,25876146,25876146,1782868426006058,True,True
25003491,57906.48000000,0.00340000,25876147,25876148,1782868427715734,False,True
25003492,57913.82000000,0.00020000,25876149,25876149,1782868428938666,False,True
25003493,57940.21000000,0.00124000,25876150,25876151,1782868429765299,False,True
25003494,57976.94000000,0.00250000,25876152,25876153,1782868433762477,False,True
25003495,58029.57000000,0.00250000,25876154,25876155,1782868436942776,False,True
25003496,58066.16000000,0.00176000,25876156,25876157,1782868439557114,False,True
25003497,58072.08000000,0.00324000,25876158,25876158,1782868440437846,False,True
25003498,58114.44000000,0.00235000,25876159,25876160,1782868441541963,False,True
25003499,58143.03000000,0.00080000,25876161,25876162,1782868444262303,False,True
25003500,58162.66000000,0.01000000,25876163,25876163,1782868445304961,False,True
25003501,58162.66000000,0.00320000,25876164,25876164,1782868445305133,False,True
25003502,58183.01000000,0.00434000,25876165,25876165,1782868445466297,True,True
25003503,58161.17000000,0.00126000,25876166,25876166,1782868446522622,True,True
25003504,58160.88000000,0.00304000,25876167,25876167,1782868446522622,True,True
25003505,58106.51000000,0.00431000,25876168,25876168,1782868448779554,True,True
25003506,58090.69000000,0.00431000,25876169,25876169,1782868449648859,True,True
25003507,58090.69000000,0.00028000,25876170,25876170,1782868449660348,True,True
25003508,58090.69000000,0.00025000,25876171,25876171,1782868449674907,True,True
25003509,58068.29000000,0.00517000,25876172,25876172,1782868451117777,True,True
25003510,58041.80000000,0.00126000,25876173,25876173,1782868456436136,False,True
25003511,58057.28000000,0.00200000,25876174,25876174,1782868462482531,True,True
25003512,58078.44000000,0.00454000,25876175,25876175,1782868483718348,True,True
25003513,58044.08000000,0.00434000,25876176,25876176,1782868485425376,True,True
25003514,58044.08000000,0.00126000,25876177,25876177,1782868486115128,True,True
25003515,58044.07000000,0.00250000,25876178,25876178,1782868486115128,True,True
25003516,58097.88000000,0.00022000,25876179,25876179,1782868493295605,False,True
25003517,58097.89000000,0.00178000,25876180,25876180,1782868493295605,False,True
25003518,58129.81000000,0.00070000,25876181,25876182,1782868500397029,False,True
25003519,58129.81000000,0.00008000,25876183,25876183,1782868500397254,False,True
25003520,58129.82000000,0.00870000,25876184,25876184,1782868500716510,True,True
25003521,58129.82000000,0.00161000,25876185,25876187,1782868501728298,True,True
25003522,58142.81000000,0.00150000,25876188,25876189,1782868502799197,False,True
25003523,58155.00000000,0.00200000,25876190,25876190,1782868504274465,True,True
25003524,58159.91000000,0.00126000,25876191,25876191,1782868506844244,False,True
25003525,58159.92000000,0.00014000,25876192,25876192,1782868506844244,False,True
25003526,58176.13000000,0.00070000,25876193,25876193,1782868507339594,False,True
25003527,58190.56000000,0.00256000,25876194,25876194,1782868507545036,False,True
25003528,58213.34000000,0.00017000,25876195,25876195,1782868508838940,False,True
25003529,58213.35000000,0.00093000,25876196,25876196,1782868508838940,False,True
25003530,58237.16000000,0.00317000,25876197,25876198,1782868509733385,False,True
25003531,58237.17000000,0.00243000,25876199,25876199,1782868509733385,False,True
25003532,58246.46000000,0.00260000,25876200,25876200,1782868509744481,False,True
25003533,58246.45000000,0.00270000,25876201,25876201,1782868509760718,False,True
25003534,58243.66000000,0.00051000,25876202,25876202,1782868510971957,True,True
25003535,58278.77000000,0.00271000,25876203,25876203,1782868511016048,False,True
25003536,58279.06000000,0.00099000,25876204,25876204,1782868511016048,False,True
25003537,58279.06000000,0.00119000,25876205,25876205,1782868511020500,False,True
25003538,58279.07000000,0.00010000,25876206,25876206,1782868511026112,False,True
25003539,58190.65000000,0.00441000,25876207,25876207,1782868514949628,True,True
25003540,58190.65000000,0.00757000,25876208,25876209,1782868514958816,True,True
25003541,58155.77000000,0.00200000,25876210,25876210,1782868516409918,True,True
25003542,58228.39000000,0.01205000,25876211,25876212,1782868521888928,True,True
25003543,58228.39000000,0.01000000,25876213,25876213,1782868521910374,True,True
25003544,58228.39000000,0.00220000,25876214,25876214,1782868521923424,True,True
25003545,58207.92000000,0.00314000,25876215,25876215,1782868521923424,True,True
25003546,58207.92000000,0.01000000,25876216,25876216,1782868522487079,True,True
25003547,58207.92000000,0.01000000,25876217,25876217,1782868523064935,True,True
25003548,58207.92000000,0.01446000,25876218,25876219,1782868523643811,True,True
25003549,58183.64000000,0.00295000,25876220,25876220,1782868523643811,True,True
25003550,58226.59000000,0.00126000,25876221,25876221,1782868526492910,False,True
25003551,58222.37000000,0.01105000,25876222,25876222,1782868530118412,True,True
25003552,58189.42000000,0.00516000,25876223,25876223,1782868534092175,True,True
25003553,58228.52000000,0.00010000,25876224,25876224,1782868542563831,False,True
25003554,58251.66000000,0.00074000,25876225,25876225,1782868544944429,False,True
25003555,58251.67000000,0.00136000,25876226,25876226,1782868544944429,False,True
25003556,58193.04000000,0.00581000,25876227,25876227,1782868561758249,True,True
25003557,58181.86000000,0.00287000,25876228,25876229,1782868565550279,True,True
25003558,58181.81000000,0.00156000,25876230,25876230,1782868565550279,True,True
25003559,58170.01000000,0.00066000,25876231,25876231,1782868576123904,True,True
25003560,58170.00000000,0.00061000,25876232,25876232,1782868576123904,True,True
25003561,58147.98000000,0.00490000,25876233,25876233,1782868578523102,True,True
25003562,58147.92000000,0.00220000,25876234,25876234,1782868578547575,True,True
25003563,58106.48000000,0.00431000,25876235,25876235,1782868592928980,True,True
25003564,58077.42000000,0.00414000,25876236,25876236,1782868593125696,True,True
25003565,58057.82000000,0.00466000,25876237,25876237,1782868596552172,True,True
25003566,58057.82000000,0.00052000,25876238,25876238,1782868596583989,True,True
25003567,58046.56000000,0.00435000,25876239,25876239,1782868608020340,True,True
25003568,58046.56000000,0.00129000,25876240,25876240,1782868608092074,True,True
25003569,58073.64000000,0.00278000,25876241,25876241,1782868632035301,False,True
25003570,58084.28000000,0.00280000,25876242,25876242,1782868639966440,False,True
25003571,58084.28000000,0.00280000,25876243,25876243,1782868639970083,False,True
25003572,58086.64000000,0.00303000,25876244,25876244,1782868651246105,True,True
25003573,58056.65000000,0.00434000,25876245,25876245,1782868656379474,True,True
25003574,58056.64000000,0.00043000,25876246,25876246,1782868656383437,True,True
25003575,58098.13000000,0.00030000,25876247,25876247,1782868683911385,False,True
25003576,58112.77000000,0.00053000,25876248,25876249,1782868695712144,False,True
25003577,58132.33000000,0.00439000,25876250,25876250,1782868697532780,True,True
25003578,58105.70000000,0.00452000,25876251,25876251,1782868709421937,True,True
25003579,58124.21000000,0.00050000,25876252,25876253,1782868714582537,False,True
25003580,58150.91000000,0.01355000,25876254,25876255,1782868714911214,False,True
25003581,58156.72000000,0.01318000,25876256,25876256,1782868714911214,False,True
25003582,58145.31000000,0.05162000,25876257,25876257,1782868715875550,False,True
25003583,58145.31000000,0.01500000,25876258,25876258,1782868715876400,False,True
25003584,58145.31000000,0.01500000,25876259,25876259,1782868715876450,False,True
25003585,58145.31000000,0.00500000,25876260,25876260,1782868715876652,False,True
25003586,58145.31000000,0.00500000,25876261,25876261,1782868715878316,False,True
25003587,58145.31000000,0.03500000,25876262,25876262,1782868715878796,False,True
25003588,58145.31000000,0.02000000,25876263,25876263,1782868715878994,False,True
25003589,58145.31000000,0.02000000,25876264,25876264,1782868715879397,False,True
25003590,58145.31000000,0.02000000,25876265,25876265,1782868715879410,False,True
25003591,58145.31000000,0.02000000,25876266,25876266,1782868715879523,False,True
25003592,58145.31000000,0.00500000,25876267,25876267,1782868715879582,False,True
25003593,58145.31000000,0.01500000,25876268,25876268,1782868715879679,False,True
25003594,58145.31000000,0.05870000,25876269,25876269,1782868715879916,False,True
25003595,58145.31000000,0.01500000,25876270,25876270,1782868715881163,False,True
25003596,58145.31000000,0.05900000,25876271,25876271,1782868715881292,False,True
25003597,58150.88000000,0.00434000,25876272,25876272,1782868717227227,True,True
25003598,58150.88000000,0.00044000,25876273,25876273,1782868717236500,True,True
25003599,58150.88000000,0.00034000,25876274,25876274,1782868717247316,True,True
25003600,58150.88000000,0.00593000,25876275,25876275,1782868717256298,True,True
25003601,58150.36000000,0.00180000,25876276,25876277,1782868719959305,False,True
25003602,58165.28000000,0.01167000,25876278,25876278,1782868730298054,False,True
25003603,58166.77000000,0.00016000,25876279,25876279,1782868731584033,False,True
25003604,58166.78000000,0.00014000,25876280,25876280,1782868731584033,False,True
25003605,58201.96000000,0.00444000,25876281,25876281,1782868732037377,True,True
25003606,58202.80000000,0.00050000,25876282,25876282,1782868732047645,True,True
25003607,58202.80000000,0.00021000,25876283,25876283,1782868732069649,True,True
25003608,58187.38000000,0.00446000,25876284,25876285,1782868733065028,True,True
25003609,58187.39000000,0.00058000,25876286,25876286,1782868733075201,True,True
25003610,58187.38000000,0.00019000,25876287,25876287,1782868733093900,True,True
25003611,58187.38000000,0.00041000,25876288,25876288,1782868733141882,True,True
25003612,58187.38000000,0.00060000,25876289,25876289,1782868733152968,True,True
25003613,58187.38000000,0.00021000,25876290,25876290,1782868733165089,True,True
25003614,58187.38000000,0.00035000,25876291,25876291,1782868733174795,True,True
25003615,58187.38000000,0.00082000,25876292,25876292,1782868733231350,True,True
25003616,58187.38000000,0.00018000,25876293,25876293,1782868733242431,True,True
25003617,58187.38000000,0.00019000,25876294,25876294,1782868733256529,True,True
25003618,58185.40000000,0.00011000,25876295,25876295,1782868734759792,False,True
25003619,58182.68000000,0.00460000,25876296,25876296,1782868735243122,True,True
25003620,58184.00000000,0.00126000,25876297,25876297,1782868737490440,True,True
25003621,58183.94000000,0.00307000,25876298,25876298,1782868737490440,True,True
25003622,58170.44000000,0.00030000,25876299,25876300,1782868740703951,False,True
25003623,58161.54000000,0.00438000,25876301,25876301,1782868744063493,True,True
25003624,58154.35000000,0.01214000,25876302,25876303,1782868744826910,True,True
25003625,58153.29000000,0.00235000,25876304,25876305,1782868744857778,False,True
25003626,58162.31000000,0.00168000,25876306,25876306,1782868744857778,False,True
25003627,58189.16000000,0.00375000,25876307,25876307,1782868749869996,False,True
25003628,58181.35000000,0.00086000,25876308,25876309,1782868757731054,False,True
25003629,58194.95000000,0.00056000,25876310,25876310,1782868757731054,False,True
25003630,58197.29000000,0.00440000,25876311,25876311,1782868764410331,False,True
25003631,58182.24000000,0.00126000,25876312,25876312,1782868766344461,True,True
25003632,58193.64000000,0.00030000,25876313,25876314,1782868775070137,False,True
25003633,58243.72000000,0.00268000,25876315,25876315,1782868775958181,False,True
25003634,58243.86000000,0.00016000,25876316,25876316,1782868775958181,False,True
25003635,58241.19000000,0.00483000,25876317,25876317,1782868776435564,True,True
25003636,58226.46000000,0.00250000,25876318,25876319,1782868778516942,False,True
25003637,58224.63000000,0.00719000,25876320,25876320,1782868780772001,True,True
25003638,58243.19000000,0.00126000,25876321,25876321,1782868798114101,False,True
25003639,58243.20000000,0.00024000,25876322,25876322,1782868798114101,False,True
25003640,58216.99000000,0.00071000,25876323,25876323,1782868806085660,True,True
25003641,58256.95000000,0.00040000,25876324,25876324,1782868839581068,False,True
25003642,58257.32000000,0.00551000,25876325,25876325,1782868865316833,False,True
25003643,58251.93000000,0.00255000,25876326,25876326,1782868868947789,False,True
25003644,58255.01000000,0.00068000,25876327,25876327,1782868883034520,False,True
25003645,58248.79000000,0.00065000,25876328,25876328,1782868899171085,True,True
25003646,58248.80000000,0.00054000,25876329,25876329,1782868899182666,False,True
25003647,58252.52000000,0.00089000,25876330,25876330,1782868913268624,True,True
25003648,58239.83000000,0.00052000,25876331,25876331,1782868917937555,False,True
25003649,58211.88000000,0.00279000,25876332,25876333,1782868920579266,True,True
25003650,58216.88000000,0.00441000,25876334,25876334,1782868922126901,True,True
25003651,58261.31000000,0.00053000,25876335,25876336,1782868948357756,False,True
25003652,58281.67000000,0.00120000,25876337,25876338,1782868951105134,False,True
25003653,58298.76000000,0.00264000,25876339,25876339,1782868951507437,False,True
25003654,58297.31000000,0.00051000,25876340,25876341,1782868962710276,False,True
25003655,58315.03000000,0.00020000,25876342,25876342,1782868967223181,True,True
25003656,58315.81000000,0.00180000,25876343,25876344,1782868967415870,False,True
25003657,58339.43000000,0.00070000,25876345,25876346,1782868974906038,False,True
25003658,58342.73000000,0.00036000,25876347,25876347,1782868978683038,False,True
25003659,58300.24000000,0.00126000,25876348,25876348,1782868980079262,True,True
25003660,58300.23000000,0.00015000,25876349,25876349,1782868980079262,True,True
25003661,58342.71000000,0.08518000,25876350,25876350,1782869005332421,True,True
25003662,58342.71000000,0.04160000,25876351,25876351,1782869005332965,True,True
25003663,58342.71000000,0.04478000,25876352,25876352,1782869005333008,True,True
25003664,58281.43000000,0.00117000,25876353,25876354,1782869014061799,True,True
25003665,58251.85000000,0.00432000,25876355,25876355,1782869042773890,False,True
25003666,58255.13000000,0.00431000,25876356,25876356,1782869046433558,False,True
25003667,58248.70000000,0.00092000,25876357,25876357,1782869056342051,False,True
25003668,58248.69000000,0.00236000,25876358,25876358,1782869058626072,True,True
25003669,58248.53000000,0.00226000,25876359,25876360,1782869062740005,True,True
25003670,58231.27000000,0.00433000,25876361,25876361,1782869064251540,False,True
25003671,58210.97000000,0.00238000,25876362,25876364,1782869082145447,True,True
25003672,58199.23000000,0.00431000,25876365,25876365,1782869085971121,False,True
25003673,58187.32000000,0.11657000,25876366,25876366,1782869089153778,True,True
25003674,58150.95000000,0.00431000,25876367,25876367,1782869091702432,False,True
25003675,58175.70000000,0.00117000,25876368,25876368,1782869093852189,False,True
25003676,58187.35000000,0.00447000,25876369,25876369,1782869103262861,False,True
25003677,58213.59000000,0.00430000,25876370,25876370,1782869104887701,False,True
25003678,58229.75000000,0.00431000,25876371,25876371,1782869107362401,False,True
25003679,58210.83000000,0.01320000,25876372,25876372,1782869122276200,True,True
25003680,58181.89000000,0.00430000,25876373,25876373,1782869126807077,False,True
25003681,58187.60000000,0.00347000,25876374,25876374,1782869127003709,False,True
25003682,58207.90000000,0.00431000,25876375,25876375,1782869130777460,False,True
25003683,58207.77000000,0.00372000,25876376,25876376,1782869130970939,False,True
25003684,58207.84000000,0.00114000,25876377,25876377,1782869131041843,False,True
25003685,58207.84000000,0.00024000,25876378,25876378,1782869131053107,False,True
25003686,58207.84000000,0.00042000,25876379,25876379,1782869131077768,False,True
25003687,58207.84000000,0.00059000,25876380,25876380,1782869131113513,False,True
25003688,58207.84000000,0.00020000,25876381,25876381,1782869131125308,False,True
25003689,58207.84000000,0.00020000,25876382,25876382,1782869131137318,False,True
25003690,58207.84000000,0.00029000,25876383,25876383,1782869131153988,False,True
25003691,58207.20000000,0.00442000,25876384,25876384,1782869138652990,False,True
25003692,58197.63000000,0.00447000,25876385,25876385,1782869149186991,False,True
25003693,58188.38000000,0.00452000,25876386,25876386,1782869154521711,False,True
25003694,58182.54000000,0.00429000,25876387,25876387,1782869154759768,False,True
25003695,58182.54000000,0.00032000,25876388,25876388,1782869154779560,False,True
25003696,58182.54000000,0.00042000,25876389,25876389,1782869154803723,False,True
25003697,58182.54000000,0.00024000,25876390,25876390,1782869154817678,False,True
25003698,58182.54000000,0.00018000,25876391,25876391,1782869154832761,False,True
25003699,58182.54000000,0.00039000,25876392,25876392,1782869154855400,False,True
25003700,58182.37000000,0.00102000,25876393,25876393,1782869154911882,False,True
25003701,58182.37000000,0.00026000,25876394,25876394,1782869154926322,False,True
25003702,58182.37000000,0.00042000,25876395,25876395,1782869154949628,False,True
25003703,58184.04000000,0.00224000,25876396,25876396,1782869155095845,False,True
25003704,58184.04000000,0.00036000,25876397,25876397,1782869155116807,False,True
25003705,58184.04000000,0.00023000,25876398,25876398,1782869155130093,False,True
25003706,58182.90000000,0.00057000,25876399,25876399,1782869155142803,False,True
25003707,58182.90000000,0.00035000,25876400,25876400,1782869155164718,False,True
25003708,58182.90000000,0.00062000,25876401,25876401,1782869155200578,False,True
25003709,58182.90000000,0.00027000,25876402,25876402,1782869155216522,False,True
25003710,58182.90000000,0.00028000,25876403,25876403,1782869155232998,False,True
25003711,58182.90000000,0.00030000,25876404,25876404,1782869155256409,False,True
25003712,58182.90000000,0.00085000,25876405,25876405,1782869155307075,False,True
25003713,58176.60000000,0.00433000,25876406,25876406,1782869156010761,False,True
25003714,58176.59000000,0.00034000,25876407,25876407,1782869156030191,False,True
25003715,58176.59000000,0.00035000,25876408,25876408,1782869156050611,False,True
25003716,58176.59000000,0.00046000,25876409,25876409,1782869156077728,False,True
25003717,58176.59000000,0.00432000,25876410,25876410,1782869156403490,False,True
25003718,58176.59000000,0.00018000,25876411,25876411,1782869156413599,False,True
25003719,58176.59000000,0.00020000,25876412,25876412,1782869156424706,False,True
25003720,58176.59000000,0.00253000,25876413,25876413,1782869156573388,False,True
25003721,58176.59000000,0.00021000,25876414,25876414,1782869156585670,False,True
25003722,58168.42000000,0.00038000,25876415,25876415,1782869160415999,False,True
25003723,58164.94000000,0.00680000,25876416,25876418,1782869162258966,True,True
25003724,58143.58000000,0.00433000,25876419,25876419,1782869162314851,False,True
25003725,58159.14000000,0.00500000,25876420,25876420,1782869162328765,False,True
25003726,58159.14000000,0.00820000,25876421,25876421,1782869162329456,False,True
25003727,58159.14000000,0.00326000,25876422,25876422,1782869162491429,False,True
25003728,58170.90000000,0.00459000,25876423,25876423,1782869163370232,False,True
25003729,58176.95000000,0.00216000,25876424,25876424,1782869163505769,False,True
25003730,58179.82000000,0.00433000,25876425,25876425,1782869163933650,False,True
25003731,58182.68000000,0.00430000,25876426,25876426,1782869164211314,False,True
25003732,58180.38000000,0.00274000,25876427,25876427,1782869164366660,False,True
25003733,58186.45000000,0.00435000,25876428,25876428,1782869166998229,False,True
25003734,58188.52000000,0.00265000,25876429,25876429,1782869170279076,False,True
25003735,58192.44000000,0.00106000,25876430,25876430,1782869170702131,False,True
25003736,58192.46000000,0.00042000,25876431,25876431,1782869170711654,False,True
25003737,58198.44000000,0.00041000,25876432,25876433,1782869173522639,False,True
25003738,58211.45000000,0.00069000,25876434,25876434,1782869176915032,False,True
25003739,58211.46000000,0.00098000,25876435,25876435,1782869176915032,False,True
25003740,58228.81000000,0.00439000,25876436,25876436,1782869185690181,False,True
25003741,58228.81000000,0.00032000,25876437,25876437,1782869185704794,False,True
25003742,58228.81000000,0.00020000,25876438,25876438,1782869185713861,False,True
25003743,58228.81000000,0.00022000,25876439,25876439,1782869185725651,False,True
25003744,58228.81000000,0.00026000,25876440,25876440,1782869185738698,False,True
25003745,58228.81000000,0.00019000,25876441,25876441,1782869185756679,False,True
25003746,58228.81000000,0.00065000,25876442,25876442,1782869185768162,False,True
25003747,58228.81000000,0.00020000,25876443,25876443,1782869185779674,False,True
25003748,58228.81000000,0.00038000,25876444,25876444,1782869185790635,False,True
25003749,58228.81000000,0.00026000,25876445,25876445,1782869185808627,False,True
25003750,58228.81000000,0.00255000,25876446,25876446,1782869185872101,False,True
25003751,58228.81000000,0.00026000,25876447,25876447,1782869185872128,False,True
25003752,58228.82000000,0.00020000,25876448,25876448,1782869185872128,False,True
25003753,58243.60000000,0.02471000,25876449,25876452,1782869194459589,True,True
25003754,58243.23000000,0.01000000,25876453,25876453,1782869194459589,True,True
25003755,58243.22000000,0.00552000,25876454,25876454,1782869194459589,True,True
25003756,58243.61000000,0.00103000,25876455,25876456,1782869194648441,False,True
25003757,58253.59000000,0.00012000,25876457,25876457,1782869210540166,False,True
25003758,58253.60000000,0.00035000,25876458,25876458,1782869210540166,False,True
25003759,58263.12000000,0.00126000,25876459,25876459,1782869231414269,False,True
25003760,58263.13000000,0.00054000,25876460,25876460,1782869231414269,False,True
25003761,58239.68000000,0.00246000,25876461,25876461,1782869259036205,True,True
25003762,58275.21000000,0.00046000,25876462,25876463,1782869276744972,False,True
25003763,58278.84000000,0.00455000,25876464,25876464,1782869279016788,False,True
25003764,58288.25000000,0.00049000,25876465,25876466,1782869308530347,False,True
25003765,58308.28000000,0.00110000,25876467,25876468,1782869310512246,False,True
25003766,58308.28000000,0.00008000,25876469,25876469,1782869310514618,False,True
25003767,58350.23000000,0.00051000,25876470,25876470,1782869311882164,True,True
25003768,58305.23000000,0.01108000,25876471,25876471,1782869318999184,True,True
25003769,58320.17000000,0.00026000,25876472,25876473,1782869340165645,False,True
25003770,58327.49000000,0.00077000,25876474,25876475,1782869342851825,False,True
25003771,58338.57000000,0.00039000,25876476,25876477,1782869351324307,False,True
25003772,58313.59000000,0.00069000,25876478,25876478,1782869384645254,True,True
25003773,58313.59000000,0.00321000,25876479,25876479,1782869384646399,True,True
25003774,58309.42000000,0.00069000,25876480,25876480,1782869384647884,True,True
25003775,58330.54000000,0.00069000,25876481,25876481,1782869410435638,False,True
25003776,58349.59000000,0.00009000,25876482,25876482,1782869420895108,False,True
25003777,58349.60000000,0.00031000,25876483,25876483,1782869420895108,False,True
25003778,58369.05000000,0.00287000,25876484,25876484,1782869422747427,True,True
25003779,58369.06000000,0.00168000,25876485,25876486,1782869423005736,False,True
25003780,58384.13000000,0.00037000,25876487,25876488,1782869424720817,False,True
25003781,58387.46000000,0.00033000,25876489,25876490,1782869433779623,False,True
25003782,58380.90000000,0.00171000,25876491,25876491,1782869436213678,True,True
25003783,58399.28000000,0.00068000,25876492,25876493,1782869436321713,False,True
25003784,58394.07000000,0.00566000,25876494,25876494,1782869442740825,True,True
25003785,58395.36000000,0.00052000,25876495,25876496,1782869444248285,False,True
25003786,58406.70000000,0.00024000,25876497,25876497,1782869445417138,False,True
25003787,58403.50000000,0.00109000,25876498,25876498,1782869446714923,False,True
25003788,58404.27000000,0.00019000,25876499,25876499,1782869463403446,False,True
25003789,58404.00000000,0.00172000,25876500,25876500,1782869482200424,True,True
25003790,58364.13000000,0.00053000,25876501,25876501,1782869515758118,True,True
25003791,58423.80000000,0.00157000,25876502,25876503,1782869521923734,False,True
25003792,58435.91000000,0.00378000,25876504,25876504,1782869528921572,False,True
25003793,58439.26000000,0.00430000,25876505,25876505,1782869530733089,False,True
25003794,58439.26000000,0.00035000,25876506,25876506,1782869530749304,False,True
25003795,58439.26000000,0.00027000,25876507,25876507,1782869530758029,False,True
25003796,58439.26000000,0.00018000,25876508,25876508,1782869530767927,False,True
25003797,58439.26000000,0.00018000,25876509,25876509,1782869530778631,False,True
25003798,58439.26000000,0.00076000,25876510,25876510,1782869530791290,False,True
25003799,58439.26000000,0.00029000,25876511,25876511,1782869530810319,False,True
25003800,58439.26000000,0.00021000,25876512,25876512,1782869530822241,False,True
25003801,58439.26000000,0.00061000,25876513,25876513,1782869530836398,False,True
25003802,58439.26000000,0.00022000,25876514,25876514,1782869530855013,False,True
25003803,58439.26000000,0.00278000,25876515,25876515,1782869531011991,False,True
25003804,58439.26000000,0.00060000,25876516,25876516,1782869531048262,False,True
25003805,58439.26000000,0.00032000,25876517,25876517,1782869531067322,False,True
25003806,58439.26000000,0.00036000,25876518,25876518,1782869531087861,False,True
25003807,58439.26000000,0.00049000,25876519,25876519,1782869531099201,False,True
25003808,58439.26000000,0.00061000,25876520,25876520,1782869531139506,False,True
25003809,58439.26000000,0.00019000,25876521,25876521,1782869531151907,False,True
25003810,58439.26000000,0.00036000,25876522,25876522,1782869531174319,False,True
25003811,58439.26000000,0.00061000,25876523,25876523,1782869531207468,False,True
25003812,58439.26000000,0.00019000,25876524,25876524,1782869531219878,False,True
25003813,58439.26000000,0.00438000,25876525,25876525,1782869532089218,False,True
25003814,58439.26000000,0.00021000,25876526,25876526,1782869532100555,False,True
25003815,58439.26000000,0.00026000,25876527,25876527,1782869532115884,False,True
25003816,58439.26000000,0.00049000,25876528,25876528,1782869532129698,False,True
25003817,58439.26000000,0.00057000,25876529,25876529,1782869532144294,False,True
25003818,58439.26000000,0.00019000,25876530,25876530,1782869532155240,False,True
25003819,58439.26000000,0.00071000,25876531,25876531,1782869532200857,False,True
25003820,58439.26000000,0.00044000,25876532,25876532,1782869532226196,False,True
25003821,58439.26000000,0.00029000,25876533,25876533,1782869532242056,False,True
25003822,58439.26000000,0.00042000,25876534,25876534,1782869532269495,False,True
25003823,58439.26000000,0.00500000,25876535,25876535,1782869532658177,False,True
25003824,58439.26000000,0.00603000,25876536,25876536,1782869532956629,False,True
25003825,58439.26000000,0.02000000,25876537,25876537,1782869532957386,False,True
25003826,58439.26000000,0.01000000,25876538,25876538,1782869532958082,False,True
25003827,58439.26000000,0.00500000,25876539,25876539,1782869532958188,False,True
25003828,58439.26000000,0.04370000,25876540,25876540,1782869532958282,False,True
25003829,58439.26000000,0.00500000,25876541,25876541,1782869532959848,False,True
25003830,58439.26000000,0.01498000,25876542,25876543,1782869532960452,False,True
25003831,58440.10000000,0.00171000,25876544,25876544,1782869535160381,True,True
25003832,58439.14000000,0.00500000,25876545,25876545,1782869539415982,True,True
25003833,58453.29000000,0.00069000,25876546,25876547,1782869542560949,False,True
25003834,58457.93000000,0.01320000,25876548,25876548,1782869558422245,False,True
25003835,58457.94000000,0.00020000,25876549,25876549,1782869558422245,False,True
25003836,58464.95000000,0.01320000,25876550,25876550,1782869558422245,False,True
25003837,58470.79000000,0.01320000,25876551,25876551,1782869558422245,False,True
25003838,58476.63000000,0.01149000,25876552,25876552,1782869558422245,False,True
25003839,58462.83000000,0.00084000,25876553,25876553,1782869561142160,True,True
25003840,58469.20000000,0.00010000,25876554,25876554,1782869570260832,False,True
25003841,58469.21000000,0.00046000,25876555,25876555,1782869570260832,False,True
25003842,58469.21000000,0.00010000,25876556,25876556,1782869570266407,False,True
25003843,58495.69000000,0.00051000,25876557,25876557,1782869571267374,True,True
25003844,58472.83000000,0.00172000,25876558,25876558,1782869572145603,True,True
25003845,58477.16000000,0.00010000,25876559,25876559,1782869572212169,False,True
25003846,58455.70000000,0.00611000,25876560,25876560,1782869573236331,True,True
25003847,58477.27000000,0.00052000,25876561,25876561,1782869577758826,False,True
25003848,58474.68000000,0.00415000,25876562,25876562,1782869578835402,True,True
25003849,58453.32000000,0.00459000,25876563,25876563,1782869589100816,False,True
25003850,58453.32000000,0.00018000,25876564,25876564,1782869589121751,False,True
25003851,58439.50000000,0.00027000,25876565,25876565,1782869603569538,True,True
25003852,58430.97000000,0.00283000,25876566,25876566,1782869608143638,True,True
25003853,58444.91000000,0.00084000,25876567,25876567,1782869610215361,True,True
25003854,58444.91000000,0.00084000,25876568,25876568,1782869610246178,True,True
25003855,58424.87000000,0.00069000,25876569,25876569,1782869620471539,True,True
25003856,58424.86000000,0.00021000,25876570,25876570,1782869620471539,True,True
25003857,58424.86000000,0.00015000,25876571,25876571,1782869620476653,True,True
25003858,58414.86000000,0.00109000,25876572,25876572,1782869632937182,False,True
25003859,58425.10000000,0.00057000,25876573,25876573,1782869632937182,False,True
25003860,58404.59000000,0.00127000,25876574,25876575,1782869655226457,True,True
25003861,58395.99000000,0.00189000,25876576,25876576,1782869661087802,True,True
25003862,58414.95000000,0.00077000,25876577,25876578,1782869693549236,False,True
25003863,58440.70000000,0.00020000,25876579,25876580,1782869738009640,False,True
25003864,58440.70000000,0.00002000,25876581,25876581,1782869738010033,False,True
25003865,58449.63000000,0.00034000,25876582,25876582,1782869808318032,False,True
25003866,58441.34000000,0.00069000,25876583,25876583,1782869836633954,True,True
25003867,58451.20000000,0.00025000,25876584,25876584,1782869878779381,False,True
25003868,58459.37000000,0.00069000,25876585,25876586,1782869885310853,False,True
25003869,58481.88000000,0.00180000,25876587,25876588,1782869890966934,False,True
25003870,58512.06000000,0.00026000,25876589,25876589,1782869892208197,True,True
25003871,58500.07000000,0.00171000,25876590,25876590,1782869893157582,True,True
25003872,58494.09000000,0.00021000,25876591,25876591,1782869899556948,False,True
25003873,58494.10000000,0.00041000,25876592,25876592,1782869899556948,False,True
25003874,58505.80000000,0.00206000,25876593,25876593,1782869900637887,True,True
25003875,58517.61000000,0.00359000,25876594,25876594,1782869907937504,True,True
25003876,58517.61000000,0.00149000,25876595,25876595,1782869908208023,True,True
25003877,58517.80000000,0.00188000,25876596,25876597,1782869908937391,False,True
25003878,58511.71000000,0.00171000,25876598,25876598,1782869919157979,True,True
25003879,58511.71000000,0.00371000,25876599,25876599,1782869920101190,True,True
25003880,58534.00000000,0.00080000,25876600,25876601,1782869925011506,False,True
25003881,58571.54000000,0.00362000,25876602,25876603,1782869927111615,False,True
25003882,58571.93000000,0.00014000,25876604,25876604,1782869927111615,False,True
25003883,58571.04000000,0.00043000,25876605,25876605,1782869927755359,True,True
25003884,58547.19000000,0.00170000,25876606,25876606,1782869929236035,True,True
25003885,58569.02000000,0.00171000,25876607,25876607,1782869929338199,True,True
25003886,58576.84000000,0.00023000,25876608,25876608,1782869930590404,False,True
25003887,58574.71000000,0.00235000,25876609,25876609,1782869934822724,False,True
25003888,58594.14000000,0.00125000,25876610,25876611,1782869935641225,False,True
25003889,58589.65000000,0.00449000,25876612,25876612,1782869936292086,False,True
25003890,58590.55000000,0.00020000,25876613,25876613,1782869937597202,True,True
25003891,58596.41000000,0.00171000,25876614,25876614,1782869938168198,True,True
25003892,58585.23000000,0.00427000,25876615,25876615,1782869941783897,False,True
25003893,58585.11000000,0.00043000,25876616,25876616,1782869942001122,True,True
25003894,58599.62000000,0.00074000,25876617,25876617,1782869943040034,False,True
25003895,58599.63000000,0.00043000,25876618,25876618,1782869943040478,False,True
25003896,58617.63000000,0.00111000,25876619,25876619,1782869943253381,False,True
25003897,58630.90000000,0.00101000,25876620,25876620,1782869943488096,True,True
25003898,58632.77000000,0.00229000,25876621,25876621,1782869944017835,True,True
25003899,58610.95000000,0.00051000,25876622,25876622,1782869944441281,True,True
25003900,58631.97000000,0.00445000,25876623,25876623,1782869944655776,False,True
25003901,58631.97000000,0.00015000,25876624,25876624,1782869944680055,False,True
25003902,58631.98000000,0.00024000,25876625,25876625,1782869944680055,False,True
25003903,58634.39000000,0.00171000,25876626,25876626,1782869945155139,True,True
25003904,58647.07000000,0.00171000,25876627,25876627,1782869946153899,True,True
25003905,58649.79000000,0.00351000,25876628,25876629,1782869946255146,False,True
25003906,58739.74000000,0.08046000,25876630,25876630,1782869948160160,True,True
25003907,58739.76000000,0.00433000,25876631,25876632,1782869948276310,False,True
25003908,58733.87000000,0.00171000,25876633,25876633,1782869949183083,True,True
25003909,58733.87000000,0.00171000,25876634,25876634,1782869949187427,True,True
25003910,58733.87000000,0.00126000,25876635,25876635,1782869949970990,True,True
25003911,58716.10000000,0.00234000,25876636,25876636,1782869949970990,True,True
25003912,58714.71000000,0.00153000,25876637,25876637,1782869949970990,True,True
25003913,58716.10000000,0.00126000,25876638,25876638,1782869950197777,True,True
25003914,58716.09000000,0.00045000,25876639,25876639,1782869950197777,True,True
25003915,58716.09000000,0.00015000,25876640,25876640,1782869950198995,True,True
25003916,58714.70000000,0.00327000,25876641,25876641,1782869950198995,True,True
25003917,58714.70000000,0.01000000,25876642,25876643,1782869950553961,True,True
25003918,58727.10000000,0.01320000,25876644,25876644,1782869950554912,False,True
25003919,58727.11000000,0.00379000,25876645,25876645,1782869950555361,False,True
25003920,58742.21000000,0.01000000,25876646,25876646,1782869951129969,True,True
25003921,58742.22000000,0.01498000,25876647,25876647,1782869951203978,True,True
25003922,58743.44000000,0.01000000,25876648,25876648,1782869951706650,True,True
25003923,58749.51000000,0.00445000,25876649,25876649,1782869952157621,False,True
25003924,58749.12000000,0.01290000,25876650,25876650,1782869952284283,True,True
25003925,58746.91000000,0.00051000,25876651,25876651,1782869952306856,True,True
25003926,58754.72000000,0.00246000,25876652,25876653,1782869952516717,False,True
25003927,58763.59000000,0.00170000,25876654,25876654,1782869954206958,True,True
25003928,58777.67000000,0.00231000,25876655,25876656,1782869954319296,False,True
25003929,58786.32000000,0.00552000,25876657,25876657,1782869954989756,False,True
25003930,58786.32000000,0.00018000,25876658,25876658,1782869955000774,False,True
25003931,58792.19000000,0.00025000,25876659,25876659,1782869955077646,False,True
25003932,58774.60000000,0.01320000,25876660,25876660,1782869956276177,True,True
25003933,58769.47000000,0.00030000,25876661,25876661,1782869956276177,True,True
25003934,58774.58000000,0.00470000,25876662,25876662,1782869956287806,False,True
25003935,58774.84000000,0.00018000,25876663,25876663,1782869956297926,False,True
25003936,58774.84000000,0.00023000,25876664,25876664,1782869956310836,False,True
25003937,58774.84000000,0.00021000,25876665,25876665,1782869956322208,False,True
25003938,58774.30000000,0.00020000,25876666,25876666,1782869956936858,True,True
25003939,58777.05000000,0.00432000,25876667,25876667,1782869956943997,False,True
25003940,58776.37000000,0.00033000,25876668,25876668,1782869956954780,False,True
25003941,58776.37000000,0.00019000,25876669,25876669,1782869956965479,False,True
25003942,58776.37000000,0.00018000,25876670,25876670,1782869956980590,False,True
25003943,58776.37000000,0.00019000,25876671,25876671,1782869956997577,False,True
25003944,58764.54000000,0.00170000,25876672,25876672,1782869957166515,True,True
25003945,58753.17000000,0.00466000,25876673,25876673,1782869957496804,False,True
25003946,58740.08000000,0.01000000,25876674,25876674,1782869958977451,True,True
25003947,58740.07000000,0.00197000,25876675,25876675,1782869958977451,True,True
25003948,58742.81000000,0.00442000,25876676,25876676,1782869958984295,False,True
25003949,58724.79000000,0.00433000,25876677,25876677,1782869960087176,False,True
25003950,58735.40000000,0.00126000,25876678,25876678,1782869960571779,False,True
25003951,58789.34000000,0.00115000,25876679,25876680,1782869965360625,False,True
25003952,58813.84000000,0.00170000,25876681,25876681,1782869968147337,True,True
25003953,58800.80000000,0.00194000,25876682,25876683,1782869968687912,False,True
25003954,58808.76000000,0.00170000,25876684,25876684,1782869971214998,True,True
25003955,58797.52000000,0.00151000,25876685,25876686,1782869971297976,True,True
25003956,58789.33000000,0.00019000,25876687,25876687,1782869971297976,True,True
25003957,58777.84000000,0.00126000,25876688,25876688,1782869972390054,False,True
25003958,58747.13000000,0.00462000,25876689,25876689,1782869972894732,True,True
25003959,58747.13000000,0.00020000,25876690,25876690,1782869973463524,True,True
25003960,58741.25000000,0.00266000,25876691,25876691,1782869975131039,True,True
25003961,58741.25000000,0.00126000,25876692,25876692,1782869978051892,True,True
25003962,58736.76000000,0.00427000,25876693,25876693,1782869980162929,False,True
25003963,58766.83000000,0.00485000,25876694,25876694,1782869981498820,False,True
25003964,58772.62000000,0.00126000,25876695,25876695,1782869984907126,False,True
