148774455,2.10000000,40.93000000,238901532,238901533,1782864018019100,False,True
148774456,2.10100000,51.69000000,238901534,238901536,1782864037403742,False,True
148774457,2.10100000,4.28000000,238901537,238901537,1782864052360910,True,True
148774458,2.10100000,38.82000000,238901538,238901538,1782864053268283,False,True
148774459,2.10000000,9.99000000,238901539,238901539,1782864070923935,True,True
148774460,2.10100000,58.00000000,238901540,238901542,1782864073388104,False,True
148774461,2.10100000,58.00000000,238901543,238901543,1782864073388240,False,True
148774462,2.10100000,24.46000000,238901544,238901544,1782864073388371,False,True
148774463,2.10200000,6.54000000,238901545,238901545,1782864073388371,False,True
148774464,2.10100000,37.36000000,238901546,238901546,1782864085258278,False,True
148774465,2.10200000,15.64000000,238901547,238901547,1782864085258278,False,True
148774466,2.10200000,43.00000000,238901548,238901550,1782864085258543,False,True
148774467,2.10000000,9.62000000,238901551,238901553,1782864093059875,True,True
148774468,2.10000000,3.81000000,238901554,238901554,1782864101090974,True,True
148774469,2.10100000,15.68000000,238901555,238901555,1782864136221369,False,True
148774470,2.09900000,5.00000000,238901556,238901557,1782864146481148,True,True
148774471,2.09900000,5.00000000,238901558,238901560,1782864147460789,True,True
148774472,2.09900000,7.00000000,238901561,238901562,1782864147465304,True,True
148774473,2.09900000,6.00000000,238901563,238901563,1782864147893317,True,True
148774474,2.09900000,7.00000000,238901564,238901564,1782864172084483,True,True
148774475,2.09900000,36.00000000,238901565,238901565,1782864175387595,True,True
148774476,2.09900000,109.24000000,238901566,238901566,1782864175388110,True,True
148774477,2.09800000,45.32000000,238901567,238901569,1782864200099435,True,True
148774478,2.09800000,113.34000000,238901570,238901570,1782864200102477,True,True
148774479,2.09800000,130.07000000,238901571,238901572,1782864218713934,True,True
148774480,2.09800000,134.11000000,238901573,238901575,1782864218741633,True,True
148774481,2.09800000,4.29000000,238901576,238901576,1782864220099780,False,True
148774482,2.09800000,700.27000000,238901577,238901577,1782864221229053,False,True
148774483,2.09900000,43.61000000,238901578,238901579,1782864281287950,False,True
148774484,2.10000000,4.76000000,238901580,238901580,1782864285942062,False,True
148774485,2.10000000,39.85000000,238901581,238901583,1782864301531378,False,True
148774486,2.10100000,15.68000000,238901584,238901584,1782864302803965,False,True
148774487,2.10000000,3.81000000,238901585,238901585,1782864324748805,True,True
148774488,2.10100000,14.27000000,238901586,238901589,1782864336562544,False,True
148774489,2.10000000,8.49000000,238901590,238901590,1782864344072250,True,True
148774490,2.09900000,58.97000000,238901591,238901595,1782864375446728,True,True
148774491,2.10000000,47.01000000,238901596,238901599,1782864377751307,False,True
148774492,2.10000000,3.57000000,238901600,238901600,1782864377940873,True,True
148774493,2.10000000,37.36000000,238901601,238901601,1782864412376302,True,True
148774494,2.10100000,39.85000000,238901602,238901603,1782864428165507,False,True
148774495,2.10100000,200.53000000,238901604,238901606,1782864431981963,True,True
148774496,2.10100000,14.25000000,238901607,238901607,1782864433875788,True,True
148774497,2.10100000,180.28000000,238901608,238901610,1782864438596346,True,True
148774498,2.10100000,328.00000000,238901611,238901613,1782864438602298,True,True
148774499,2.10100000,5.24000000,238901614,238901614,1782864448862350,False,True
148774500,2.10000000,153.51000000,238901615,238901620,1782864463830320,True,True
148774501,2.10100000,15.68000000,238901621,238901621,1782864468135238,False,True
148774502,2.10100000,47.59000000,238901622,238901625,1782864476415782,False,True
148774503,2.10000000,8.00000000,238901626,238901626,1782864495450163,True,True
148774504,2.10000000,6.00000000,238901627,238901627,1782864515491482,True,True
148774505,2.10000000,134.11000000,238901628,238901629,1782864560470975,True,True
148774506,2.09900000,20.00000000,238901630,238901630,1782864560471658,True,True
148774507,2.09900000,86.39000000,238901631,238901634,1782864560471854,True,True
148774508,2.09800000,3.00000000,238901635,238901636,1782864560473565,True,True
148774509,2.09800000,70.00000000,238901637,238901642,1782864560473889,True,True
148774510,2.09800000,117.11000000,238901643,238901643,1782864560475220,True,True
148774511,2.09800000,77.25000000,238901644,238901645,1782864560475479,True,True
148774512,2.09700000,520.91000000,238901646,238901651,1782864560479007,True,True
148774513,2.09700000,280.93000000,238901652,238901652,1782864560479480,True,True
148774514,2.09700000,24.93000000,238901653,238901654,1782864560483395,True,True
148774515,2.09700000,25.00000000,238901655,238901655,1782864560501233,False,True
148774516,2.09700000,24.00000000,238901656,238901656,1782864560501253,False,True
148774517,2.09800000,24.00000000,238901657,238901657,1782864560503428,False,True
148774518,2.09700000,684.50000000,238901658,238901663,1782864560524167,True,True
148774519,2.09800000,1072.94000000,238901664,238901670,1782864560543603,False,True
148774520,2.09900000,25.00000000,238901671,238901671,1782864560546779,False,True
148774521,2.09800000,600.11000000,238901672,238901676,1782864560569678,True,True
148774522,2.09700000,91.15000000,238901677,238901678,1782864560569678,True,True
148774523,2.09800000,10.00000000,238901679,238901679,1782864560571648,False,True
148774524,2.09800000,4.75000000,238901680,238901680,1782864560572694,False,True
148774525,2.09800000,134.11000000,238901681,238901682,1782864560572831,False,True
148774526,2.09800000,107.67000000,238901683,238901684,1782864560573634,False,True
148774527,2.09800000,96.43000000,238901685,238901685,1782864560575748,False,True
148774528,2.09700000,24.85000000,238901686,238901686,1782864570486556,True,True
148774529,2.09700000,24.86000000,238901687,238901687,1782864570674049,True,True
148774530,2.09700000,199.05000000,238901688,238901691,1782864572487610,True,True
148774531,2.09700000,42.59000000,238901692,238901692,1782864572495585,False,True
148774532,2.09700000,43.20000000,238901693,238901694,1782864572497194,False,True
148774533,2.09700000,70.34000000,238901695,238901695,1782864573581832,False,True
148774534,2.09700000,70.34000000,238901696,238901698,1782864577779191,False,True
148774535,2.09600000,2.48000000,238901699,238901699,1782864580524036,True,True
148774536,2.09500000,22.38000000,238901700,238901702,1782864580681189,True,True
148774537,2.09600000,70.34000000,238901703,238901704,1782864582379568,False,True
148774538,2.09600000,2.40000000,238901705,238901705,1782864584340540,False,True
148774539,2.09600000,244.02000000,238901706,238901709,1782864586070555,False,True
148774540,2.09500000,70.34000000,238901710,238901711,1782864586981162,False,True
148774541,2.09500000,2.40000000,238901712,238901712,1782864590127653,False,True
148774542,2.09500000,67.98000000,238901713,238901713,1782864591597642,False,True
148774543,2.09400000,14.68000000,238901714,238901716,1782864620701101,True,True
148774544,2.09400000,132.13000000,238901717,238901719,1782864627703138,True,True
148774545,2.09500000,15.68000000,238901720,238901720,1782864636466796,False,True
148774546,2.09500000,363.67000000,238901721,238901726,1782864639491757,False,True
148774547,2.09600000,911.84000000,238901727,238901737,1782864639493427,False,True
148774548,2.09600000,81.00000000,238901738,238901738,1782864639494708,False,True
148774549,2.09600000,3.58000000,238901739,238901739,1782864639858088,True,True
148774550,2.09700000,9.65000000,238901740,238901742,1782864657333101,False,True
148774551,2.09700000,204.06000000,238901743,238901745,1782864673658795,True,True
148774552,2.09600000,27.00000000,238901746,238901748,1782864710691492,True,True
148774553,2.09600000,9.00000000,238901749,238901750,1782864713530416,True,True
148774554,2.09700000,56.49000000,238901751,238901753,1782864745491101,False,True
148774555,2.09700000,16.64000000,238901754,238901754,1782864777294739,False,True
148774556,2.09700000,95.37000000,238901755,238901756,1782864779914258,False,True
148774557,2.09600000,12.32000000,238901757,238901757,1782864783523037,True,True
148774558,2.09800000,15.68000000,238901758,238901758,1782864801711225,False,True
148774559,2.09800000,99.00000000,238901759,238901763,1782864815764873,False,True
148774560,2.09900000,259.76000000,238901764,238901770,1782864815764873,False,True
148774561,2.09900000,37.36000000,238901771,238901771,1782864842132483,True,True
148774562,2.09800000,47.51000000,238901772,238901773,1782864897100734,True,True
148774563,2.09800000,237.76000000,238901774,238901777,1782864908098278,True,True
148774564,2.09900000,10.73000000,238901778,238901780,1782864914411696,False,True
148774565,2.09900000,134.11000000,238901781,238901782,1782864923958134,False,True
148774566,2.09900000,37.36000000,238901783,238901783,1782864932067906,False,True
148774567,2.09900000,134.11000000,238901784,238901785,1782864938494139,True,True
148774568,2.09800000,24.31000000,238901786,238901786,1782864938494139,True,True
148774569,2.09800000,158.42000000,238901787,238901789,1782864938650471,True,True
148774570,2.09800000,158.42000000,238901790,238901790,1782864940324632,True,True
148774571,2.09700000,158.42000000,238901791,238901795,1782864940465465,True,True
148774572,2.09700000,158.42000000,238901796,238901797,1782864942215284,True,True
148774573,2.09700000,158.42000000,238901798,238901800,1782864942347541,True,True
148774574,2.09700000,158.42000000,238901801,238901801,1782864944105649,True,True
148774575,2.09700000,158.42000000,238901802,238901802,1782864944257388,True,True
148774576,2.09600000,158.42000000,238901803,238901807,1782864945921397,True,True
148774577,2.09600000,50.69000000,238901808,238901808,1782864946075746,True,True
148774578,2.09600000,44.35000000,238901809,238901809,1782864946220883,True,True
148774579,2.09600000,41.19000000,238901810,238901810,1782864946380235,True,True
148774580,2.09600000,34.85000000,238901811,238901811,1782864947085456,True,True
148774581,2.09600000,31.68000000,238901812,238901812,1782864947220042,True,True
148774582,2.09600000,31.68000000,238901813,238901813,1782864947356195,True,True
148774583,2.09600000,31.68000000,238901814,238901814,1782864947503804,True,True
148774584,2.09600000,31.68000000,238901815,238901815,1782864947636616,True,True
148774585,2.09600000,31.68000000,238901816,238901816,1782864947778682,True,True
148774586,2.09600000,31.68000000,238901817,238901817,1782864947926994,True,True
148774587,2.09600000,31.68000000,238901818,238901818,1782864948089185,True,True
148774588,2.09700000,758.88000000,238901819,238901821,1782864949309645,False,True
148774589,2.09700000,674.07000000,238901822,238901826,1782864949310353,False,True
148774590,2.09700000,37.36000000,238901827,238901827,1782864949313158,False,True
148774591,2.09600000,120.40000000,238901828,238901829,1782864950229302,True,True
148774592,2.09600000,158.42000000,238901830,238901830,1782864950387232,True,True
148774593,2.09800000,15.68000000,238901831,238901831,1782864950430783,False,True
148774594,2.09600000,158.42000000,238901832,238901834,1782864951177298,True,True
148774595,2.09600000,158.42000000,238901835,238901836,1782864951325752,True,True
148774596,2.09800000,3.24000000,238901837,238901837,1782864956054513,False,True
148774597,2.09600000,133.07000000,238901838,238901839,1782864960526339,True,True
148774598,2.09700000,134.11000000,238901840,238901841,1782864960624452,False,True
148774599,2.09700000,96.75000000,238901842,238901842,1782864960701662,True,True
148774600,2.09600000,36.32000000,238901843,238901843,1782864960701662,True,True
148774601,2.09700000,96.75000000,238901844,238901844,1782864960930078,True,True
148774602,2.09600000,36.32000000,238901845,238901845,1782864960930078,True,True
148774603,2.09600000,104.56000000,238901846,238901846,1782864961490643,True,True
148774604,2.09600000,91.88000000,238901847,238901848,1782864961746962,True,True
148774605,2.09600000,82.38000000,238901849,238901849,1782864961899024,True,True
148774606,2.09700000,37.36000000,238901850,238901850,1782864961960298,False,True
148774607,2.09700000,63.37000000,238901851,238901851,1782864962067187,True,True
148774608,2.09700000,63.37000000,238901852,238901853,1782864962573072,True,True
148774609,2.09700000,57.03000000,238901854,238901854,1782864962823680,True,True
148774610,2.09700000,50.69000000,238901855,238901855,1782864962990609,True,True
148774611,2.09700000,41.19000000,238901856,238901856,1782864963150042,True,True
148774612,2.09700000,41.19000000,238901857,238901858,1782864963306984,True,True
148774613,2.09700000,38.02000000,238901859,238901859,1782864963456882,True,True
148774614,2.09700000,34.85000000,238901860,238901860,1782864963637176,True,True
148774615,2.09700000,31.68000000,238901861,238901861,1782864964165537,True,True
148774616,2.09700000,31.68000000,238901862,238901862,1782864964320690,True,True
148774617,2.09700000,31.68000000,238901863,238901863,1782864964555474,True,True
148774618,2.09700000,31.68000000,238901864,238901864,1782864964695691,True,True
148774619,2.09700000,31.68000000,238901865,238901865,1782864964839552,True,True
148774620,2.09700000,31.68000000,238901866,238901866,1782864964991553,True,True
148774621,2.09700000,31.68000000,238901867,238901867,1782864965142680,True,True
148774622,2.09700000,31.68000000,238901868,238901868,1782864965298040,True,True
148774623,2.09800000,39.85000000,238901869,238901871,1782864984246716,False,True
148774624,2.09900000,558.90000000,238901872,238901882,1782865007743308,False,True
148774625,2.09900000,148.30000000,238901883,238901885,1782865010844658,False,True
148774626,2.10000000,270.74000000,238901886,238901891,1782865010844658,False,True
148774627,2.10000000,41.93000000,238901892,238901893,1782865032392402,True,True
148774628,2.10000000,76.06000000,238901894,238901894,1782865032396019,True,True
148774629,2.10000000,79.03000000,238901895,238901895,1782865032396150,True,True
148774630,2.10100000,236.97000000,238901896,238901901,1782865044757350,False,True
148774631,2.10000000,6.92000000,238901902,238901902,1782865055973711,True,True
148774632,2.10100000,13.11000000,238901903,238901905,1782865056596882,False,True
148774633,2.10200000,264.18000000,238901906,238901912,1782865067549522,False,True
148774634,2.10200000,108.94000000,238901913,238901913,1782865067550598,True,True
148774635,2.10200000,19.09000000,238901914,238901914,1782865067550946,True,True
148774636,2.10200000,51.89000000,238901915,238901915,1782865067551020,True,True
148774637,2.10100000,134.11000000,238901916,238901917,1782865071143443,True,True
148774638,2.10000000,16.45000000,238901918,238901918,1782865077857414,True,True
148774639,2.10100000,86.85000000,238901919,238901921,1782865105268181,False,True
148774640,2.10100000,15.68000000,238901922,238901922,1782865114524992,False,True
148774641,2.10000000,139.24000000,238901923,238901923,1782865134567791,True,True
148774642,2.10000000,159.56000000,238901924,238901924,1782865147340354,True,True
148774643,2.10000000,149.11000000,238901925,238901926,1782865147340424,True,True
148774644,2.10000000,37.36000000,238901927,238901927,1782865147343465,True,True
148774645,2.10000000,37.36000000,238901928,238901928,1782865151311445,True,True
148774646,2.10000000,134.11000000,238901929,238901930,1782865164263337,False,True
148774647,2.10000000,4.76000000,238901931,238901931,1782865166500828,True,True
148774648,2.10000000,267.45000000,238901932,238901932,1782865173337262,True,True
148774649,2.10000000,85.47000000,238901933,238901934,1782865193227327,False,True
148774650,2.09900000,13.11000000,238901935,238901936,1782865197979891,True,True
148774651,2.09900000,618.14000000,238901937,238901937,1782865197981523,True,True
148774652,2.09900000,67.06000000,238901938,238901938,1782865201849904,True,True
148774653,2.10000000,205.84000000,238901939,238901943,1782865222653122,False,True
148774654,2.10100000,9.65000000,238901944,238901946,1782865235281728,False,True
148774655,2.10200000,417.79000000,238901947,238901954,1782865235317596,False,True
148774656,2.10300000,15.68000000,238901955,238901958,1782865275512347,False,True
148774657,2.10200000,49.00000000,238901959,238901960,1782865292246674,True,True
148774658,2.10100000,128.52000000,238901961,238901963,1782865312627311,True,True
148774659,2.10000000,10.00000000,238901964,238901964,1782865312824814,True,True
148774660,2.10100000,118.47000000,238901965,238901966,1782865315551660,True,True
148774661,2.10000000,357.52000000,238901967,238901968,1782865317059419,True,True
148774662,2.10000000,563.39000000,238901969,238901969,1782865401194803,True,True
148774663,2.10000000,860.00000000,238901970,238901970,1782865401197178,True,True
148774664,2.10000000,430.00000000,238901971,238901971,1782865401199331,True,True
148774665,2.10000000,4.73000000,238901972,238901972,1782865401200640,True,True
148774666,2.10000000,4.76000000,238901973,238901973,1782865401201507,True,True
148774667,2.10100000,14.43000000,238901974,238901974,1782865407577200,True,True
148774668,2.10100000,20.31000000,238901975,238901975,1782865407578538,True,True
148774669,2.10100000,21.35000000,238901976,238901976,1782865407579243,True,True
148774670,2.10100000,31.40000000,238901977,238901977,1782865407579745,True,True
148774671,2.10100000,46.62000000,238901978,238901979,1782865407580247,True,True
148774672,2.10100000,430.00000000,238901980,238901980,1782865413615277,False,True
148774673,2.10100000,32.35000000,238901981,238901982,1782865413615442,False,True
148774674,2.10100000,37.36000000,238901983,238901983,1782865422855846,True,True
148774675,2.10100000,15.68000000,238901984,238901984,1782865434103820,False,True
148774676,2.10100000,47.57000000,238901985,238901986,1782865462374998,False,True
148774677,2.10100000,36.66000000,238901987,238901987,1782865481401028,True,True
148774678,2.10100000,17.37000000,238901988,238901988,1782865481401876,True,True
148774679,2.10100000,42.72000000,238901989,238901989,1782865481402236,True,True
148774680,2.10000000,83.00000000,238901990,238901990,1782865493741939,True,True
148774681,2.10000000,5.24000000,238901991,238901991,1782865497567132,True,True
148774682,2.10000000,46.00000000,238901992,238901992,1782865498266130,True,True
148774683,2.10000000,4.51000000,238901993,238901993,1782865498744162,True,True
148774684,2.10100000,623.43000000,238901994,238901995,1782865498767427,False,True
148774685,2.10100000,134.11000000,238901996,238901997,1782865507380122,False,True
148774686,2.10100000,17.00000000,238901998,238901998,1782865514105979,True,True
148774687,2.10100000,32.35000000,238901999,238901999,1782865537822595,True,True
148774688,2.10100000,407.63000000,238902000,238902000,1782865537824410,True,True
148774689,2.10100000,22.37000000,238902001,238902001,1782865539911253,True,True
148774690,2.10100000,9.98000000,238902002,238902002,1782865539919228,True,True
148774691,2.10000000,410.04000000,238902003,238902003,1782865539919228,True,True
148774692,2.10000000,325.44000000,238902004,238902008,1782865539920209,True,True
148774693,2.09900000,78.00000000,238902009,238902011,1782865539958441,True,True
148774694,2.09900000,3.00000000,238902012,238902012,1782865539962566,True,True
148774695,2.09900000,51.00000000,238902013,238902016,1782865539966805,True,True
148774696,2.09900000,25.00000000,238902017,238902017,1782865539975404,True,True
148774697,2.09900000,13.41000000,238902018,238902020,1782865539980155,True,True
148774698,2.09800000,29.59000000,238902021,238902021,1782865539980155,True,True
148774699,2.09800000,10.00000000,238902022,238902022,1782865540009552,True,True
148774700,2.09900000,100.18000000,238902023,238902024,1782865540022179,False,True
148774701,2.09900000,95.31000000,238902025,238902025,1782865540028580,False,True
148774702,2.09900000,44.06000000,238902026,238902026,1782865540052317,False,True
148774703,2.09900000,64.98000000,238902027,238902027,1782865540052616,False,True
148774704,2.09800000,103.00000000,238902028,238902032,1782865540083696,True,True
148774705,2.09800000,39.00000000,238902033,238902033,1782865540083756,True,True
148774706,2.09800000,10.00000000,238902034,238902034,1782865540099802,True,True
148774707,2.09800000,92.14000000,238902035,238902035,1782865540099868,True,True
148774708,2.09700000,16.86000000,238902036,238902036,1782865540099868,True,True
148774709,2.09700000,57.00000000,238902037,238902038,1782865540100079,True,True
148774710,2.09700000,205.00000000,238902039,238902042,1782865540117883,True,True
148774711,2.09700000,25.00000000,238902043,238902043,1782865540124615,True,True
148774712,2.09700000,84.00000000,238902044,238902046,1782865540124617,True,True
148774713,2.09700000,27.00000000,238902047,238902047,1782865540136316,True,True
148774714,2.09800000,95.31000000,238902048,238902048,1782865540139311,False,True
148774715,2.09800000,19.09000000,238902049,238902049,1782865540140050,False,True
148774716,2.09800000,29.32000000,238902050,238902050,1782865540146582,False,True
148774717,2.09800000,40.76000000,238902051,238902051,1782865540146595,False,True
148774718,2.09800000,42.59000000,238902052,238902052,1782865540176751,True,True
148774719,2.09700000,10.41000000,238902053,238902054,1782865540176751,True,True
148774720,2.09800000,37.00000000,238902055,238902055,1782865540178483,True,True
148774721,2.09800000,84.00000000,238902056,238902057,1782865540191391,True,True
148774722,2.09900000,176.61000000,238902058,238902059,1782865540195014,False,True
148774723,2.09900000,60.28000000,238902060,238902060,1782865540197952,False,True
148774724,2.09900000,77.88000000,238902061,238902061,1782865540212509,False,True
148774725,2.09900000,64.63000000,238902062,238902062,1782865540235103,False,True
148774726,2.09900000,161.39000000,238902063,238902063,1782865543823926,False,True
148774727,2.10000000,380.79000000,238902064,238902064,1782865560797714,False,True
148774728,2.10000000,201.45000000,238902065,238902069,1782865560799219,False,True
148774729,2.10000000,110.94000000,238902070,238902071,1782865562175039,True,True
148774730,2.09900000,184.98000000,238902072,238902076,1782865562215195,True,True
148774731,2.10000000,49.36000000,238902077,238902078,1782865562569337,False,True
148774732,2.10000000,24.00000000,238902079,238902079,1782865562579375,False,True
148774733,2.10000000,130.00000000,238902080,238902081,1782865562804884,True,True
148774734,2.09900000,159.26000000,238902082,238902087,1782865565501497,True,True
148774735,2.09900000,4.96000000,238902088,238902088,1782865565506451,False,True
148774736,2.09900000,37.36000000,238902089,238902089,1782865565507378,False,True
148774737,2.09900000,37.36000000,238902090,238902090,1782865581711846,False,True
148774738,2.09900000,130.00000000,238902091,238902092,1782865582006027,True,True
148774739,2.09900000,37.36000000,238902093,238902093,1782865589028987,False,True
148774740,2.09900000,15.68000000,238902094,238902094,1782865594048023,False,True
148774741,2.09900000,37.36000000,238902095,238902095,1782865625241852,False,True
148774742,2.10000000,39.85000000,238902096,238902097,1782865636260842,False,True
148774743,2.10100000,7.00000000,238902098,238902098,1782865648954224,False,True
148774744,2.10100000,55.64000000,238902099,238902104,1782865691705265,False,True
148774745,2.10100000,96.75000000,238902105,238902105,1782865729649521,True,True
148774746,2.10000000,1272.78000000,238902106,238902115,1782865729649521,True,True
148774747,2.10200000,52.88000000,238902116,238902120,1782865740257903,False,True
148774748,2.10300000,15.68000000,238902121,238902121,1782865757025524,False,True
148774749,2.10300000,2.45000000,238902122,238902122,1782865804210407,False,True
148774750,2.10300000,408.34000000,238902123,238902128,1782865838316228,False,True
148774751,2.10300000,111.37000000,238902129,238902130,1782865839260999,True,True
148774752,2.10400000,104.29000000,238902131,238902136,1782865860805524,False,True
148774753,2.10500000,20.25000000,238902137,238902142,1782865863115821,False,True
148774754,2.10600000,743.04000000,238902143,238902147,1782865865110207,False,True
148774755,2.10700000,63.69000000,238902148,238902150,1782865866046645,False,True
148774756,2.10800000,13.52000000,238902151,238902153,1782865872552061,False,True
148774757,2.10800000,96.75000000,238902154,238902154,1782865873383207,False,True
148774758,2.10800000,37.36000000,238902155,238902155,1782865873480570,True,True
148774759,2.10700000,2.47000000,238902156,238902156,1782865879485765,True,True
148774760,2.10700000,37.36000000,238902157,238902157,1782865893746133,True,True
148774761,2.10600000,39.83000000,238902158,238902159,1782865916905394,True,True
148774762,2.10600000,15.68000000,238902160,238902160,1782865918024899,False,True
148774763,2.10600000,33.21000000,238902161,238902161,1782865920645132,True,True
148774764,2.10600000,5.58000000,238902162,238902162,1782865920646214,True,True
148774765,2.10600000,37.64000000,238902163,238902164,1782865939470057,True,True
148774766,2.10600000,149.79000000,238902165,238902167,1782865951312798,True,True
148774767,2.10600000,50.21000000,238902168,238902168,1782865951336460,False,True
148774768,2.10600000,134.11000000,238902169,238902170,1782866046707044,False,True
148774769,2.10700000,80.00000000,238902171,238902173,1782866047607872,False,True
148774770,2.10700000,33.20000000,238902174,238902174,1782866058979382,True,True
148774771,2.10700000,5.60000000,238902175,238902175,1782866058979604,True,True
148774772,2.10700000,15.68000000,238902176,238902176,1782866070632085,False,True
148774773,2.10600000,96.78000000,238902177,238902178,1782866075555893,True,True
148774774,2.10700000,92.58000000,238902179,238902180,1782866090659987,False,True
148774775,2.10600000,92.97000000,238902181,238902182,1782866110760555,True,True
148774776,2.10500000,9.62000000,238902183,238902185,1782866127808520,True,True
148774777,2.10400000,13.00000000,238902186,238902186,1782866138680893,True,True
148774778,2.10400000,12.33000000,238902187,238902190,1782866138694872,True,True
148774779,2.10400000,2.37000000,238902191,238902191,1782866142719947,False,True
148774780,2.10300000,143.66000000,238902192,238902197,1782866196022998,True,True
148774781,2.10300000,126.34000000,238902198,238902199,1782866221968731,True,True
148774782,2.10300000,0.81000000,238902200,238902200,1782866221971193,True,True
148774783,2.10300000,15.68000000,238902201,238902201,1782866223558935,False,True
148774784,2.10300000,3.56000000,238902202,238902202,1782866224756234,False,True
148774785,2.10300000,23.06000000,238902203,238902203,1782866271624427,True,True
148774786,2.10400000,22.76000000,238902204,238902204,1782866296799408,False,True
148774787,2.10400000,24.46000000,238902205,238902207,1782866301812844,False,True
148774788,2.10400000,104.79000000,238902208,238902209,1782866311678586,True,True
148774789,2.10300000,909.89000000,238902210,238902219,1782866311678586,True,True
148774790,2.10300000,4.76000000,238902220,238902220,1782866311681866,True,True
148774791,2.10200000,35.00000000,238902221,238902224,1782866311683428,True,True
148774792,2.10200000,36.14000000,238902225,238902226,1782866311694000,True,True
148774793,2.10100000,10.00000000,238902227,238902227,1782866311702017,True,True
148774794,2.10200000,229.29000000,238902228,238902230,1782866311736150,False,True
148774795,2.10100000,67.16000000,238902231,238902234,1782866315078161,True,True
148774796,2.10100000,29.32000000,238902235,238902235,1782866316526332,True,True
148774797,2.10100000,8.96000000,238902236,238902238,1782866316527870,True,True
148774798,2.10000000,15.93000000,238902239,238902242,1782866329766826,True,True
148774799,2.09900000,24.25000000,238902243,238902247,1782866352027120,True,True
148774800,2.09900000,15.68000000,238902248,238902248,1782866384084872,False,True
148774801,2.09900000,56.86000000,238902249,238902251,1782866401249587,False,True
148774802,2.10000000,2.38000000,238902252,238902252,1782866407552823,False,True
148774803,2.09900000,5.24000000,238902253,238902253,1782866441992963,True,True
148774804,2.09900000,5.16000000,238902254,238902254,1782866449175560,True,True
148774805,2.09900000,8.00000000,238902255,238902255,1782866450841459,True,True
148774806,2.09900000,3.60000000,238902256,238902256,1782866464022174,True,True
148774807,2.09900000,3.57000000,238902257,238902257,1782866492512773,True,True
148774808,2.10000000,469.00000000,238902258,238902266,1782866495177964,False,True
148774809,2.10100000,1113.28000000,238902267,238902271,1782866495177964,False,True
148774810,2.10100000,15.68000000,238902272,238902275,1782866547300170,False,True
148774811,2.10000000,5.24000000,238902276,238902276,1782866551089419,True,True
148774812,2.10000000,5.24000000,238902277,238902277,1782866582698928,True,True
148774813,2.10000000,201.72000000,238902278,238902282,1782866647244650,True,True
148774814,2.10000000,4.28000000,238902283,238902283,1782866649141998,True,True
148774815,2.10000000,198.53000000,238902284,238902284,1782866680089239,False,True
148774816,2.10000000,275.78000000,238902285,238902285,1782866680089318,False,True
148774817,2.10000000,430.00000000,238902286,238902287,1782866680089326,False,True
148774818,2.10000000,3.81000000,238902288,238902288,1782866683449603,True,True
148774819,2.09900000,16.59000000,238902289,238902289,1782866722239249,True,True
148774820,2.09900000,5.24000000,238902290,238902290,1782866727362228,True,True
148774821,2.10100000,136.60000000,238902291,238902293,1782866765812168,False,True
148774822,2.10200000,6.05000000,238902294,238902295,1782866771309649,False,True
148774823,2.10200000,4.76000000,238902296,238902296,1782866822335935,True,True
148774824,2.10300000,15.68000000,238902297,238902297,1782866848047076,False,True
148774825,2.10200000,32.60000000,238902298,238902298,1782866857618243,True,True
148774826,2.10100000,70.25000000,238902299,238902303,1782866885775386,True,True
148774827,2.10100000,89.79000000,238902304,238902304,1782866888650643,True,True
148774828,2.10100000,77.81000000,238902305,238902305,1782866928957803,False,True
148774829,2.10200000,9.64000000,238902306,238902308,1782866950016404,False,True
148774830,2.10200000,8.32000000,238902309,238902309,1782866952876371,True,True
148774831,2.10200000,31.99000000,238902310,238902310,1782866969625904,False,True
148774832,2.10100000,4.36000000,238902311,238902311,1782867026715184,True,True
148774833,2.10200000,3.57000000,238902312,238902312,1782867091488825,False,True
148774834,2.10300000,97.80000000,238902313,238902317,1782867108895045,False,True
148774835,2.10300000,31.56000000,238902318,238902318,1782867109777155,True,True
148774836,2.10300000,31.56000000,238902319,238902319,1782867109957722,True,True
148774837,2.10300000,31.55000000,238902320,238902320,1782867111658841,True,True
148774838,2.10300000,31.54000000,238902321,238902321,1782867111809151,True,True
148774839,2.10300000,31.54000000,238902322,238902322,1782867111955429,True,True
148774840,2.10300000,31.54000000,238902323,238902323,1782867112112371,True,True
148774841,2.10300000,85.14000000,238902324,238902324,1782867161379852,True,True
148774842,2.10300000,85.14000000,238902325,238902325,1782867161567155,True,True
148774843,2.10300000,69.37000000,238902326,238902326,1782867161706567,True,True
148774844,2.10300000,59.91000000,238902327,238902327,1782867161858404,True,True
148774845,2.10300000,56.76000000,238902328,238902328,1782867162470342,True,True
148774846,2.10300000,50.45000000,238902329,238902329,1782867162637651,True,True
148774847,2.10300000,44.15000000,238902330,238902330,1782867162802837,True,True
148774848,2.10300000,44.15000000,238902331,238902331,1782867162961353,True,True
148774849,2.10300000,34.68000000,238902332,238902332,1782867163113633,True,True
148774850,2.10300000,31.53000000,238902333,238902333,1782867163256191,True,True
148774851,2.10300000,31.53000000,238902334,238902334,1782867163404369,True,True
148774852,2.10300000,31.53000000,238902335,238902335,1782867163545646,True,True
148774853,2.10400000,2.37000000,238902336,238902336,1782867164064214,False,True
148774854,2.10300000,31.53000000,238902337,238902337,1782867164165298,True,True
148774855,2.10400000,11.22000000,238902338,238902340,1782867164251395,False,True
148774856,2.10400000,31.51000000,238902341,238902341,1782867164541345,True,True
148774857,2.10400000,31.51000000,238902342,238902343,1782867164704507,True,True
148774858,2.10400000,31.51000000,238902344,238902344,1782867164842768,True,True
148774859,2.10400000,31.51000000,238902345,238902345,1782867164995335,True,True
148774860,2.10400000,31.51000000,238902346,238902347,1782867165139317,True,True
148774861,2.10400000,31.51000000,238902348,238902349,1782867165294858,True,True
148774862,2.10400000,31.51000000,238902350,238902350,1782867166036691,True,True
148774863,2.10400000,67.67000000,238902351,238902352,1782867167735471,True,True
148774864,2.10400000,16.26000000,238902353,238902353,1782867167735931,True,True
148774865,2.10500000,466.59000000,238902354,238902363,1782867178014506,False,True
148774866,2.10500000,201.04000000,238902364,238902366,1782867182238292,False,True
148774867,2.10500000,324.16000000,238902367,238902370,1782867214409343,False,True
148774868,2.10600000,2675.84000000,238902371,238902383,1782867214409343,False,True
148774869,2.10500000,44.98000000,238902384,238902385,1782867218579250,True,True
148774870,2.10400000,1053.40000000,238902386,238902391,1782867218603308,True,True
148774871,2.10500000,21.53000000,238902392,238902392,1782867231023814,False,True
148774872,2.10500000,2.63000000,238902393,238902393,1782867242293952,False,True
148774873,2.10400000,219.61000000,238902394,238902398,1782867255160457,False,True
148774874,2.10500000,463.67000000,238902399,238902407,1782867255160457,False,True
148774875,2.10400000,3.80000000,238902408,238902408,1782867255833830,True,True
148774876,2.10400000,33.56000000,238902409,238902409,1782867256542339,True,True
148774877,2.10500000,20.00000000,238902410,238902410,1782867273589875,False,True
148774878,2.10500000,14.95000000,238902411,238902411,1782867279011361,False,True
148774879,2.10500000,50.00000000,238902412,238902412,1782867318308239,False,True
148774880,2.10300000,90.66000000,238902413,238902415,1782867422887506,True,True
148774881,2.10300000,306.03000000,238902416,238902417,1782867496152077,True,True
148774882,2.10200000,355.79000000,238902418,238902424,1782867519688995,True,True
148774883,2.10100000,24.62000000,238902425,238902428,1782867519693569,True,True
148774884,2.10100000,4.55000000,238902429,238902429,1782867532848644,False,True
148774885,2.10000000,954.86000000,238902430,238902431,1782867542157888,True,True
148774886,2.09900000,60.10000000,238902432,238902434,1782867545178046,True,True
148774887,2.09800000,3.57000000,238902435,238902436,1782867548316406,True,True
148774888,2.09800000,43.03000000,238902437,238902439,1782867555507480,True,True
148774889,2.09800000,4.77000000,238902440,238902440,1782867600814782,False,True
148774890,2.09800000,39.00000000,238902441,238902443,1782867609010395,False,True
148774891,2.09800000,10.83000000,238902444,238902445,1782867666918695,True,True
148774892,2.09800000,29.88000000,238902446,238902447,1782867678279601,True,True
148774893,2.09900000,16.68000000,238902448,238902448,1782867727593470,False,True
148774894,2.09800000,3.34000000,238902449,238902449,1782867734466388,False,True
148774895,2.09800000,166.34000000,238902450,238902451,1782867739153338,False,True
148774896,2.09900000,3.34000000,238902452,238902452,1782867740654995,False,True
148774897,2.09800000,7.71000000,238902453,238902453,1782867751173486,True,True
148774898,2.09800000,109.24000000,238902454,238902455,1782867780276082,False,True
148774899,2.09800000,3.34000000,238902456,238902456,1782867802955951,False,True
148774900,2.09700000,12.00000000,238902457,238902459,1782867855784562,True,True
148774901,2.09600000,14.23000000,238902460,238902463,1782867877885070,True,True
148774902,2.09600000,81.41000000,238902464,238902465,1782867884428981,False,True
148774903,2.09500000,12.32000000,238902466,238902468,1782867906510736,True,True
148774904,2.09400000,6.00000000,238902469,238902470,1782867916204801,True,True
148774905,2.09300000,123.39000000,238902471,238902472,1782867916204801,True,True
148774906,2.09300000,416.27000000,238902473,238902473,1782867924448465,True,True
148774907,2.09300000,599.59000000,238902474,238902476,1782867924450188,True,True
148774908,2.09300000,40.94000000,238902477,238902478,1782867948170052,False,True
148774909,2.09400000,47.03000000,238902479,238902482,1782867952532018,False,True
148774910,2.09400000,37.36000000,238902483,238902483,1782867954982063,False,True
148774911,2.09500000,19.71000000,238902484,238902484,1782867960141840,False,True
148774912,2.09500000,17.13000000,238902485,238902488,1782867960183558,False,True
148774913,2.09400000,3.82000000,238902489,238902489,1782868003429482,True,True
148774914,2.09300000,2.49000000,238902490,238902490,1782868023682076,True,True
148774915,2.09300000,136.50000000,238902491,238902493,1782868047114499,True,True
148774916,2.09200000,317.39000000,238902494,238902501,1782868047114499,True,True
148774917,2.09300000,12.07000000,238902502,238902502,1782868089759822,True,True
148774918,2.09200000,5.31000000,238902503,238902504,1782868096307416,True,True
148774919,2.09200000,52.72000000,238902505,238902505,1782868096571345,False,True
148774920,2.09200000,239.00000000,238902506,238902509,1782868106964717,False,True
148774921,2.09100000,39.84000000,238902510,238902511,1782868108013584,True,True
148774922,2.09000000,239.15000000,238902512,238902519,1782868108013584,True,True
148774923,2.09100000,42.13000000,238902520,238902521,1782868108146467,False,True
148774924,2.09100000,5.26000000,238902522,238902522,1782868108923769,False,True
148774925,2.09000000,3.43000000,238902523,238902523,1782868128828045,True,True
148774926,2.09000000,53.97000000,238902524,238902524,1782868128991335,False,True
148774927,2.09000000,40.86000000,238902525,238902525,1782868130822447,False,True
148774928,2.08900000,703.41000000,238902526,238902529,1782868145980038,True,True
148774929,2.08800000,2296.59000000,238902530,238902547,1782868145980038,True,True
148774930,2.08900000,95.49000000,238902548,238902548,1782868145981937,False,True
148774931,2.08900000,80.61000000,238902549,238902550,1782868145982847,False,True
148774932,2.09000000,197.54000000,238902551,238902554,1782868145985907,False,True
148774933,2.09000000,430.00000000,238902555,238902557,1782868145986153,False,True
148774934,2.08900000,3.24000000,238902558,238902558,1782868146022914,True,True
148774935,2.08900000,71.01000000,238902559,238902559,1782868159570909,False,True
148774936,2.09000000,21.05000000,238902560,238902560,1782868159570909,False,True
148774937,2.08900000,92.06000000,238902561,238902561,1782868160143660,False,True
148774938,2.08900000,2.41000000,238902562,238902562,1782868160305349,False,True
148774939,2.08900000,73.29000000,238902563,238902564,1782868160714088,False,True
148774940,2.09000000,18.77000000,238902565,238902565,1782868160714088,False,True
148774941,2.08800000,139.15000000,238902566,238902569,1782868175234161,True,True
148774942,2.08700000,26.86000000,238902570,238902571,1782868175234161,True,True
148774943,2.08700000,352.82000000,238902572,238902579,1782868175577888,True,True
148774944,2.08600000,162.64000000,238902580,238902584,1782868175577888,True,True
148774945,2.08700000,134.11000000,238902585,238902586,1782868175689397,True,True
148774946,2.08600000,508.88000000,238902587,238902590,1782868175689397,True,True
148774947,2.08700000,30.51000000,238902591,238902591,1782868181133616,True,True
148774948,2.08700000,18.18000000,238902592,238902592,1782868198756916,False,True
148774949,2.08600000,23.27000000,238902593,238902593,1782868216407120,False,True
148774950,2.08600000,250.47000000,238902594,238902597,1782868218808586,False,True
148774951,2.08500000,110.16000000,238902598,238902602,1782868225027864,True,True
148774952,2.08400000,225.83000000,238902603,238902605,1782868225027864,True,True
148774953,2.08400000,57.00000000,238902606,238902608,1782868225027864,True,True
148774954,2.08400000,132.30000000,238902609,238902610,1782868225130801,False,True
148774955,2.08400000,1.81000000,238902611,238902611,1782868225131125,False,True
148774956,2.08500000,46.16000000,238902612,238902612,1782868225131125,False,True
148774957,2.08500000,47.97000000,238902613,238902613,1782868225131347,False,True
148774958,2.08400000,37.36000000,238902614,238902614,1782868225816300,True,True
148774959,2.08300000,16.30000000,238902615,238902617,1782868227889557,True,True
148774960,2.08300000,2.41000000,238902618,238902618,1782868230350736,False,True
148774961,2.08300000,215.99000000,238902619,238902622,1782868232269350,False,True
148774962,2.08300000,100.47000000,238902623,238902624,1782868235404988,False,True
148774963,2.08200000,120.07000000,238902625,238902625,1782868239045319,True,True
148774964,2.08100000,110.07000000,238902626,238902630,1782868239071429,True,True
148774965,2.08100000,4.69000000,238902631,238902631,1782868239074418,False,True
148774966,2.08100000,4.69000000,238902632,238902632,1782868239075071,False,True
148774967,2.08100000,27.60000000,238902633,238902633,1782868239076288,False,True
148774968,2.08000000,243.59000000,238902634,238902637,1782868239326831,True,True
148774969,2.08000000,51.11000000,238902638,238902638,1782868239326831,True,True
148774970,2.08000000,860.00000000,238902639,238902649,1782868239328485,True,True
148774971,2.08000000,39.67000000,238902650,238902650,1782868239328550,True,True
148774972,2.08000000,200.89000000,238902651,238902654,1782868239328632,True,True
148774973,2.08000000,12.08000000,238902655,238902655,1782868239328648,True,True
148774974,2.08000000,18.71000000,238902656,238902656,1782868241368996,True,True
148774975,2.08000000,37.36000000,238902657,238902657,1782868241476849,False,True
148774976,2.08100000,79.81000000,238902658,238902664,1782868243775574,False,True
148774977,2.08100000,2.42000000,238902665,238902665,1782868244346765,False,True
148774978,2.08100000,1112.84000000,238902666,238902669,1782868244480474,False,True
148774979,2.08200000,314.62000000,238902670,238902672,1782868244480474,False,True
148774980,2.08000000,42.30000000,238902673,238902673,1782868244482999,True,True
148774981,2.08000000,21.25000000,238902674,238902674,1782868245598265,True,True
148774982,2.07900000,7.49000000,238902675,238902677,1782868247087826,True,True
148774983,2.07800000,311.68000000,238902678,238902684,1782868247087826,True,True
148774984,2.07800000,66.94000000,238902685,238902686,1782868248212604,False,True
148774985,2.07900000,7.88000000,238902687,238902687,1782868248482456,False,True
148774986,2.07800000,144.14000000,238902688,238902689,1782868248575100,False,True
148774987,2.07900000,4.80000000,238902690,238902690,1782868248598777,False,True
148774988,2.07800000,2.56000000,238902691,238902691,1782868251265510,False,True
148774989,2.07700000,10.00000000,238902692,238902694,1782868252082599,True,True
148774990,2.07700000,154.73000000,238902695,238902696,1782868252139150,True,True
148774991,2.07700000,110.77000000,238902697,238902699,1782868252711211,False,True
148774992,2.07800000,14.28000000,238902700,238902700,1782868252711211,False,True
148774993,2.07600000,2.68000000,238902701,238902701,1782868254167939,True,True
148774994,2.07700000,96.75000000,238902702,238902702,1782868254432153,True,True
148774995,2.07700000,60.87000000,238902703,238902704,1782868254512795,False,True
148774996,2.07700000,140.59000000,238902705,238902706,1782868255832011,False,True
148774997,2.07600000,37.76000000,238902707,238902707,1782868256170482,True,True
148774998,2.07600000,323.78000000,238902708,238902711,1782868257138307,True,True
148774999,2.07500000,133.22000000,238902712,238902717,1782868257138307,True,True
148775000,2.07500000,41.18000000,238902718,238902718,1782868257138307,True,True
148775001,2.07600000,80.11000000,238902719,238902719,1782868257459377,False,True
148775002,2.07500000,140.06000000,238902720,238902723,1782868258576500,True,True
148775003,2.07400000,7.94000000,238902724,238902724,1782868258576500,True,True
148775004,2.07600000,76.64000000,238902725,238902725,1782868258776621,False,True
148775005,2.07500000,92.00000000,238902726,238902727,1782868259182188,True,True
148775006,2.07500000,37.36000000,238902728,238902728,1782868260108595,True,True
148775007,2.07400000,334.23000000,238902729,238902737,1782868260108595,True,True
148775008,2.07400000,38.10000000,238902738,238902738,1782868260110617,False,True
148775009,2.07400000,38.10000000,238902739,238902739,1782868260110702,False,True
148775010,2.07400000,4.82000000,238902740,238902740,1782868260110922,False,True
148775011,2.07400000,17.81000000,238902741,238902741,1782868260111275,False,True
148775012,2.07400000,153.59000000,238902742,238902742,1782868260112669,False,True
148775013,2.07500000,2.42000000,238902743,238902743,1782868260180152,False,True
148775014,2.07500000,95.29000000,238902744,238902745,1782868260399490,False,True
148775015,2.07500000,37.36000000,238902746,238902746,1782868261540763,False,True
148775016,2.07500000,47.31000000,238902747,238902748,1782868262652405,False,True
148775017,2.07600000,4.55000000,238902749,238902749,1782868262652405,False,True
148775018,2.07500000,2.68000000,238902750,238902750,1782868263130838,True,True
148775019,2.07500000,134.11000000,238902751,238902752,1782868264842798,True,True
148775020,2.07400000,462.65000000,238902753,238902760,1782868264842798,True,True
148775021,2.07300000,626.40000000,238902761,238902767,1782868264842798,True,True
148775022,2.07500000,20.24000000,238902768,238902768,1782868264845213,False,True
148775023,2.07500000,6.37000000,238902769,238902769,1782868265516726,True,True
148775024,2.07500000,127.74000000,238902770,238902771,1782868266954540,True,True
148775025,2.07500000,372.26000000,238902772,238902772,1782868266955916,False,True
148775026,2.07600000,14.01000000,238902773,238902776,1782868269460381,False,True
148775027,2.07700000,49.90000000,238902777,238902778,1782868269460381,False,True
148775028,2.07600000,4.82000000,238902779,238902779,1782868273285566,False,True
148775029,2.07500000,37.36000000,238902780,238902780,1782868273641218,True,True
148775030,2.07500000,33.49000000,238902781,238902782,1782868273746470,False,True
148775031,2.07400000,15.15000000,238902783,238902783,1782868273942974,True,True
148775032,2.07400000,9.00000000,238902784,238902785,1782868274462473,True,True
148775033,2.07400000,41.12000000,238902786,238902786,1782868275929074,True,True
148775034,2.07400000,9.57000000,238902787,238902787,1782868276311688,True,True
148775035,2.07400000,52.00000000,238902788,238902789,1782868277353756,True,True
148775036,2.07500000,4.74000000,238902790,238902790,1782868279228901,False,True
148775037,2.07400000,216.09000000,238902791,238902794,1782868280316217,True,True
148775038,2.07300000,477.91000000,238902795,238902795,1782868280316217,True,True
148775039,2.07400000,38.84000000,238902796,238902796,1782868280317678,False,True
148775040,2.07400000,20.26000000,238902797,238902797,1782868280317751,False,True
148775041,2.07400000,76.73000000,238902798,238902799,1782868283934112,False,True
148775042,2.07400000,680.05000000,238902800,238902801,1782868285396295,False,True
148775043,2.07400000,430.00000000,238902802,238902802,1782868285398291,False,True
148775044,2.07400000,181.56000000,238902803,238902803,1782868285400190,False,True
148775045,2.07500000,41.98000000,238902804,238902805,1782868288776252,False,True
148775046,2.07600000,33.72000000,238902806,238902806,1782868288776252,False,True
148775047,2.07500000,223.90000000,238902807,238902809,1782868292508924,True,True
148775048,2.07500000,176.10000000,238902810,238902810,1782868292512547,False,True
148775049,2.07500000,37.36000000,238902811,238902811,1782868296022005,False,True
148775050,2.07600000,342.52000000,238902812,238902817,1782868299351015,False,True
148775051,2.07600000,176.70000000,238902818,238902820,1782868299387459,True,True
148775052,2.07500000,318.12000000,238902821,238902823,1782868303294897,True,True
148775053,2.07500000,468.00000000,238902824,238902828,1782868303299957,True,True
148775054,2.07500000,37.36000000,238902829,238902829,1782868304548161,True,True
148775055,2.07400000,245.43000000,238902830,238902834,1782868304858478,True,True
148775056,2.07300000,754.57000000,238902835,238902844,1782868304858478,True,True
148775057,2.07300000,2.66000000,238902845,238902845,1782868304860144,True,True
148775058,2.07400000,37.36000000,238902846,238902846,1782868304860729,False,True
148775059,2.07400000,115.44000000,238902847,238902849,1782868305023001,False,True
148775060,2.07400000,2.42000000,238902850,238902850,1782868305181031,False,True
148775061,2.07400000,127.53000000,238902851,238902852,1782868306474933,False,True
148775062,2.07400000,87.49000000,238902853,238902855,1782868308272940,False,True
148775063,2.07200000,138.58000000,238902856,238902863,1782868310039742,True,True
148775064,2.07100000,490.01000000,238902864,238902874,1782868310040184,True,True
148775065,2.07000000,71.42000000,238902875,238902875,1782868310040184,True,True
148775066,2.07000000,310.00000000,238902876,238902882,1782868310041277,True,True
148775067,2.07100000,20.27000000,238902883,238902883,1782868310041842,False,True
148775068,2.07000000,1065.49000000,238902884,238902884,1782868310041958,True,True
148775069,2.07000000,2.66000000,238902885,238902885,1782868310042001,True,True
148775070,2.07100000,47.80000000,238902886,238902886,1782868310042048,False,True
148775071,2.07000000,371.34000000,238902887,238902887,1782868310042054,True,True
148775072,2.07100000,47.80000000,238902888,238902888,1782868310042098,False,True
148775073,2.07100000,38.85000000,238902889,238902889,1782868310042129,False,True
148775074,2.07100000,95.49000000,238902890,238902890,1782868310042203,False,True
148775075,2.07100000,298.71000000,238902891,238902892,1782868310042282,False,True
148775076,2.07100000,1141.96000000,238902893,238902897,1782868310042307,False,True
148775077,2.07100000,9.47000000,238902898,238902898,1782868310042402,False,True
148775078,2.07100000,37.36000000,238902899,238902899,1782868310042465,False,True
148775079,2.07100000,101.85000000,238902900,238902900,1782868310042478,False,True
148775080,2.07100000,298.71000000,238902901,238902901,1782868310042523,False,True
148775081,2.07100000,2217.91000000,238902902,238902904,1782868310042565,False,True
148775082,2.07100000,355.07000000,238902905,238902905,1782868310042678,False,True
148775083,2.07100000,187.22000000,238902906,238902906,1782868310042705,False,True
148775084,2.07100000,77.30000000,238902907,238902907,1782868310043186,False,True
148775085,2.07100000,4.82000000,238902908,238902908,1782868310044065,False,True
148775086,2.07100000,400.00000000,238902909,238902911,1782868310044822,False,True
148775087,2.07100000,109.22000000,238902912,238902912,1782868310045747,False,True
148775088,2.07200000,209.21000000,238902913,238902913,1782868310143777,False,True
148775089,2.07200000,50.00000000,238902914,238902914,1782868310297815,False,True
148775090,2.07100000,364.38000000,238902915,238902917,1782868311721090,True,True
148775091,2.07100000,42.32000000,238902918,238902919,1782868311748751,False,True
148775092,2.07200000,910.53000000,238902920,238902925,1782868311774436,False,True
148775093,2.07200000,206.84000000,238902926,238902926,1782868311809101,True,True
148775094,2.07200000,37.36000000,238902927,238902927,1782868312027153,False,True
148775095,2.07300000,67.45000000,238902928,238902929,1782868312027153,False,True
148775096,2.07200000,362.48000000,238902930,238902933,1782868313405441,True,True
148775097,2.07200000,148.30000000,238902934,238902936,1782868314060634,True,True
148775098,2.07300000,6.31000000,238902937,238902937,1782868315762711,False,True
148775099,2.07200000,223.90000000,238902938,238902940,1782868317657719,True,True
148775100,2.07200000,37.36000000,238902941,238902941,1782868318085466,True,True
148775101,2.07300000,156.98000000,238902942,238902943,1782868318778964,False,True
148775102,2.07400000,46.50000000,238902944,238902944,1782868318778964,False,True
148775103,2.07300000,4.82000000,238902945,238902945,1782868319061453,False,True
148775104,2.07400000,44.62000000,238902946,238902948,1782868320853338,False,True
148775105,2.07500000,57.00000000,238902949,238902949,1782868321638959,False,True
148775106,2.07400000,89.79000000,238902950,238902950,1782868326218407,True,True
148775107,2.07500000,356.73000000,238902951,238902955,1782868330187706,False,True
148775108,2.07500000,94.83000000,238902956,238902957,1782868334494314,True,True
148775109,2.07500000,6.26000000,238902958,238902958,1782868338549158,False,True
148775110,2.07400000,156.59000000,238902959,238902960,1782868341916262,True,True
148775111,2.07400000,4.34000000,238902961,238902961,1782868343633757,False,True
148775112,2.07300000,2.52000000,238902962,238902962,1782868344713877,True,True
148775113,2.07200000,11.38000000,238902963,238902964,1782868350880028,True,True
148775114,2.07200000,105.06000000,238902965,238902966,1782868353577496,True,True
148775115,2.07100000,693.72000000,238902967,238902976,1782868353578874,True,True
148775116,2.07100000,2.75000000,238902977,238902977,1782868353622506,False,True
148775117,2.07100000,120.17000000,238902978,238902978,1782868353766108,False,True
148775118,2.07200000,4.82000000,238902979,238902979,1782868354685387,False,True
148775119,2.07100000,78.08000000,238902980,238902981,1782868355334566,False,True
148775120,2.07100000,205.79000000,238902982,238902983,1782868355360639,True,True
148775121,2.07100000,42.96000000,238902984,238902985,1782868357049702,False,True
148775122,2.07100000,11.10000000,238902986,238902986,1782868362583445,False,True
148775123,2.07100000,17.24000000,238902987,238902987,1782868363634908,False,True
148775124,2.07000000,1409.15000000,238902988,238902988,1782868364653120,True,True
148775125,2.07000000,430.00000000,238902989,238902989,1782868364653224,True,True
148775126,2.07000000,679.06000000,238902990,238902990,1782868364653322,True,True
148775127,2.07000000,666.00000000,238902991,238902991,1782868364653325,True,True
148775128,2.07000000,680.17000000,238902992,238903004,1782868364665306,True,True
148775129,2.06900000,60.95000000,238903005,238903007,1782868364901394,True,True
148775130,2.06800000,127.23000000,238903008,238903015,1782868364984133,True,True
148775131,2.06800000,41.36000000,238903016,238903016,1782868365011565,True,True
148775132,2.06700000,31.37000000,238903017,238903020,1782868365055973,True,True
148775133,2.06600000,71.99000000,238903021,238903024,1782868365055973,True,True
148775134,2.06600000,490.00000000,238903025,238903029,1782868365055973,True,True
148775135,2.06600000,189.31000000,238903030,238903031,1782868365071288,True,True
148775136,2.06700000,99.21000000,238903032,238903033,1782868365076661,False,True
148775137,2.06600000,403.83000000,238903034,238903037,1782868365078605,True,True
148775138,2.06500000,576.32000000,238903038,238903046,1782868365101163,True,True
148775139,2.06500000,2.66000000,238903047,238903047,1782868365140228,True,True
148775140,2.06400000,4.82000000,238903048,238903049,1782868365193349,True,True
148775141,2.06400000,16.38000000,238903050,238903052,1782868365193349,True,True
148775142,2.06500000,95.49000000,238903053,238903053,1782868365243445,False,True
148775143,2.06400000,16.84000000,238903054,238903054,1782868365269035,False,True
148775144,2.06400000,37.36000000,238903055,238903055,1782868365309606,False,True
148775145,2.06400000,19.32000000,238903056,238903056,1782868365311679,False,True
148775146,2.06500000,53.28000000,238903057,238903058,1782868365349105,False,True
148775147,2.06500000,29.90000000,238903059,238903059,1782868365353687,False,True
148775148,2.06500000,118.11000000,238903060,238903060,1782868365363315,False,True
148775149,2.06500000,40.74000000,238903061,238903061,1782868365367784,False,True
148775150,2.06500000,56.09000000,238903062,238903062,1782868365373129,False,True
148775151,2.06500000,133.19000000,238903063,238903063,1782868365428173,False,True
148775152,2.06300000,35.00000000,238903064,238903064,1782868365435247,True,True
148775153,2.06400000,120.19000000,238903065,238903067,1782868365450589,False,True
148775154,2.06400000,56.29000000,238903068,238903068,1782868365451217,False,True
148775155,2.06300000,449.10000000,238903069,238903071,1782868365458418,True,True
148775156,2.06300000,146.66000000,238903072,238903072,1782868365564439,True,True
148775157,2.06300000,679.45000000,238903073,238903078,1782868365572972,True,True
148775158,2.06300000,8.44000000,238903079,238903079,1782868365674208,False,True
148775159,2.06200000,157.34000000,238903080,238903086,1782868365794347,True,True
148775160,2.06100000,307.96000000,238903087,238903093,1782868365913366,True,True
148775161,2.06000000,71.80000000,238903094,238903095,1782868365913366,True,True
148775162,2.06000000,42.44000000,238903096,238903096,1782868365913366,True,True
148775163,2.06000000,466.44000000,238903097,238903100,1782868365959046,True,True
148775164,2.06000000,488.46000000,238903101,238903103,1782868365960802,True,True
148775165,2.06100000,249.21000000,238903104,238903106,1782868365963142,False,True
148775166,2.06000000,110.69000000,238903107,238903107,1782868365973023,True,True
148775167,2.06000000,120.79000000,238903108,238903108,1782868365981608,True,True
148775168,2.06000000,161.92000000,238903109,238903109,1782868365983729,True,True
148775169,2.06000000,259.26000000,238903110,238903110,1782868365988772,True,True
148775170,2.06000000,1424.17000000,238903111,238903125,1782868365990177,True,True
148775171,2.06000000,269.42000000,238903126,238903131,1782868365992410,True,True
148775172,2.05900000,191.05000000,238903132,238903135,1782868366005942,True,True
148775173,2.05900000,230.38000000,238903136,238903139,1782868366005942,True,True
148775174,2.05900000,85.51000000,238903140,238903140,1782868366058374,True,True
148775175,2.05900000,64.26000000,238903141,238903141,1782868366077270,True,True
148775176,2.06000000,24.27000000,238903142,238903142,1782868366088608,False,True
148775177,2.05900000,452.08000000,238903143,238903151,1782868366126527,True,True
148775178,2.06000000,576.29000000,238903152,238903156,1782868366203871,False,True
148775179,2.06100000,424.97000000,238903157,238903162,1782868366278331,False,True
148775180,2.06100000,111.05000000,238903163,238903164,1782868366312342,False,True
148775181,2.06000000,44.51000000,238903165,238903165,1782868366381209,True,True
148775182,2.06000000,2.67000000,238903166,238903166,1782868366393831,True,True
148775183,2.06100000,14.26000000,238903167,238903167,1782868366486581,False,True
148775184,2.06100000,2440.89000000,238903168,238903184,1782868366490692,False,True
148775185,2.06100000,44.61000000,238903185,238903186,1782868366762269,True,True
148775186,2.06100000,103.69000000,238903187,238903188,1782868366782433,True,True
148775187,2.06100000,44.51000000,238903189,238903189,1782868366933277,False,True
148775188,2.06100000,14.00000000,238903190,238903190,1782868366954957,True,True
148775189,2.06100000,14.00000000,238903191,238903191,1782868366959551,True,True
148775190,2.06100000,5.00000000,238903192,238903192,1782868366998937,True,True
148775191,2.06100000,129.11000000,238903193,238903196,1782868367005516,True,True
148775192,2.06000000,201.89000000,238903197,238903202,1782868367005516,True,True
148775193,2.06000000,92.49000000,238903203,238903205,1782868367005595,True,True
148775194,2.05900000,124.00000000,238903206,238903207,1782868367005595,True,True
148775195,2.05900000,75.19000000,238903208,238903210,1782868367005624,True,True
148775196,2.05900000,129.80000000,238903211,238903211,1782868367005673,True,True
148775197,2.05900000,19.19000000,238903212,238903214,1782868367005710,True,True
148775198,2.05800000,66.03000000,238903215,238903217,1782868367005710,True,True
148775199,2.05800000,76.19000000,238903218,238903218,1782868367005724,True,True
148775200,2.06000000,14.94000000,238903219,238903219,1782868367009262,False,True
148775201,2.06000000,80.55000000,238903220,238903220,1782868367009351,False,True
148775202,2.06000000,148.56000000,238903221,238903221,1782868367009927,False,True
148775203,2.06000000,106.78000000,238903222,238903222,1782868367010143,False,True
148775204,2.06000000,6.19000000,238903223,238903224,1782868367010153,False,True
148775205,2.06000000,66.14000000,238903225,238903225,1782868367076627,True,True
148775206,2.06000000,30.61000000,238903226,238903226,1782868367077136,True,True
148775207,2.06000000,587.52000000,238903227,238903229,1782868367081125,False,True
148775208,2.06000000,51.55000000,238903230,238903230,1782868367081622,False,True
148775209,2.06100000,143.95000000,238903231,238903235,1782868367359473,False,True
148775210,2.06200000,399.16000000,238903236,238903238,1782868367359473,False,True
148775211,2.06100000,95.49000000,238903239,238903239,1782868367362588,True,True
148775212,2.06000000,169.82000000,238903240,238903243,1782868367402041,True,True
148775213,2.05900000,183.75000000,238903244,238903250,1782868367480627,True,True
148775214,2.05900000,37.36000000,238903251,238903251,1782868367555887,False,True
148775215,2.05900000,2.44000000,238903252,238903252,1782868367584710,False,True
148775216,2.05900000,951.61000000,238903253,238903254,1782868367607095,False,True
148775217,2.05800000,251.82000000,238903255,238903256,1782868367622375,True,True
148775218,2.05900000,4.82000000,238903257,238903257,1782868367793176,True,True
148775219,2.06000000,1863.69000000,238903258,238903267,1782868367827763,False,True
148775220,2.06100000,67.29000000,238903268,238903268,1782868368002448,False,True
148775221,2.06100000,91.64000000,238903269,238903273,1782868368006702,False,True
148775222,2.06100000,5.16000000,238903274,238903274,1782868368056564,True,True
148775223,2.06000000,153.77000000,238903275,238903277,1782868368094561,True,True
148775224,2.06000000,105.00000000,238903278,238903280,1782868368187421,True,True
148775225,2.06000000,20.00000000,238903281,238903281,1782868368190379,True,True
148775226,2.06000000,65.00000000,238903282,238903284,1782868368197669,True,True
148775227,2.06000000,44.00000000,238903285,238903286,1782868368200821,True,True
148775228,2.05900000,17.03000000,238903287,238903287,1782868368207609,True,True
148775229,2.05900000,14.00000000,238903288,238903288,1782868368299792,True,True
148775230,2.06000000,106.72000000,238903289,238903289,1782868368461057,False,True
148775231,2.06000000,206.58000000,238903290,238903290,1782868368461336,False,True
148775232,2.06000000,15.08000000,238903291,238903291,1782868368465385,True,True
148775233,2.06000000,37.36000000,238903292,238903293,1782868368563623,True,True
148775234,2.05900000,3.00000000,238903294,238903295,1782868368636271,True,True
148775235,2.06000000,70.38000000,238903296,238903297,1782868368841251,False,True
148775236,2.06000000,51.55000000,238903298,238903299,1782868368961543,False,True
148775237,2.06100000,136.66000000,238903300,238903300,1782868369164763,False,True
148775238,2.06000000,134.11000000,238903301,238903302,1782868369166361,True,True
148775239,2.06100000,2.44000000,238903303,238903303,1782868369300276,False,True
148775240,2.06000000,134.11000000,238903304,238903305,1782868369314184,True,True
148775241,2.05900000,17.00000000,238903306,238903307,1782868369314509,True,True
148775242,2.06000000,132.85000000,238903308,238903309,1782868369320771,False,True
148775243,2.05900000,276.35000000,238903310,238903316,1782868369539942,True,True
148775244,2.05800000,580.65000000,238903317,238903317,1782868369539942,True,True
148775245,2.05900000,68.50000000,238903318,238903319,1782868369543512,False,True
148775246,2.05900000,105.39000000,238903320,238903321,1782868369543655,False,True
148775247,2.05900000,324.61000000,238903322,238903324,1782868369610722,False,True
148775248,2.05900000,227.44000000,238903325,238903326,1782868369614843,False,True
148775249,2.05900000,211.68000000,238903327,238903330,1782868369648656,True,True
148775250,2.05800000,17.00000000,238903331,238903331,1782868369649843,True,True
148775251,2.05900000,20.42000000,238903332,238903333,1782868369711195,False,True
148775252,2.05900000,211.68000000,238903334,238903335,1782868369841070,False,True
148775253,2.05900000,281.07000000,238903336,238903338,1782868369841485,False,True
148775254,2.05900000,37.36000000,238903339,238903339,1782868369954701,True,True
148775255,2.06000000,2.44000000,238903340,238903340,1782868370195655,False,True
148775256,2.06000000,561.73000000,238903341,238903346,1782868370504289,False,True
148775257,2.06100000,10.56000000,238903347,238903347,1782868371061206,False,True
148775258,2.06000000,37.36000000,238903348,238903348,1782868371171090,True,True
148775259,2.06000000,37.36000000,238903349,238903349,1782868371398082,True,True
148775260,2.06000000,40.60000000,238903350,238903350,1782868371582451,True,True
148775261,2.05900000,3.26000000,238903351,238903351,1782868372213630,True,True
148775262,2.05900000,42.69000000,238903352,238903355,1782868372566156,True,True
148775263,2.05800000,289.68000000,238903356,238903362,1782868372566156,True,True
148775264,2.05700000,44.51000000,238903363,238903364,1782868372875925,True,True
148775265,2.05700000,37.36000000,238903365,238903366,1782868372881955,True,True
148775266,2.05800000,148.93000000,238903367,238903367,1782868373217333,False,True
148775267,2.05800000,430.00000000,238903368,238903370,1782868373219112,False,True
148775268,2.05800000,430.00000000,238903371,238903371,1782868373219572,False,True
148775269,2.05800000,86.94000000,238903372,238903372,1782868373238302,False,True
148775270,2.05800000,78.14000000,238903373,238903373,1782868373533982,False,True
148775271,2.05800000,15.68000000,238903374,238903374,1782868373564368,False,True
148775272,2.05800000,430.00000000,238903375,238903376,1782868373869318,False,True
148775273,2.05800000,74.71000000,238903377,238903377,1782868373870829,False,True
148775274,2.05800000,44.51000000,238903378,238903378,1782868373871138,False,True
148775275,2.05800000,88.13000000,238903379,238903380,1782868373905852,False,True
148775276,2.05900000,7.30000000,238903381,238903382,1782868374246454,False,True
148775277,2.06000000,9.84000000,238903383,238903385,1782868374604486,False,True
148775278,2.06100000,200.00000000,238903386,238903389,1782868374924302,False,True
148775279,2.06100000,127.15000000,238903390,238903391,1782868375055122,True,True
148775280,2.06000000,223.66000000,238903392,238903393,1782868375074570,True,True
148775281,2.06000000,212.00000000,238903394,238903398,1782868375074683,True,True
148775282,2.05900000,4.37000000,238903399,238903400,1782868375237210,True,True
148775283,2.05900000,37.36000000,238903401,238903401,1782868375254726,True,True
148775284,2.05900000,50.59000000,238903402,238903402,1782868375259701,True,True
148775285,2.05800000,92.32000000,238903403,238903404,1782868375483272,True,True
148775286,2.05700000,22.17000000,238903405,238903405,1782868375540303,True,True
148775287,2.05700000,64.39000000,238903406,238903408,1782868375625511,True,True
148775288,2.05600000,44.51000000,238903409,238903412,1782868375752527,True,True
148775289,2.05600000,20.00000000,238903413,238903413,1782868375752527,True,True
148775290,2.05600000,13.13000000,238903414,238903415,1782868375769248,True,True
148775291,2.05600000,4.86000000,238903416,238903416,1782868375844243,False,True
148775292,2.05600000,4.86000000,238903417,238903417,1782868375844326,False,True
148775293,2.05600000,46.65000000,238903418,238903420,1782868375899887,False,True
148775294,2.05700000,47.20000000,238903421,238903424,1782868375946532,False,True
148775295,2.05700000,96.75000000,238903425,238903425,1782868376532820,True,True
148775296,2.05700000,2.70000000,238903426,238903426,1782868376965646,True,True
148775297,2.05800000,58.71000000,238903427,238903431,1782868377098981,False,True
148775298,2.05600000,504.31000000,238903432,238903442,1782868377755877,True,True
148775299,2.05600000,468.37000000,238903443,238903443,1782868377757565,False,True
148775300,2.05700000,58.38000000,238903444,238903445,1782868378547653,False,True
148775301,2.05500000,600.98000000,238903446,238903450,1782868379180581,True,True
148775302,2.05500000,430.00000000,238903451,238903451,1782868379268087,True,True
148775303,2.05500000,142.08000000,238903452,238903452,1782868379268111,True,True
148775304,2.05500000,1720.00000000,238903453,238903453,1782868379269491,True,True
148775305,2.05500000,430.00000000,238903454,238903454,1782868379271194,True,True
148775306,2.05500000,535.84000000,238903455,238903455,1782868379467784,True,True
148775307,2.05500000,117.16000000,238903456,238903456,1782868379477139,True,True
148775308,2.05500000,40.39000000,238903457,238903457,1782868379478833,True,True
148775309,2.05500000,57.48000000,238903458,238903458,1782868379502758,True,True
148775310,2.05500000,25.70000000,238903459,238903459,1782868379505614,True,True
148775311,2.05500000,303.92000000,238903460,238903460,1782868379505731,True,True
148775312,2.05500000,133.08000000,238903461,238903461,1782868379506868,True,True
148775313,2.05500000,45.90000000,238903462,238903462,1782868379508151,True,True
148775314,2.05500000,59.70000000,238903463,238903463,1782868379509607,True,True
148775315,2.05500000,46.50000000,238903464,238903464,1782868379510752,True,True
148775316,2.05500000,50.72000000,238903465,238903465,1782868379511037,True,True
148775317,2.05500000,54.93000000,238903466,238903466,1782868379511956,True,True
148775318,2.05500000,54.37000000,238903467,238903467,1782868379512512,True,True
148775319,2.05500000,17.18000000,238903468,238903468,1782868379513610,True,True
148775320,2.05500000,430.00000000,238903469,238903469,1782868379614834,True,True
148775321,2.05500000,270.61000000,238903470,238903472,1782868379616433,True,True
148775322,2.05400000,75.00000000,238903473,238903474,1782868379617923,True,True
148775323,2.05400000,129.00000000,238903475,238903479,1782868379618036,True,True
148775324,2.05400000,18.25000000,238903480,238903481,1782868379618074,True,True
148775325,2.05300000,200.26000000,238903482,238903482,1782868379618074,True,True
148775326,2.05300000,325.25000000,238903483,238903487,1782868379618286,True,True
148775327,2.05300000,17.00000000,238903488,238903488,1782868379618318,True,True
148775328,2.05300000,323.50000000,238903489,238903490,1782868379618346,True,True
148775329,2.05300000,272.30000000,238903491,238903495,1782868379618352,True,True
148775330,2.05300000,85.00000000,238903496,238903496,1782868379618390,True,True
148775331,2.05300000,104.44000000,238903497,238903498,1782868379618651,True,True
148775332,2.05200000,111.56000000,238903499,238903501,1782868379618651,True,True
148775333,2.05300000,10.00000000,238903502,238903502,1782868379625807,True,True
148775334,2.05300000,10.00000000,238903503,238903503,1782868379629518,True,True
148775335,2.05400000,23.04000000,238903504,238903505,1782868379696699,False,True
148775336,2.05500000,7.32000000,238903506,238903507,1782868379857050,False,True
148775337,2.05600000,75.76000000,238903508,238903508,1782868379976108,False,True
148775338,2.05600000,200.00000000,238903509,238903509,1782868379978340,False,True
148775339,2.05600000,20.53000000,238903510,238903513,1782868379981336,False,True
148775340,2.05700000,9.84000000,238903514,238903516,1782868380507510,False,True
148775341,2.05800000,9.84000000,238903517,238903519,1782868380759355,False,True
148775342,2.05900000,13.29000000,238903520,238903523,1782868380796687,False,True
148775343,2.05900000,5.35000000,238903524,238903524,1782868380893801,True,True
148775344,2.05900000,4.85000000,238903525,238903525,1782868380908932,True,True
148775345,2.05900000,37.36000000,238903526,238903528,1782868380949987,True,True
148775346,2.05800000,37.36000000,238903529,238903529,1782868381054587,True,True
148775347,2.05800000,7.30000000,238903530,238903530,1782868381084155,False,True
148775348,2.05900000,20.02000000,238903531,238903533,1782868381353159,False,True
148775349,2.06000000,1597.68000000,238903534,238903545,1782868381353159,False,True
148775350,2.06100000,752.54000000,238903546,238903551,1782868381353159,False,True
148775351,2.06000000,10.16000000,238903552,238903552,1782868381354925,True,True
148775352,2.05800000,607.24000000,238903553,238903556,1782868381445999,True,True
148775353,2.05800000,118.00000000,238903557,238903558,1782868381447482,True,True
148775354,2.05800000,476.69000000,238903559,238903563,1782868381447766,True,True
148775355,2.05800000,882.31000000,238903564,238903564,1782868381612380,False,True
148775356,2.05900000,32.16000000,238903565,238903566,1782868382228930,False,True
148775357,2.05800000,37.36000000,238903567,238903567,1782868382343314,True,True
148775358,2.05700000,6.16000000,238903568,238903568,1782868382343314,True,True
148775359,2.05800000,37.36000000,238903569,238903569,1782868384299155,True,True
148775360,2.05700000,970.00000000,238903570,238903573,1782868384334731,True,True
148775361,2.05800000,13.57000000,238903574,238903577,1782868384901870,False,True
148775362,2.05800000,148.30000000,238903578,238903580,1782868385025894,True,True
148775363,2.05700000,37.36000000,238903581,238903581,1782868390101970,False,True
148775364,2.05800000,14.62000000,238903582,238903583,1782868390235820,False,True
148775365,2.05700000,10.44000000,238903584,238903584,1782868390308016,False,True
148775366,2.05600000,132.76000000,238903585,238903586,1782868390502620,True,True
148775367,2.05600000,69.78000000,238903587,238903587,1782868390503021,True,True
148775368,2.05500000,971.00000000,238903588,238903599,1782868390503149,True,True
148775369,2.05500000,64.65000000,238903600,238903600,1782868390503569,True,True
148775370,2.05500000,118.35000000,238903601,238903601,1782868390504009,True,True
148775371,2.05500000,69.78000000,238903602,238903602,1782868390529614,False,True
148775372,2.05500000,860.00000000,238903603,238903603,1782868390529906,False,True
148775373,2.05500000,430.00000000,238903604,238903604,1782868390530985,False,True
148775374,2.05500000,52.09000000,238903605,238903605,1782868390531203,False,True
148775375,2.05500000,69.78000000,238903606,238903606,1782868390532625,False,True
148775376,2.05500000,37.36000000,238903607,238903607,1782868390580194,False,True
148775377,2.05500000,37.36000000,238903608,238903608,1782868390591785,False,True
148775378,2.05600000,99.29000000,238903609,238903610,1782868391004855,False,True
148775379,2.05600000,9.00000000,238903611,238903611,1782868393623824,True,True
148775380,2.05500000,9.84000000,238903612,238903614,1782868393705182,True,True
148775381,2.05400000,239.16000000,238903615,238903616,1782868393705182,True,True
148775382,2.05400000,13.30000000,238903617,238903620,1782868393777688,True,True
148775383,2.05400000,116.19000000,238903621,238903622,1782868393988898,False,True
148775384,2.05400000,55.83000000,238903623,238903624,1782868394129391,False,True
148775385,2.05300000,37.57000000,238903625,238903628,1782868394279778,True,True
148775386,2.05200000,9.86000000,238903629,238903631,1782868394366882,True,True
148775387,2.05100000,23.44000000,238903632,238903636,1782868394412371,True,True
148775388,2.05100000,23.44000000,238903637,238903639,1782868394413949,True,True
148775389,2.05100000,1.81000000,238903640,238903640,1782868394417694,True,True
148775390,2.05100000,35.55000000,238903641,238903641,1782868394422679,False,True
148775391,2.05100000,5.02000000,238903642,238903642,1782868394423566,False,True
148775392,2.05200000,30.68000000,238903643,238903643,1782868394452239,False,True
148775393,2.05200000,37.36000000,238903644,238903645,1782868394526348,False,True
148775394,2.05200000,291.68000000,238903646,238903647,1782868394582765,False,True
148775395,2.05300000,9.87000000,238903648,238903650,1782868395197112,False,True
148775396,2.05400000,2.54000000,238903651,238903651,1782868396155254,False,True
148775397,2.05500000,2.45000000,238903652,238903652,1782868397158413,False,True
148775398,2.05400000,89.79000000,238903653,238903653,1782868397723019,True,True
148775399,2.05300000,9.86000000,238903654,238903656,1782868397726582,True,True
148775400,2.05200000,684.79000000,238903657,238903665,1782868397726582,True,True
148775401,2.05200000,97.49000000,238903666,238903666,1782868397728184,False,True
148775402,2.05200000,100.86000000,238903667,238903667,1782868397728260,False,True
148775403,2.05100000,2.54000000,238903668,238903668,1782868398460522,True,True
148775404,2.05000000,550.46000000,238903669,238903679,1782868398460522,True,True
148775405,2.05000000,43.99000000,238903680,238903680,1782868398460522,True,True
148775406,2.05000000,13.52000000,238903681,238903681,1782868398460522,True,True
148775407,2.05000000,92.62000000,238903682,238903682,1782868398460522,True,True
148775408,2.05000000,430.00000000,238903683,238903683,1782868398535580,True,True
148775409,2.05000000,430.00000000,238903684,238903689,1782868398535583,True,True
148775410,2.05000000,3440.00000000,238903690,238903695,1782868398537055,True,True
148775411,2.05000000,860.00000000,238903696,238903696,1782868398537081,True,True
148775412,2.05000000,430.00000000,238903697,238903697,1782868398537335,True,True
148775413,2.05000000,349.98000000,238903698,238903698,1782868398537451,True,True
148775414,2.05000000,430.00000000,238903699,238903699,1782868398537621,True,True
148775415,2.05000000,430.00000000,238903700,238903700,1782868398537893,True,True
148775416,2.05100000,96.75000000,238903701,238903701,1782868398984515,False,True
148775417,2.05100000,34.12000000,238903702,238903702,1782868399199176,True,True
148775418,2.05200000,2.45000000,238903703,238903703,1782868399280082,False,True
148775419,2.05200000,9.87000000,238903704,238903706,1782868399429575,False,True
148775420,2.05300000,2.45000000,238903707,238903707,1782868400299659,False,True
148775421,2.05200000,37.36000000,238903708,238903708,1782868401013978,True,True
148775422,2.05100000,188.00000000,238903709,238903712,1782868401019112,True,True
148775423,2.05100000,784.00000000,238903713,238903717,1782868401021630,True,True
148775424,2.05200000,672.41000000,238903718,238903723,1782868401257716,False,True
148775425,2.05200000,37.36000000,238903724,238903724,1782868401459312,True,True
148775426,2.05100000,521.64000000,238903725,238903729,1782868401459312,True,True
148775427,2.05200000,38.82000000,238903730,238903730,1782868401461074,False,True
148775428,2.05100000,9.86000000,238903731,238903733,1782868401512747,True,True
148775429,2.05100000,37.36000000,238903734,238903735,1782868401742784,False,True
148775430,2.05100000,23.44000000,238903736,238903736,1782868401774430,True,True
148775431,2.05100000,37.36000000,238903737,238903737,1782868401794586,False,True
148775432,2.05200000,9.87000000,238903738,238903740,1782868402180574,False,True
148775433,2.05300000,2.55000000,238903741,238903742,1782868402920423,False,True
148775434,2.05400000,63.67000000,238903743,238903745,1782868402920423,False,True
148775435,2.05200000,2.54000000,238903746,238903746,1782868403446966,True,True
148775436,2.05100000,39.90000000,238903747,238903748,1782868403638687,True,True
148775437,2.05000000,424.10000000,238903749,238903749,1782868403638687,True,True
148775438,2.05100000,37.36000000,238903750,238903750,1782868404556999,False,True
148775439,2.05200000,92.13000000,238903751,238903751,1782868404556999,False,True
148775440,2.05000000,229.00000000,238903752,238903752,1782868405143317,True,True
148775441,2.05000000,1383.00000000,238903753,238903756,1782868405143672,True,True
148775442,2.05000000,860.00000000,238903757,238903767,1782868405143973,True,True
148775443,2.05000000,975.00000000,238903768,238903768,1782868405144059,True,True
148775444,2.05000000,59.39000000,238903769,238903769,1782868405144194,True,True
148775445,2.05000000,430.00000000,238903770,238903775,1782868405144259,True,True
148775446,2.05000000,860.00000000,238903776,238903782,1782868405144287,True,True
148775447,2.05000000,337.00000000,238903783,238903783,1782868405144702,True,True
148775448,2.05000000,66.90000000,238903784,238903784,1782868405145753,True,True
148775449,2.05000000,120.37000000,238903785,238903786,1782868405146389,True,True
148775450,2.05000000,99.79000000,238903787,238903789,1782868405146880,True,True
148775451,2.05000000,61.41000000,238903790,238903792,1782868405147898,True,True
148775452,2.05000000,210.71000000,238903793,238903797,1782868405149135,True,True
148775453,2.05000000,42.91000000,238903798,238903799,1782868405149407,True,True
148775454,2.05000000,28.20000000,238903800,238903800,1782868405150708,True,True
148775455,2.05000000,3.89000000,238903801,238903801,1782868405153056,True,True
148775456,2.04900000,43.63000000,238903802,238903804,1782868405268089,True,True
148775457,2.04900000,711.06000000,238903805,238903807,1782868405541108,False,True
148775458,2.05000000,9.89000000,238903808,238903810,1782868406223904,False,True
148775459,2.05100000,57.26000000,238903811,238903812,1782868406410371,False,True
148775460,2.05100000,2.55000000,238903813,238903813,1782868407734841,False,True
148775461,2.05200000,12.89000000,238903814,238903817,1782868408167436,False,True
148775462,2.05100000,2.54000000,238903818,238903818,1782868410687096,True,True
148775463,2.05100000,44.02000000,238903819,238903819,1782868410944941,False,True
148775464,2.05200000,9.87000000,238903820,238903822,1782868412212794,False,True
148775465,2.05300000,1042.70000000,238903823,238903827,1782868412500810,False,True
148775466,2.05300000,142.97000000,238903828,238903829,1782868412500900,False,True
148775467,2.05400000,15.46000000,238903830,238903833,1782868413142313,False,True
148775468,2.05400000,32.58000000,238903834,238903834,1782868413558582,True,True
148775469,2.05300000,52.65000000,238903835,238903837,1782868413954110,True,True
148775470,2.05200000,922.48000000,238903838,238903845,1782868413954110,True,True
148775471,2.05400000,12.90000000,238903846,238903846,1782868414464031,False,True
148775472,2.05200000,2.54000000,238903847,238903847,1782868415268585,True,True
148775473,2.05100000,246.90000000,238903848,238903850,1782868415273071,True,True
148775474,2.05100000,422.28000000,238903851,238903857,1782868415273341,True,True
148775475,2.05100000,335.08000000,238903858,238903860,1782868415336160,False,True
148775476,2.05200000,366.49000000,238903861,238903864,1782868415339875,False,True
148775477,2.05200000,116.69000000,238903865,238903865,1782868415339949,False,True
148775478,2.05100000,55.95000000,238903866,238903867,1782868415755744,True,True
148775479,2.05300000,51.74000000,238903868,238903872,1782868417151921,False,True
148775480,2.05400000,61.94000000,238903873,238903877,1782868417314282,False,True
148775481,2.05500000,413.49000000,238903878,238903883,1782868418054872,False,True
148775482,2.05500000,199.63000000,238903884,238903884,1782868418055116,False,True
148775483,2.05500000,12.99000000,238903885,238903887,1782868420760004,False,True
148775484,2.05400000,100.00000000,238903888,238903890,1782868422207122,False,True
148775485,2.05500000,13.16000000,238903891,238903891,1782868422819726,False,True
148775486,2.05500000,10.16000000,238903892,238903894,1782868423175770,False,True
148775487,2.05400000,478.58000000,238903895,238903898,1782868423495055,True,True
148775488,2.05400000,254.00000000,238903899,238903900,1782868423495076,True,True
148775489,2.05400000,136.00000000,238903901,238903905,1782868423496279,True,True
148775490,2.05400000,57.67000000,238903906,238903906,1782868423496282,True,True
148775491,2.05400000,423.36000000,238903907,238903907,1782868423499713,False,True
148775492,2.05400000,430.00000000,238903908,238903908,1782868423500286,False,True
148775493,2.05400000,137.97000000,238903909,238903909,1782868423501014,False,True
148775494,2.05600000,13.83000000,238903910,238903913,1782868425912987,False,True
148775495,2.05600000,16.00000000,238903914,238903915,1782868426171073,True,True
148775496,2.05700000,687.48000000,238903916,238903920,1782868426315523,False,True
148775497,2.05800000,49.97000000,238903921,238903922,1782868427707502,False,True
148775498,2.05800000,20.72000000,238903923,238903923,1782868427708246,False,True
148775499,2.05800000,49.02000000,238903924,238903925,1782868427709552,False,True
148775500,2.05900000,9.84000000,238903926,238903928,1782868428748815,False,True
148775501,2.06000000,12.78000000,238903929,238903931,1782868429427113,False,True
148775502,2.06100000,2.54000000,238903932,238903932,1782868430578407,False,True
148775503,2.06200000,14.42000000,238903933,238903935,1782868431634554,False,True
148775504,2.06300000,12.99000000,238903936,238903938,1782868434047973,False,True
148775505,2.06400000,37.36000000,238903939,238903940,1782868436077115,False,True
148775506,2.06400000,22.69000000,238903941,238903942,1782868436078640,False,True
148775507,2.06500000,12.99000000,238903943,238903946,1782868437075068,False,True
148775508,2.06600000,92.53000000,238903947,238903953,1782868440657228,False,True
148775509,2.06700000,9.81000000,238903954,238903956,1782868440786345,False,True
148775510,2.06800000,37.36000000,238903957,238903958,1782868441338011,False,True
148775511,2.06800000,69.42000000,238903959,238903960,1782868441341798,False,True
148775512,2.06900000,9.99000000,238903961,238903962,1782868442493980,False,True
148775513,2.06900000,2.43000000,238903963,238903963,1782868444261806,True,True
148775514,2.07000000,170.26000000,238903964,238903967,1782868445413470,False,True
148775515,2.07000000,89.79000000,238903968,238903968,1782868446281460,True,True
148775516,2.06900000,2.52000000,238903969,238903969,1782868446947105,True,True
148775517,2.06800000,2.52000000,238903970,238903970,1782868447845369,True,True
148775518,2.06800000,67.79000000,238903971,238903972,1782868448330387,True,True
148775519,2.06700000,72.53000000,238903973,238903975,1782868451055487,True,True
148775520,2.06700000,22.55000000,238903976,238903976,1782868451409141,True,True
148775521,2.06700000,279.73000000,238903977,238903979,1782868452699838,False,True
148775522,2.06800000,349.03000000,238903980,238903983,1782868452699838,False,True
148775523,2.06700000,37.36000000,238903984,238903984,1782868452805712,True,True
148775524,2.06600000,5.22000000,238903985,238903986,1782868453873132,True,True
148775525,2.06700000,7.28000000,238903987,238903988,1782868457950502,False,True
148775526,2.06800000,9.79000000,238903989,238903991,1782868460980747,False,True
148775527,2.06800000,5.32000000,238903992,238903992,1782868461226756,True,True
148775528,2.06800000,50.00000000,238903993,238903994,1782868462352800,True,True
148775529,2.06800000,111.83000000,238903995,238903996,1782868464031672,True,True
148775530,2.06700000,92.31000000,238903997,238903998,1782868464749820,True,True
148775531,2.06700000,46.52000000,238903999,238903999,1782868467431775,False,True
148775532,2.06700000,37.36000000,238904000,238904000,1782868469426458,False,True
148775533,2.06700000,37.36000000,238904001,238904001,1782868473390667,True,True
148775534,2.06700000,87.12000000,238904002,238904002,1782868473739383,False,True
148775535,2.06700000,115.11000000,238904003,238904005,1782868473739533,False,True
148775536,2.06800000,9.97000000,238904006,238904009,1782868473950347,False,True
148775537,2.06800000,31.43000000,238904010,238904010,1782868476044217,False,True
148775538,2.06700000,37.36000000,238904011,238904011,1782868476169366,True,True
148775539,2.06700000,15.58000000,238904012,238904012,1782868479602351,False,True
148775540,2.06700000,4.09000000,238904013,238904013,1782868480496252,False,True
148775541,2.06600000,2.52000000,238904014,238904014,1782868484678940,True,True
148775542,2.06500000,5.98000000,238904015,238904016,1782868486187331,True,True
148775543,2.06600000,14.47000000,238904017,238904020,1782868491707719,False,True
148775544,2.06600000,310.93000000,238904021,238904024,1782868492600777,True,True
148775545,2.06500000,26.91000000,238904025,238904025,1782868492600777,True,True
148775546,2.06700000,9.81000000,238904026,238904028,1782868493149554,False,True
148775547,2.06800000,2.53000000,238904029,238904029,1782868499922820,False,True
148775548,2.06900000,3.88000000,238904030,238904030,1782868499922820,False,True
148775549,2.06700000,3.53000000,238904031,238904031,1782868499923898,True,True
148775550,2.06900000,6.09000000,238904032,238904033,1782868500383555,False,True
148775551,2.07000000,9.78000000,238904034,238904036,1782868500844401,False,True
148775552,2.07000000,96.66000000,238904037,238904039,1782868502342491,False,True
148775553,2.07100000,13.96000000,238904040,238904043,1782868504862910,False,True
148775554,2.07100000,7.26000000,238904044,238904045,1782868507356617,False,True
148775555,2.07200000,872.93000000,238904046,238904051,1782868507545565,False,True
148775556,2.07200000,43.10000000,238904052,238904053,1782868508076685,True,True
148775557,2.07300000,806.89000000,238904054,238904056,1782868508761849,False,True
148775558,2.07400000,2.52000000,238904057,238904057,1782868509101878,False,True
148775559,2.07400000,51.82000000,238904058,238904059,1782868509607626,True,True
148775560,2.07300000,32.28000000,238904060,238904061,1782868509607626,True,True
148775561,2.07500000,161.05000000,238904062,238904067,1782868510566154,False,True
148775562,2.07600000,13.56000000,238904068,238904071,1782868510968180,False,True
148775563,2.07600000,62.59000000,238904072,238904074,1782868511377114,True,True
148775564,2.07700000,19.64000000,238904075,238904077,1782868511392622,False,True
148775565,2.07600000,2.51000000,238904078,238904078,1782868511675156,True,True
148775566,2.07500000,2.51000000,238904079,238904079,1782868512003757,True,True
148775567,2.07400000,2.43000000,238904080,238904080,1782868512213370,True,True
148775568,2.07400000,80.08000000,238904081,238904082,1782868514431212,True,True
148775569,2.07300000,37.36000000,238904083,238904084,1782868514951634,True,True
148775570,2.07200000,132.75000000,238904085,238904086,1782868514960171,True,True
148775571,2.07200000,332.00000000,238904087,238904088,1782868514962812,True,True
148775572,2.07200000,434.00000000,238904089,238904089,1782868514964637,True,True
148775573,2.07400000,2.52000000,238904090,238904090,1782868517309854,False,True
148775574,2.07500000,12.23000000,238904091,238904092,1782868518891409,False,True
148775575,2.07500000,15.27000000,238904093,238904093,1782868518891805,False,True
148775576,2.07500000,37.36000000,238904094,238904094,1782868520130751,False,True
148775577,2.07500000,34.94000000,238904095,238904095,1782868520434737,False,True
148775578,2.07600000,39.88000000,238904096,238904097,1782868521739207,False,True
148775579,2.07500000,2.51000000,238904098,238904098,1782868531148173,True,True
148775580,2.07400000,6.25000000,238904099,238904100,1782868534983279,True,True
148775581,2.07600000,2.52000000,238904101,238904101,1782868542593982,False,True
148775582,2.07700000,6.35000000,238904102,238904103,1782868543158667,False,True
148775583,2.07600000,2.51000000,238904104,238904104,1782868548837355,True,True
148775584,2.07500000,43.68000000,238904105,238904106,1782868551792868,True,True
148775585,2.07500000,134.11000000,238904107,238904108,1782868555544579,False,True
148775586,2.07600000,680.02000000,238904109,238904115,1782868555544579,False,True
148775587,2.07400000,2.51000000,238904116,238904116,1782868560499991,True,True
148775588,2.07300000,44.79000000,238904117,238904119,1782868561303322,True,True
148775589,2.07300000,8.14000000,238904120,238904120,1782868561785131,False,True
148775590,2.07200000,45.70000000,238904121,238904124,1782868564180013,True,True
148775591,2.07100000,16.35000000,238904125,238904127,1782868565872490,True,True
148775592,2.07100000,149.15000000,238904128,238904130,1782868568824391,False,True
148775593,2.07100000,61.79000000,238904131,238904132,1782868568906798,True,True
148775594,2.07200000,21.72000000,238904133,238904133,1782868573531224,False,True
148775595,2.07000000,291.01000000,238904134,238904139,1782868575380519,True,True
148775596,2.06900000,2153.61000000,238904140,238904149,1782868575380519,True,True
148775597,2.06900000,176.70000000,238904150,238904152,1782868575383067,True,True
148775598,2.06900000,250.50000000,238904153,238904153,1782868575605256,False,True
148775599,2.06900000,293.96000000,238904154,238904154,1782868577059829,False,True
148775600,2.06800000,13.20000000,238904155,238904156,1782868578563201,True,True
148775601,2.06700000,6.28000000,238904157,238904158,1782868582052264,True,True
148775602,2.06600000,346.99000000,238904159,238904166,1782868582052264,True,True
148775603,2.06600000,678.88000000,238904167,238904167,1782868582108672,False,True
148775604,2.06700000,37.36000000,238904168,238904168,1782868582130174,False,True
148775605,2.06700000,6.28000000,238904169,238904169,1782868582144531,True,True
148775606,2.06700000,37.36000000,238904170,238904171,1782868584488219,True,True
148775607,2.06600000,1819.87000000,238904172,238904182,1782868584488219,True,True
148775608,2.06700000,38.71000000,238904183,238904183,1782868591500272,True,True
148775609,2.06700000,37.36000000,238904184,238904184,1782868591502573,True,True
148775610,2.06700000,162.40000000,238904185,238904185,1782868591830342,True,True
148775611,2.06700000,285.21000000,238904186,238904186,1782868591882274,True,True
148775612,2.06500000,5.15000000,238904187,238904188,1782868596626785,True,True
148775613,2.06500000,1.05000000,238904189,238904189,1782868596628350,True,True
148775614,2.06600000,24.26000000,238904190,238904190,1782868601657183,False,True
148775615,2.06400000,5.81000000,238904191,238904192,1782868608420549,True,True
148775616,2.06300000,4.36000000,238904193,238904194,1782868608472775,True,True
148775617,2.06300000,37.36000000,238904195,238904195,1782868614857691,False,True
148775618,2.06400000,71.49000000,238904196,238904198,1782868626313344,False,True
148775619,2.06400000,157.08000000,238904199,238904199,1782868627014879,False,True
148775620,2.06500000,2.53000000,238904200,238904200,1782868628459960,False,True
148775621,2.06600000,22.17000000,238904201,238904202,1782868630486663,False,True
148775622,2.06700000,5.00000000,238904203,238904204,1782868631963808,False,True
148775623,2.06800000,11.12000000,238904205,238904206,1782868637277390,False,True
148775624,2.06700000,37.36000000,238904207,238904207,1782868637760585,True,True
148775625,2.06800000,303.86000000,238904208,238904212,1782868640023985,False,True
148775626,2.06900000,9.79000000,238904213,238904215,1782868640417919,False,True
148775627,2.06900000,14.01000000,238904216,238904216,1782868646353314,False,True
148775628,2.06900000,366.42000000,238904217,238904220,1782868648530033,False,True
148775629,2.06900000,119.34000000,238904221,238904221,1782868649446881,True,True
148775630,2.06800000,2.52000000,238904222,238904222,1782868652666083,True,True
148775631,2.06700000,17.71000000,238904223,238904224,1782868654710191,True,True
148775632,2.06700000,29.30000000,238904225,238904226,1782868666106815,False,True
148775633,2.06800000,4.40000000,238904227,238904227,1782868668419850,False,True
148775634,2.06800000,145.06000000,238904228,238904230,1782868669385956,False,True
148775635,2.06800000,9.79000000,238904231,238904233,1782868671126657,False,True
148775636,2.06900000,14.43000000,238904234,238904237,1782868678843135,False,True
148775637,2.06900000,104.40000000,238904238,238904239,1782868683789828,True,True
148775638,2.07000000,12.37000000,238904240,238904243,1782868695222430,False,True
148775639,2.07100000,831.19000000,238904244,238904248,1782868696295268,False,True
148775640,2.07000000,37.36000000,238904249,238904249,1782868709414051,True,True
148775641,2.07100000,10.86000000,238904250,238904252,1782868714432143,False,True
148775642,2.07200000,37.36000000,238904253,238904253,1782868715877769,False,True
148775643,2.07200000,80.57000000,238904254,238904258,1782868715879677,False,True
148775644,2.07300000,24.11000000,238904259,238904262,1782868722200294,False,True
148775645,2.07200000,10.05000000,238904263,238904263,1782868726782606,False,True
148775646,2.07300000,358.64000000,238904264,238904264,1782868731587075,False,True
148775647,2.07300000,430.00000000,238904265,238904265,1782868731587613,False,True
148775648,2.07300000,19.50000000,238904266,238904270,1782868731596736,False,True
148775649,2.07400000,10.53000000,238904271,238904273,1782868734843752,False,True
148775650,2.07400000,89.79000000,238904274,238904274,1782868743855684,True,True
148775651,2.07500000,11.87000000,238904275,238904277,1782868751263268,False,True
148775652,2.07600000,45.25000000,238904278,238904281,1782868760255068,False,True
148775653,2.07500000,286.66000000,238904282,238904284,1782868763109157,True,True
148775654,2.07400000,363.34000000,238904285,238904289,1782868763109157,True,True
148775655,2.07700000,89.79000000,238904290,238904294,1782868776366401,False,True
148775656,2.07700000,11.57000000,238904295,238904296,1782868776432176,False,True
148775657,2.07700000,57.78000000,238904297,238904297,1782868790421799,False,True
148775658,2.07800000,9.23000000,238904298,238904299,1782868792440122,False,True
148775659,2.07700000,37.36000000,238904300,238904301,1782868801253815,True,True
148775660,2.07700000,54.94000000,238904302,238904302,1782868801253890,True,True
148775661,2.07700000,100.00000000,238904303,238904304,1782868814168190,False,True
148775662,2.07700000,3.61000000,238904305,238904305,1782868815498122,True,True
148775663,2.07600000,92.30000000,238904306,238904307,1782868821361338,True,True
148775664,2.07600000,20.94000000,238904308,238904308,1782868834308578,False,True
148775665,2.07700000,9.76000000,238904309,238904311,1782868839475720,False,True
148775666,2.07800000,39.68000000,238904312,238904315,1782868846825841,False,True
148775667,2.07700000,5.29000000,238904316,238904316,1782868862955416,True,True
148775668,2.07800000,2.51000000,238904317,238904317,1782868876285919,False,True
148775669,2.07900000,1335.64000000,238904318,238904326,1782868882421886,False,True
148775670,2.08000000,1859.25000000,238904327,238904334,1782868882421886,False,True
148775671,2.07900000,2.42000000,238904335,238904335,1782868890275425,True,True
148775672,2.07900000,4.81000000,238904336,238904336,1782868897999760,False,True
148775673,2.07700000,47.43000000,238904337,238904338,1782868904694702,True,True
148775674,2.07700000,37.36000000,238904339,238904339,1782868923800924,False,True
148775675,2.07800000,10.96000000,238904340,238904341,1782868923800924,False,True
148775676,2.07700000,4.33000000,238904342,238904342,1782868924891467,True,True
148775677,2.07900000,9.75000000,238904343,238904345,1782868934733981,False,True
148775678,2.07900000,89.53000000,238904346,238904347,1782868943939314,True,True
148775679,2.08000000,2.51000000,238904348,238904348,1782868951121593,False,True
148775680,2.08100000,29.67000000,238904349,238904352,1782868951121593,False,True
148775681,2.08100000,427.94000000,238904353,238904353,1782868951121639,False,True
148775682,2.08100000,225.37000000,238904354,238904354,1782868951128073,False,True
148775683,2.08100000,37.36000000,238904355,238904355,1782868951138700,False,True
148775684,2.08100000,44.18000000,238904356,238904356,1782868951339106,True,True
148775685,2.08100000,80.16000000,238904357,238904358,1782868952718133,True,True
148775686,2.08100000,37.36000000,238904359,238904359,1782868954272646,True,True
148775687,2.08000000,39.87000000,238904360,238904361,1782868960023248,True,True
148775688,2.08100000,2.51000000,238904362,238904362,1782868962911736,False,True
148775689,2.08100000,35.55000000,238904363,238904363,1782868965120162,False,True
148775690,2.08200000,4.80000000,238904364,238904365,1782868968635123,False,True
148775691,2.08200000,0.21000000,238904366,238904366,1782868968635573,False,True
148775692,2.08300000,291.26000000,238904367,238904368,1782868971383840,False,True
148775693,2.08300000,679.27000000,238904369,238904369,1782868971909846,False,True
148775694,2.08300000,37.36000000,238904370,238904370,1782868976215665,True,True
