108727876,0.57200000,274.00000000,178323189,178323189,1782864001248099,False,True
108727877,0.57200000,208.50000000,178323190,178323191,1782864001248164,False,True
108727878,0.57200000,405.40000000,178323192,178323193,1782864001287822,False,True
108727879,0.57200000,274.00000000,178323194,178323195,1782864001288100,False,True
108727880,0.57200000,17.43000000,178323196,178323196,1782864001290149,False,True
108727881,0.57200000,17.46000000,178323197,178323197,1782864001290275,False,True
108727882,0.57200000,86.73000000,178323198,178323198,1782864001689391,False,True
108727883,0.57300000,443.66000000,178323199,178323200,1782864001689391,False,True
108727884,0.57200000,1140.96000000,178323201,178323203,1782864005477262,True,True
108727885,0.57200000,399.47000000,178323204,178323205,1782864020711218,True,True
108727886,0.57300000,17.48000000,178323206,178323206,1782864025075526,False,True
108727887,0.57200000,16844.85000000,178323207,178323222,1782864061467649,True,True
108727888,0.57200000,664.39000000,178323223,178323223,1782864061470785,False,True
108727889,0.57200000,262.23000000,178323224,178323225,1782864130050924,False,True
108727890,0.57200000,530.72000000,178323226,178323229,1782864167084490,False,True
108727891,0.57200000,439.36000000,178323230,178323230,1782864168440485,True,True
108727892,0.57200000,40.00000000,178323231,178323231,1782864168443099,True,True
108727893,0.57100000,33.00000000,178323232,178323233,1782864204446607,True,True
108727894,0.57100000,179.99000000,178323234,178323235,1782864205084765,True,True
108727895,0.57100000,499.29000000,178323236,178323236,1782864206609968,True,True
108727896,0.57100000,1281.37000000,178323237,178323239,1782864206611354,True,True
108727897,0.57100000,52.00000000,178323240,178323240,1782864212077851,False,True
108727898,0.57200000,36.12000000,178323241,178323243,1782864251558307,False,True
108727899,0.57200000,70.82000000,178323244,178323244,1782864329860889,True,True
108727900,0.57200000,42.84000000,178323245,178323245,1782864365778298,True,True
108727901,0.57200000,2870.37000000,178323246,178323256,1782864372297583,True,True
108727902,0.57200000,1377.03000000,178323257,178323257,1782864400295775,True,True
108727903,0.57200000,17.46000000,178323258,178323258,1782864407659384,True,True
108727904,0.57200000,17.55000000,178323259,178323259,1782864407754020,True,True
108727905,0.57200000,137.00000000,178323260,178323260,1782864408407038,True,True
108727906,0.57200000,582.72000000,178323261,178323264,1782864411277042,True,True
108727907,0.57200000,1344.52000000,178323265,178323266,1782864411278321,True,True
108727908,0.57200000,11.60000000,178323267,178323267,1782864422167076,False,True
108727909,0.57200000,1302.10000000,178323268,178323272,1782864422167092,False,True
108727910,0.57200000,871.97000000,178323273,178323275,1782864458844345,True,True
108727911,0.57100000,1137.07000000,178323276,178323280,1782864458844345,True,True
108727912,0.57200000,467.87000000,178323281,178323281,1782864459377415,False,True
108727913,0.57200000,283.61000000,178323282,178323283,1782864459378532,False,True
108727914,0.57200000,40.00000000,178323284,178323284,1782864510193415,True,True
108727915,0.57200000,42.84000000,178323285,178323285,1782864542179837,False,True
108727916,0.57100000,1198.00000000,178323286,178323291,1782864557579005,True,True
108727917,0.57000000,137.00000000,178323292,178323294,1782864603158491,True,True
108727918,0.57000000,28.00000000,178323295,178323295,1782864603159880,True,True
108727919,0.57000000,137.00000000,178323296,178323296,1782864608491605,True,True
108727920,0.57000000,110.93000000,178323297,178323297,1782864608586228,True,True
108727921,0.57100000,137.00000000,178323298,178323298,1782864653970669,False,True
108727922,0.57100000,751.88000000,178323299,178323300,1782864653979002,False,True
108727923,0.57100000,103.03000000,178323301,178323301,1782864653980425,False,True
108727924,0.57100000,103.03000000,178323302,178323302,1782864653980780,False,True
108727925,0.57100000,103.03000000,178323303,178323304,1782864653981024,False,True
108727926,0.57100000,0.03000000,178323305,178323305,1782864653982679,False,True
108727927,0.57100000,137.00000000,178323306,178323307,1782864687018871,True,True
108727928,0.57100000,486.41000000,178323308,178323309,1782864688776906,True,True
108727929,0.57100000,58.80000000,178323310,178323310,1782864727222615,False,True
108727930,0.57100000,10.75000000,178323311,178323311,1782864729120898,False,True
108727931,0.57100000,350.26000000,178323312,178323312,1782864775009304,False,True
108727932,0.57100000,34.27000000,178323313,178323313,1782864791518099,False,True
108727933,0.57100000,306.92000000,178323314,178323315,1782864836363249,False,True
108727934,0.57100000,137.00000000,178323316,178323316,1782864836363251,False,True
108727935,0.57100000,2515.52000000,178323317,178323320,1782864836364287,False,True
108727936,0.57200000,10.29000000,178323321,178323321,1782864843641632,False,True
108727937,0.57100000,17.49000000,178323322,178323322,1782864893610039,True,True
108727938,0.57100000,17.48000000,178323323,178323323,1782864893610470,True,True
108727939,0.57100000,456.72000000,178323324,178323325,1782864893629121,True,True
108727940,0.57100000,46.81000000,178323326,178323326,1782864893641963,True,True
108727941,0.57100000,14544.71000000,178323327,178323336,1782864903996835,True,True
108727942,0.57100000,787.30000000,178323337,178323337,1782864903998653,False,True
108727943,0.57100000,2338.30000000,178323338,178323338,1782864903998811,False,True
108727944,0.57100000,175.40000000,178323339,178323339,1782864904000380,False,True
108727945,0.57100000,405.40000000,178323340,178323340,1782864904000384,False,True
108727946,0.57100000,287.60000000,178323341,178323341,1782864904000786,False,True
108727947,0.57100000,177.80000000,178323342,178323342,1782864904000789,False,True
108727948,0.57100000,2138.95000000,178323343,178323343,1782864904020503,False,True
108727949,0.57100000,539.67000000,178323344,178323344,1782864904020588,False,True
108727950,0.57100000,17.52000000,178323345,178323345,1782864904023042,False,True
108727951,0.57100000,76.81000000,178323346,178323346,1782864904025295,False,True
108727952,0.57000000,10.28000000,178323347,178323347,1782864907438901,True,True
108727953,0.57100000,262.47000000,178323348,178323348,1782864910724000,False,True
108727954,0.57000000,26.31000000,178323349,178323349,1782864970459717,True,True
108727955,0.57000000,1642.96000000,178323350,178323354,1782864978563388,True,True
108727956,0.57000000,200.00000000,178323355,178323355,1782865006119093,True,True
108727957,0.57100000,43.14000000,178323356,178323356,1782865074614999,False,True
108727958,0.57100000,58.80000000,178323357,178323357,1782865129477842,False,True
108727959,0.57000000,533.80000000,178323358,178323363,1782865156477726,True,True
108727960,0.57000000,1859.21000000,178323364,178323367,1782865167077914,False,True
108727961,0.57000000,786.97000000,178323368,178323370,1782865178908733,True,True
108727962,0.57000000,2788.55000000,178323371,178323375,1782865222653241,False,True
108727963,0.57000000,734.97000000,178323376,178323377,1782865280449608,True,True
108727964,0.57000000,30.28000000,178323378,178323378,1782865297665498,False,True
108727965,0.57000000,45.11000000,178323379,178323379,1782865382192921,False,True
108727966,0.57000000,128.81000000,178323380,178323380,1782865382197020,False,True
108727967,0.57000000,58.80000000,178323381,178323381,1782865413073859,False,True
108727968,0.56900000,4890.00000000,178323382,178323416,1782865539921844,True,True
108727969,0.56900000,204.00000000,178323417,178323417,1782865539923155,True,True
108727970,0.56900000,3876.16000000,178323418,178323422,1782865539923597,True,True
108727971,0.56900000,953.15000000,178323423,178323425,1782865539958564,False,True
108727972,0.56900000,125.62000000,178323426,178323428,1782865540296482,False,True
108727973,0.56900000,72.29000000,178323429,178323429,1782865540303814,False,True
108727974,0.56900000,1705.59000000,178323430,178323432,1782865540629865,False,True
108727975,0.56900000,1776.16000000,178323433,178323437,1782865540629933,False,True
108727976,0.57000000,1320.60000000,178323438,178323440,1782865540631606,False,True
108727977,0.56900000,3160.88000000,178323441,178323447,1782865589018868,False,True
108727978,0.56900000,501.66000000,178323448,178323448,1782865589024411,True,True
108727979,0.56900000,1848.79000000,178323449,178323450,1782865605509197,False,True
108727980,0.56900000,48.00000000,178323451,178323451,1782865618305258,True,True
108727981,0.56900000,1141.42000000,178323452,178323455,1782865618305546,True,True
108727982,0.56900000,42.91000000,178323456,178323456,1782865622170956,False,True
108727983,0.56900000,58.25000000,178323457,178323457,1782865629579025,True,True
108727984,0.57000000,604.32000000,178323458,178323458,1782865667495950,False,True
108727985,0.56900000,70.29000000,178323459,178323459,1782865672760207,True,True
108727986,0.57000000,4240.69000000,178323460,178323468,1782865727697754,False,True
108727987,0.57000000,42.98000000,178323469,178323469,1782865742232084,True,True
108727988,0.57000000,262.47000000,178323470,178323470,1782865752018244,True,True
108727989,0.57000000,1000.00000000,178323471,178323471,1782865756023499,False,True
108727990,0.57000000,302.47000000,178323472,178323473,1782865786257089,False,True
108727991,0.57100000,17.54000000,178323474,178323474,1782865800673877,False,True
108727992,0.57100000,947.17000000,178323475,178323480,1782865851562336,False,True
108727993,0.57100000,2399.84000000,178323481,178323483,1782865851563957,False,True
108727994,0.57200000,137.00000000,178323484,178323487,1782865870577283,False,True
108727995,0.57200000,137.00000000,178323488,178323488,1782865870579999,False,True
108727996,0.57200000,137.00000000,178323489,178323489,1782865870582064,False,True
108727997,0.57200000,17.49000000,178323490,178323490,1782865870582749,False,True
108727998,0.57200000,489.18000000,178323491,178323491,1782865870630677,False,True
108727999,0.57200000,972.93000000,178323492,178323493,1782865916904213,True,True
108728000,0.57200000,42.99000000,178323494,178323494,1782865922177074,False,True
108728001,0.57200000,9.40000000,178323495,178323495,1782865925387016,False,True
108728002,0.57200000,18.20000000,178323496,178323496,1782865927218578,False,True
108728003,0.57200000,10.20000000,178323497,178323497,1782865927460883,False,True
108728004,0.57200000,1635.58000000,178323498,178323499,1782865930342700,False,True
108728005,0.57200000,20.10000000,178323500,178323500,1782865934383702,False,True
108728006,0.57200000,31.40000000,178323501,178323501,1782865935265149,False,True
108728007,0.57200000,15.10000000,178323502,178323502,1782865937643706,False,True
108728008,0.57200000,38.00000000,178323503,178323503,1782865938492785,False,True
108728009,0.57200000,12.40000000,178323504,178323504,1782865938757906,False,True
108728010,0.57200000,17.30000000,178323505,178323505,1782865939157616,False,True
108728011,0.57200000,12.30000000,178323506,178323506,1782865940534934,False,True
108728012,0.57200000,349.80000000,178323507,178323509,1782865941529859,False,True
108728013,0.57200000,192.10000000,178323510,178323510,1782865950559873,False,True
108728014,0.57200000,137.00000000,178323511,178323511,1782865950794985,False,True
108728015,0.57200000,165.47000000,178323512,178323513,1782865950861276,False,True
108728016,0.57200000,500.03000000,178323514,178323515,1782865968514465,True,True
108728017,0.57200000,137.00000000,178323516,178323516,1782866127333616,True,True
108728018,0.57200000,180.09000000,178323517,178323519,1782866127334823,True,True
108728019,0.57200000,94.84000000,178323520,178323520,1782866186826947,False,True
108728020,0.57200000,1809.24000000,178323521,178323524,1782866281096433,False,True
108728021,0.57200000,291.99000000,178323525,178323526,1782866340043193,True,True
108728022,0.57200000,137.00000000,178323527,178323527,1782866340958832,False,True
108728023,0.57200000,42.91000000,178323528,178323529,1782866341096620,True,True
108728024,0.57200000,2500.00000000,178323530,178323532,1782866354379406,True,True
108728025,0.57200000,13500.00000000,178323533,178323542,1782866354379533,True,True
108728026,0.57200000,2008.70000000,178323543,178323544,1782866354379687,True,True
108728027,0.57200000,2179.41000000,178323545,178323547,1782866354379827,True,True
108728028,0.57200000,1296.19000000,178323548,178323549,1782866354379860,True,True
108728029,0.57200000,3438.15000000,178323550,178323556,1782866354383352,False,True
108728030,0.57100000,2100.00000000,178323557,178323561,1782866354388093,True,True
108728031,0.57100000,1974.71000000,178323562,178323564,1782866354388133,True,True
108728032,0.57100000,2100.00000000,178323565,178323566,1782866354388246,True,True
108728033,0.57100000,4200.00000000,178323567,178323567,1782866354388381,True,True
108728034,0.57100000,2100.00000000,178323568,178323579,1782866354389477,True,True
108728035,0.57100000,1420.00000000,178323580,178323583,1782866354557225,True,True
108728036,0.57100000,442.94000000,178323584,178323584,1782866366185287,True,True
108728037,0.57100000,1316.00000000,178323585,178323586,1782866367075183,False,True
108728038,0.57100000,323.47000000,178323587,178323587,1782866367076382,False,True
108728039,0.57100000,137.00000000,178323588,178323588,1782866371316156,True,True
108728040,0.57100000,309.09000000,178323589,178323590,1782866371317422,True,True
108728041,0.57100000,2881.40000000,178323591,178323597,1782866384773843,False,True
108728042,0.57100000,660.29000000,178323598,178323598,1782866384776941,True,True
108728043,0.57100000,137.00000000,178323599,178323599,1782866388793603,True,True
108728044,0.57100000,64.30000000,178323600,178323601,1782866397685794,False,True
108728045,0.57100000,350.80000000,178323602,178323602,1782866400673192,False,True
108728046,0.57100000,869.07000000,178323603,178323606,1782866400675871,False,True
108728047,0.57200000,31.83000000,178323607,178323607,1782866400675871,False,True
108728048,0.57100000,480.22000000,178323608,178323608,1782866404525899,True,True
108728049,0.57100000,652.02000000,178323609,178323611,1782866404529034,True,True
108728050,0.57100000,32.63000000,178323612,178323612,1782866404543546,True,True
108728051,0.57100000,37.90000000,178323613,178323614,1782866404568442,True,True
108728052,0.57100000,61.16000000,178323615,178323615,1782866404600067,True,True
108728053,0.57100000,31.89000000,178323616,178323616,1782866404618187,True,True
108728054,0.57100000,29.09000000,178323617,178323618,1782866404634887,True,True
108728055,0.57100000,24.02000000,178323619,178323619,1782866404661557,True,True
108728056,0.57100000,78.71000000,178323620,178323620,1782866404706217,True,True
108728057,0.57100000,51.88000000,178323621,178323621,1782866404735887,True,True
108728058,0.57100000,42.03000000,178323622,178323622,1782866404750739,True,True
108728059,0.57000000,513.66000000,178323623,178323624,1782866433344674,True,True
108728060,0.57100000,262.47000000,178323625,178323625,1782866441818780,False,True
108728061,0.57100000,46.48000000,178323626,178323626,1782866461655924,True,True
108728062,0.57100000,42.92000000,178323627,178323627,1782866461684298,True,True
108728063,0.57100000,472.50000000,178323628,178323628,1782866463056588,True,True
108728064,0.57000000,19.46000000,178323629,178323629,1782866487341373,True,True
108728065,0.57100000,1963.02000000,178323630,178323633,1782866492076401,False,True
108728066,0.57100000,995.13000000,178323634,178323635,1782866492076676,False,True
108728067,0.57100000,501.66000000,178323636,178323636,1782866492081217,True,True
108728068,0.57100000,292.48000000,178323637,178323637,1782866497955251,True,True
108728069,0.57200000,38.21000000,178323638,178323638,1782866507904638,False,True
108728070,0.57000000,19.94000000,178323639,178323639,1782866509241992,True,True
108728071,0.57100000,1348.47000000,178323640,178323642,1782866525760730,False,True
108728072,0.57100000,612.71000000,178323643,178323644,1782866525760754,False,True
108728073,0.57100000,864.65000000,178323645,178323646,1782866525763863,True,True
108728074,0.57100000,259.27000000,178323647,178323648,1782866533273669,True,True
108728075,0.57100000,562.73000000,178323649,178323651,1782866556667130,True,True
108728076,0.57100000,72.00000000,178323652,178323652,1782866556678018,True,True
108728077,0.57100000,18.92000000,178323653,178323653,1782866556688819,True,True
108728078,0.57100000,27.88000000,178323654,178323654,1782866556704851,True,True
108728079,0.57100000,24.07000000,178323655,178323655,1782866556718406,True,True
108728080,0.57100000,28.39000000,178323656,178323656,1782866556748574,True,True
108728081,0.57100000,19.01000000,178323657,178323657,1782866556760014,True,True
108728082,0.57100000,33.91000000,178323658,178323658,1782866556793612,True,True
108728083,0.57100000,37.01000000,178323659,178323659,1782866556814374,True,True
108728084,0.57100000,86.68000000,178323660,178323660,1782866556845885,True,True
108728085,0.57100000,137.00000000,178323661,178323661,1782866556984894,True,True
108728086,0.57100000,355.59000000,178323662,178323662,1782866557015838,True,True
108728087,0.57100000,29.09000000,178323663,178323663,1782866557032308,True,True
108728088,0.57100000,63.32000000,178323664,178323664,1782866557068136,True,True
108728089,0.57100000,36.68000000,178323665,178323665,1782866557089539,True,True
108728090,0.57100000,34.31000000,178323666,178323666,1782866557115095,True,True
108728091,0.57100000,37.70000000,178323667,178323667,1782866557146700,True,True
108728092,0.57100000,40.53000000,178323668,178323668,1782866557165949,True,True
108728093,0.57100000,52.89000000,178323669,178323669,1782866557189445,True,True
108728094,0.57100000,47.66000000,178323670,178323670,1782866557216580,True,True
108728095,0.57100000,129.80000000,178323671,178323671,1782866557279054,True,True
108728096,0.57100000,558.27000000,178323672,178323672,1782866558023020,True,True
108728097,0.57100000,37.05000000,178323673,178323673,1782866558073082,True,True
108728098,0.57100000,40.68000000,178323674,178323674,1782866558086810,True,True
108728099,0.57100000,65.44000000,178323675,178323675,1782866558123909,True,True
108728100,0.57100000,72.24000000,178323676,178323676,1782866558154695,True,True
108728101,0.57100000,49.39000000,178323677,178323677,1782866558187292,True,True
108728102,0.57100000,65.54000000,178323678,178323678,1782866558224870,True,True
108728103,0.57100000,104.14000000,178323679,178323679,1782866558278367,True,True
108728104,0.57100000,63.40000000,178323680,178323680,1782866558325340,True,True
108728105,0.57100000,85.56000000,178323681,178323681,1782866558364909,True,True
108728106,0.57100000,562.11000000,178323682,178323682,1782866559010087,True,True
108728107,0.57100000,52.37000000,178323683,178323683,1782866559054208,True,True
108728108,0.57100000,25.10000000,178323684,178323684,1782866559068824,True,True
108728109,0.57100000,120.36000000,178323685,178323685,1782866559127154,True,True
108728110,0.57100000,24.20000000,178323686,178323686,1782866559143666,True,True
108728111,0.57100000,97.60000000,178323687,178323687,1782866559195794,True,True
108728112,0.57100000,42.73000000,178323688,178323688,1782866559227446,True,True
108728113,0.57100000,29.97000000,178323689,178323689,1782866559244960,True,True
108728114,0.57100000,52.53000000,178323690,178323690,1782866559293820,True,True
108728115,0.57100000,33.64000000,178323691,178323691,1782866559336246,True,True
108728116,0.57100000,495.16000000,178323692,178323692,1782866560018651,True,True
108728117,0.57100000,51.90000000,178323693,178323693,1782866560064481,True,True
108728118,0.57100000,79.91000000,178323694,178323694,1782866560107955,True,True
108728119,0.57100000,66.95000000,178323695,178323695,1782866560145564,True,True
108728120,0.57100000,217.06000000,178323696,178323696,1782866560282972,True,True
108728121,0.57100000,110.59000000,178323697,178323697,1782866560340213,True,True
108728122,0.57100000,104.99000000,178323698,178323698,1782866560394427,True,True
108728123,0.57100000,101.19000000,178323699,178323699,1782866560447590,True,True
108728124,0.57100000,33.81000000,178323700,178323700,1782866560487935,True,True
108728125,0.57100000,103.37000000,178323701,178323701,1782866560535028,True,True
108728126,0.57100000,507.45000000,178323702,178323702,1782866561053142,True,True
108728127,0.57100000,28.30000000,178323703,178323703,1782866561080605,True,True
108728128,0.57100000,30.77000000,178323704,178323704,1782866561105582,True,True
108728129,0.57100000,84.77000000,178323705,178323705,1782866561154056,True,True
108728130,0.57100000,34.55000000,178323706,178323706,1782866561173724,True,True
108728131,0.57100000,95.34000000,178323707,178323707,1782866561218595,True,True
108728132,0.57100000,63.71000000,178323708,178323708,1782866561254868,True,True
108728133,0.57100000,118.13000000,178323709,178323709,1782866561312217,True,True
108728134,0.57100000,49.16000000,178323710,178323710,1782866561339432,True,True
108728135,0.57100000,28.81000000,178323711,178323711,1782866561355827,True,True
108728136,0.57100000,515.20000000,178323712,178323712,1782866562062872,True,True
108728137,0.57100000,23.37000000,178323713,178323713,1782866562107604,True,True
108728138,0.57100000,20.81000000,178323714,178323714,1782866562119632,True,True
108728139,0.57100000,94.92000000,178323715,178323715,1782866562163911,True,True
108728140,0.57100000,107.62000000,178323716,178323717,1782866562223029,True,True
108728141,0.57100000,63.21000000,178323718,178323718,1782866562264912,True,True
108728142,0.57100000,104.73000000,178323719,178323719,1782866562322126,True,True
108728143,0.57100000,56.09000000,178323720,178323720,1782866562366203,True,True
108728144,0.57100000,62.14000000,178323721,178323722,1782866562407678,True,True
108728145,0.57100000,123.35000000,178323723,178323723,1782866562465712,True,True
108728146,0.57100000,443.29000000,178323724,178323725,1782866563359678,True,True
108728147,0.57100000,109.33000000,178323726,178323726,1782866563419295,True,True
108728148,0.57100000,387.04000000,178323727,178323729,1782866563640937,True,True
108728149,0.57100000,98.64000000,178323730,178323730,1782866563700238,True,True
108728150,0.57100000,98.12000000,178323731,178323731,1782866563745289,True,True
108728151,0.57100000,28.75000000,178323732,178323732,1782866563760135,True,True
108728152,0.57100000,17.21000000,178323733,178323733,1782866563761577,True,True
108728153,0.57100000,712.82000000,178323734,178323735,1782866564778872,True,True
108728154,0.57100000,761.73000000,178323736,178323738,1782866572319013,True,True
108728155,0.57100000,35.27000000,178323739,178323739,1782866633212840,True,True
108728156,0.57100000,13.57000000,178323740,178323740,1782866649120202,True,True
108728157,0.57100000,875.65000000,178323741,178323743,1782866705986050,True,True
108728158,0.57100000,42.88000000,178323744,178323744,1782866708543076,True,True
108728159,0.57100000,2741.06000000,178323745,178323748,1782866708661311,False,True
108728160,0.57100000,10638.19000000,178323749,178323757,1782866738222288,False,True
108728161,0.57100000,472.50000000,178323758,178323758,1782866738224485,True,True
108728162,0.57200000,43.30000000,178323759,178323759,1782866738224513,False,True
108728163,0.57200000,8.74000000,178323760,178323760,1782866827483214,False,True
108728164,0.57100000,446.87000000,178323761,178323761,1782867004263200,True,True
108728165,0.57100000,50.47000000,178323762,178323762,1782867004295844,True,True
108728166,0.57100000,51.28000000,178323763,178323763,1782867004319628,True,True
108728167,0.57100000,22.84000000,178323764,178323764,1782867004332793,True,True
108728168,0.57100000,42.92000000,178323765,178323765,1782867005818936,True,True
108728169,0.57100000,1576.17000000,178323766,178323767,1782867008075891,True,True
108728170,0.57000000,25.00000000,178323768,178323768,1782867044035707,True,True
108728171,0.57100000,110.92000000,178323769,178323769,1782867083452032,False,True
108728172,0.57100000,350.57000000,178323770,178323771,1782867095536275,False,True
108728173,0.57100000,384.44000000,178323772,178323772,1782867095543606,False,True
108728174,0.57100000,1736.27000000,178323773,178323774,1782867098465112,False,True
108728175,0.57200000,75.31000000,178323775,178323777,1782867164823550,False,True
108728176,0.57200000,451.52000000,178323778,178323778,1782867165471766,True,True
108728177,0.57200000,42.88000000,178323779,178323779,1782867182196330,False,True
108728178,0.57200000,285.41000000,178323780,178323781,1782867193368277,False,True
108728179,0.57100000,785.41000000,178323782,178323784,1782867303564841,True,True
108728180,0.57100000,8.78000000,178323785,178323785,1782867311208051,True,True
108728181,0.57100000,80.51000000,178323786,178323786,1782867328842304,True,True
108728182,0.57200000,19.07000000,178323787,178323787,1782867365077079,False,True
108728183,0.57200000,17.48000000,178323788,178323788,1782867493566394,False,True
108728184,0.57100000,9.33000000,178323789,178323789,1782867546928646,True,True
108728185,0.57200000,848.29000000,178323790,178323792,1782867609011083,False,True
108728186,0.57200000,270.24000000,178323793,178323793,1782867609011241,False,True
108728187,0.57200000,713.29000000,178323794,178323795,1782867619311236,True,True
108728188,0.57200000,100.00000000,178323796,178323796,1782867645605523,False,True
108728189,0.57100000,122.59000000,178323797,178323797,1782867688500885,True,True
108728190,0.57100000,1160.00000000,178323798,178323800,1782867692133875,True,True
108728191,0.57100000,95.32000000,178323801,178323803,1782867692543795,True,True
108728192,0.57100000,1999.99000000,178323804,178323806,1782867739318027,True,True
108728193,0.57100000,9.72000000,178323807,178323807,1782867806690966,True,True
108728194,0.57100000,137.00000000,178323808,178323808,1782867834183611,True,True
108728195,0.57100000,272.97000000,178323809,178323810,1782867834183956,True,True
108728196,0.57100000,13.13000000,178323811,178323811,1782867835987170,False,True
108728197,0.57100000,13.13000000,178323812,178323812,1782867839182692,False,True
108728198,0.57000000,6640.91000000,178323813,178323819,1782867849621841,True,True
108728199,0.57100000,8.93000000,178323820,178323820,1782867858847307,False,True
108728200,0.57000000,1720.38000000,178323821,178323826,1782867860818587,True,True
108728201,0.57000000,13.15000000,178323827,178323827,1782867861736171,False,True
108728202,0.56900000,13.15000000,178323828,178323828,1782867863747402,True,True
108728203,0.57000000,137.00000000,178323829,178323829,1782867875059625,False,True
108728204,0.57000000,582.77000000,178323830,178323830,1782867875060338,False,True
108728205,0.57000000,137.00000000,178323831,178323831,1782867875983911,True,True
108728206,0.57000000,137.00000000,178323832,178323832,1782867876239812,True,True
108728207,0.57000000,251.00000000,178323833,178323833,1782867876241608,True,True
108728208,0.57000000,32.59000000,178323834,178323834,1782867899358345,False,True
108728209,0.57000000,9.64000000,178323835,178323835,1782867914662887,False,True
108728210,0.56900000,496.50000000,178323836,178323837,1782867915927806,True,True
108728211,0.56900000,77.16000000,178323838,178323838,1782867915940225,True,True
108728212,0.56900000,24.14000000,178323839,178323839,1782867915954287,True,True
108728213,0.56900000,25.34000000,178323840,178323840,1782867915968456,True,True
108728214,0.56900000,24.29000000,178323841,178323841,1782867915998855,True,True
108728215,0.56900000,17.86000000,178323842,178323842,1782867916018315,True,True
108728216,0.56900000,61.49000000,178323843,178323843,1782867916043830,True,True
108728217,0.56900000,19.33000000,178323844,178323844,1782867916054313,True,True
108728218,0.56900000,60.61000000,178323845,178323845,1782867916098690,True,True
108728219,0.56900000,35.91000000,178323846,178323846,1782867916114485,True,True
108728220,0.56900000,60.40000000,178323847,178323847,1782867916131711,True,True
108728221,0.56900000,20.44000000,178323848,178323848,1782867916143300,True,True
108728222,0.56900000,20.60000000,178323849,178323849,1782867916156124,True,True
108728223,0.56900000,19.88000000,178323850,178323850,1782867916197514,True,True
108728224,0.56900000,54.09000000,178323851,178323852,1782867916251302,True,True
108728225,0.56900000,9.64000000,178323853,178323853,1782867916701990,True,True
108728226,0.56900000,544.63000000,178323854,178323855,1782867917001341,True,True
108728227,0.57000000,8.77000000,178323856,178323856,1782867919898754,False,True
108728228,0.56900000,467.17000000,178323857,178323857,1782867920945981,True,True
108728229,0.57000000,8.77000000,178323858,178323858,1782867923031934,False,True
108728230,0.57000000,8.77000000,178323859,178323859,1782867923089507,False,True
108728231,0.56800000,9.75000000,178323860,178323860,1782867925072030,True,True
108728232,0.56900000,262.47000000,178323861,178323861,1782867934528282,True,True
108728233,0.56800000,1228.73000000,178323862,178323862,1782867935802118,True,True
108728234,0.56900000,137.00000000,178323863,178323863,1782867960133321,False,True
108728235,0.56900000,125.47000000,178323864,178323864,1782867960137843,False,True
108728236,0.56900000,40.29000000,178323865,178323866,1782867966738396,True,True
108728237,0.56900000,13.01000000,178323867,178323867,1782867966857704,True,True
108728238,0.56900000,9.66000000,178323868,178323868,1782867971946522,True,True
108728239,0.56900000,129.04000000,178323869,178323870,1782867974788492,True,True
108728240,0.56900000,96.60000000,178323871,178323871,1782867974987073,False,True
108728241,0.57000000,9.66000000,178323872,178323872,1782867977630296,False,True
108728242,0.56900000,262.47000000,178323873,178323873,1782867989976118,True,True
108728243,0.56900000,9.66000000,178323874,178323874,1782867992040952,False,True
108728244,0.56800000,9.68000000,178323875,178323875,1782867995539792,True,True
108728245,0.56900000,9.66000000,178323876,178323877,1782867998648599,False,True
108728246,0.56900000,9.66000000,178323878,178323878,1782867999355511,False,True
108728247,0.56800000,9.68000000,178323879,178323879,1782868004600689,True,True
108728248,0.56800000,9.68000000,178323880,178323880,1782868004917932,True,True
108728249,0.56900000,9.94000000,178323881,178323881,1782868024168249,False,True
108728250,0.56900000,35.14000000,178323882,178323882,1782868097545580,False,True
108728251,0.56800000,1262.84000000,178323883,178323888,1782868108671034,True,True
108728252,0.56800000,824.62000000,178323889,178323890,1782868108672322,True,True
108728253,0.56800000,18.50000000,178323891,178323891,1782868109784239,False,True
108728254,0.56700000,65.62000000,178323892,178323893,1782868116159079,True,True
108728255,0.56700000,13.38000000,178323894,178323894,1782868212220042,True,True
108728256,0.56700000,9.93000000,178323895,178323895,1782868215368819,True,True
108728257,0.56700000,1308.23000000,178323896,178323896,1782868217165813,True,True
108728258,0.56700000,455.74000000,178323897,178323897,1782868217252602,True,True
108728259,0.56700000,191.27000000,178323898,178323898,1782868217252671,True,True
108728260,0.56700000,73.08000000,178323899,178323899,1782868217252676,True,True
108728261,0.56700000,287.79000000,178323900,178323900,1782868217252944,True,True
108728262,0.56700000,255.79000000,178323901,178323901,1782868217401390,True,True
108728263,0.56700000,714.25000000,178323902,178323902,1782868217516587,True,True
108728264,0.56700000,231.20000000,178323903,178323903,1782868217516691,True,True
108728265,0.56700000,232.97000000,178323904,178323904,1782868217517274,True,True
108728266,0.56700000,271.66000000,178323905,178323905,1782868217517598,True,True
108728267,0.56700000,293.36000000,178323906,178323906,1782868217517883,True,True
108728268,0.56700000,320.70000000,178323907,178323907,1782868217518709,True,True
108728269,0.56700000,409.40000000,178323908,178323908,1782868217519511,True,True
108728270,0.56700000,405.40000000,178323909,178323909,1782868217542348,True,True
108728271,0.56700000,886.80000000,178323910,178323910,1782868217542351,True,True
108728272,0.56700000,50.77000000,178323911,178323911,1782868217543897,True,True
108728273,0.56700000,21.21000000,178323912,178323912,1782868217560975,True,True
108728274,0.56700000,409.40000000,178323913,178323913,1782868217574797,True,True
108728275,0.56700000,82.99000000,178323914,178323914,1782868217617426,True,True
108728276,0.56700000,53.24000000,178323915,178323915,1782868217629453,True,True
108728277,0.56700000,28.32000000,178323916,178323916,1782868217641391,True,True
108728278,0.56700000,31.17000000,178323917,178323917,1782868217658616,True,True
108728279,0.56700000,19.45000000,178323918,178323918,1782868217669610,True,True
108728280,0.56700000,601.15000000,178323919,178323919,1782868218005941,True,True
108728281,0.56700000,313.50000000,178323920,178323920,1782868218055557,True,True
108728282,0.56700000,481.40000000,178323921,178323921,1782868218055741,True,True
108728283,0.56700000,60.35000000,178323922,178323922,1782868218056144,True,True
108728284,0.56700000,449.10000000,178323923,178323923,1782868218080211,True,True
108728285,0.56700000,438.60000000,178323924,178323924,1782868218107843,True,True
108728286,0.56700000,288.50000000,178323925,178323925,1782868218107947,True,True
108728287,0.56700000,22.75000000,178323926,178323926,1782868218126861,True,True
108728288,0.56700000,22.56000000,178323927,178323927,1782868218148825,True,True
108728289,0.56700000,74.30000000,178323928,178323928,1782868218159332,True,True
108728290,0.56700000,25.96000000,178323929,178323929,1782868218196023,True,True
108728291,0.56700000,197.47000000,178323930,178323930,1782868218312782,True,True
108728292,0.56700000,23.43000000,178323931,178323931,1782868218334647,True,True
108728293,0.56700000,54.89000000,178323932,178323932,1782868218366279,True,True
108728294,0.56700000,49.80000000,178323933,178323933,1782868218385066,True,True
108728295,0.56700000,288.10000000,178323934,178323934,1782868218607297,True,True
108728296,0.56700000,288.50000000,178323935,178323935,1782868218607361,True,True
108728297,0.56700000,201.40000000,178323936,178323936,1782868218607435,True,True
108728298,0.56700000,552.44000000,178323937,178323937,1782868227906398,True,True
108728299,0.56700000,2649.17000000,178323938,178323938,1782868227909656,True,True
108728300,0.56700000,7625.03000000,178323939,178323943,1782868227910384,True,True
108728301,0.56600000,1456.53000000,178323944,178323949,1782868235552080,True,True
108728302,0.56600000,472.50000000,178323950,178323950,1782868235554553,True,True
108728303,0.56600000,262.47000000,178323951,178323951,1782868235556241,False,True
108728304,0.56600000,262.47000000,178323952,178323953,1782868235556292,False,True
108728305,0.56600000,262.47000000,178323954,178323954,1782868235558418,False,True
108728306,0.56500000,553.56000000,178323955,178323960,1782868256804484,True,True
108728307,0.56500000,35.78000000,178323961,178323961,1782868256856188,True,True
108728308,0.56500000,58.27000000,178323962,178323962,1782868256880028,True,True
108728309,0.56500000,39.38000000,178323963,178323965,1782868256918068,True,True
108728310,0.56500000,30.34000000,178323966,178323966,1782868256932356,True,True
108728311,0.56500000,442.16000000,178323967,178323967,1782868256934352,True,True
108728312,0.56500000,28.60000000,178323968,178323968,1782868257584037,False,True
108728313,0.56500000,12749.62000000,178323969,178323975,1782868258011347,False,True
108728314,0.56500000,107.00000000,178323976,178323976,1782868258619270,True,True
108728315,0.56500000,365.50000000,178323977,178323977,1782868258619318,True,True
108728316,0.56500000,137.00000000,178323978,178323978,1782868258728063,False,True
108728317,0.56500000,137.00000000,178323979,178323979,1782868258732354,False,True
108728318,0.56500000,1243.50000000,178323980,178323982,1782868260424927,False,True
108728319,0.56500000,462.83000000,178323983,178323983,1782868260429428,True,True
108728320,0.56500000,122.24000000,178323984,178323984,1782868268479019,True,True
108728321,0.56500000,1000.00000000,178323985,178323987,1782868279410270,True,True
108728322,0.56500000,117.94000000,178323988,178323988,1782868280337271,True,True
108728323,0.56600000,1524.29000000,178323989,178323994,1782868320294183,False,True
108728324,0.56600000,198.70000000,178323995,178323996,1782868320299821,True,True
108728325,0.56600000,1067.65000000,178323997,178323999,1782868330853933,True,True
108728326,0.56600000,276.90000000,178324000,178324000,1782868334424465,True,True
108728327,0.56600000,44.16000000,178324001,178324001,1782868337604309,False,True
108728328,0.56500000,663.90000000,178324002,178324003,1782868353355545,True,True
108728329,0.56500000,1110.28000000,178324004,178324005,1782868353399562,False,True
108728330,0.56400000,311.34000000,178324006,178324006,1782868365046694,True,True
108728331,0.56400000,143.93000000,178324007,178324007,1782868365047352,True,True
108728332,0.56400000,6804.00000000,178324008,178324012,1782868365051004,True,True
108728333,0.56400000,502.44000000,178324013,178324013,1782868365056184,True,True
108728334,0.56400000,26250.00000000,178324014,178324014,1782868365062137,True,True
108728335,0.56400000,7382.74000000,178324015,178324015,1782868365062284,True,True
108728336,0.56400000,262.47000000,178324016,178324016,1782868365062584,True,True
108728337,0.56400000,797.04000000,178324017,178324017,1782868365064267,True,True
108728338,0.56400000,6584.00000000,178324018,178324018,1782868365068248,True,True
108728339,0.56400000,298.00000000,178324019,178324019,1782868365069401,True,True
108728340,0.56400000,782.28000000,178324020,178324020,1782868365069418,True,True
108728341,0.56400000,291.88000000,178324021,178324021,1782868365075985,True,True
108728342,0.56400000,305.11000000,178324022,178324022,1782868365076114,True,True
108728343,0.56400000,6300.00000000,178324023,178324023,1782868365083737,True,True
108728344,0.56400000,2100.00000000,178324024,178324024,1782868365083892,True,True
108728345,0.56400000,2100.00000000,178324025,178324025,1782868365084271,True,True
108728346,0.56400000,16800.00000000,178324026,178324026,1782868365090759,True,True
108728347,0.56400000,234.28000000,178324027,178324027,1782868365102549,True,True
108728348,0.56400000,8400.00000000,178324028,178324028,1782868365113278,True,True
108728349,0.56400000,1243.50000000,178324029,178324029,1782868365113369,True,True
108728350,0.56400000,2870.73000000,178324030,178324030,1782868365113620,True,True
108728351,0.56400000,177.65000000,178324031,178324031,1782868365137044,True,True
108728352,0.56400000,181.82000000,178324032,178324032,1782868365158332,True,True
108728353,0.56400000,102.73000000,178324033,178324033,1782868365168494,True,True
108728354,0.56400000,608.74000000,178324034,178324034,1782868365170280,True,True
108728355,0.56400000,501.61000000,178324035,178324035,1782868365170330,True,True
108728356,0.56400000,270.16000000,178324036,178324036,1782868365182669,True,True
108728357,0.56400000,1573.31000000,178324037,178324037,1782868365182674,True,True
108728358,0.56400000,211.14000000,178324038,178324038,1782868365183463,True,True
108728359,0.56400000,990.35000000,178324039,178324039,1782868365192170,True,True
108728360,0.56400000,1285.41000000,178324040,178324040,1782868365196980,True,True
108728361,0.56400000,124.54000000,178324041,178324041,1782868365198445,True,True
108728362,0.56400000,6225.00000000,178324042,178324042,1782868365204704,True,True
108728363,0.56400000,2902.23000000,178324043,178324043,1782868365209650,True,True
108728364,0.56400000,647.27000000,178324044,178324044,1782868365210504,True,True
108728365,0.56400000,248.90000000,178324045,178324045,1782868365210715,True,True
108728366,0.56400000,7153.00000000,178324046,178324046,1782868365218257,True,True
108728367,0.56400000,177.81000000,178324047,178324047,1782868365224342,True,True
108728368,0.56400000,279.23000000,178324048,178324048,1782868365232520,True,True
108728369,0.56400000,358.01000000,178324049,178324049,1782868365235581,True,True
108728370,0.56400000,137.00000000,178324050,178324050,1782868365259961,True,True
108728371,0.56400000,523.00000000,178324051,178324051,1782868365261444,True,True
108728372,0.56400000,626.75000000,178324052,178324052,1782868365261640,True,True
108728373,0.56400000,694.18000000,178324053,178324053,1782868365266819,True,True
108728374,0.56400000,1052.20000000,178324054,178324054,1782868365269851,True,True
108728375,0.56400000,137.66000000,178324055,178324055,1782868365272471,True,True
108728376,0.56400000,137.70000000,178324056,178324056,1782868365285999,True,True
108728377,0.56400000,1620.00000000,178324057,178324057,1782868365290304,True,True
108728378,0.56400000,317.10000000,178324058,178324058,1782868365295071,True,True
108728379,0.56400000,1099.52000000,178324059,178324059,1782868365308223,True,True
108728380,0.56400000,132.84000000,178324060,178324060,1782868365331443,True,True
108728381,0.56400000,9.74000000,178324061,178324061,1782868365338088,True,True
108728382,0.56400000,406.06000000,178324062,178324062,1782868365353105,True,True
108728383,0.56400000,177.60000000,178324063,178324063,1782868365360520,True,True
108728384,0.56400000,405.40000000,178324064,178324064,1782868365360526,True,True
108728385,0.56400000,288.50000000,178324065,178324065,1782868365360707,True,True
108728386,0.56400000,560.70000000,178324066,178324066,1782868365360708,True,True
108728387,0.56400000,333.80000000,178324067,178324067,1782868365360710,True,True
108728388,0.56400000,959.33000000,178324068,178324068,1782868365386566,True,True
108728389,0.56400000,26.00000000,178324069,178324069,1782868365422066,True,True
108728390,0.56400000,181.70000000,178324070,178324070,1782868365430696,True,True
108728391,0.56400000,121.40000000,178324071,178324071,1782868365433489,True,True
108728392,0.56400000,12.50000000,178324072,178324072,1782868365457209,True,True
108728393,0.56400000,368.90000000,178324073,178324073,1782868365457672,True,True
108728394,0.56400000,381.40000000,178324074,178324074,1782868365458187,True,True
108728395,0.56400000,112.13000000,178324075,178324075,1782868365463254,True,True
108728396,0.56400000,31.30000000,178324076,178324076,1782868365488919,True,True
108728397,0.56400000,123.23000000,178324077,178324077,1782868365491837,True,True
108728398,0.56400000,83.32000000,178324078,178324078,1782868365494687,True,True
108728399,0.56400000,83.32000000,178324079,178324079,1782868365494780,True,True
108728400,0.56400000,158.22000000,178324080,178324080,1782868365504827,True,True
108728401,0.56400000,168.42000000,178324081,178324081,1782868365507650,True,True
108728402,0.56400000,1600.00000000,178324082,178324082,1782868365521821,True,True
108728403,0.56400000,168.42000000,178324083,178324083,1782868365523604,True,True
108728404,0.56400000,110.77000000,178324084,178324084,1782868365537036,True,True
108728405,0.56400000,888.28000000,178324085,178324085,1782868365611231,True,True
108728406,0.56400000,50.39000000,178324086,178324086,1782868365613146,True,True
108728407,0.56400000,39.96000000,178324087,178324087,1782868365614002,True,True
108728408,0.56400000,168.75000000,178324088,178324088,1782868365615513,True,True
108728409,0.56400000,78.37000000,178324089,178324089,1782868365615800,True,True
108728410,0.56400000,299.98000000,178324090,178324090,1782868365629204,True,True
108728411,0.56400000,431.20000000,178324091,178324091,1782868365632346,True,True
108728412,0.56400000,89.14000000,178324092,178324092,1782868365632492,True,True
108728413,0.56400000,9.74000000,178324093,178324093,1782868365633019,True,True
108728414,0.56400000,299.80000000,178324094,178324094,1782868365660510,True,True
108728415,0.56400000,379.60000000,178324095,178324095,1782868365664164,True,True
108728416,0.56400000,266.99000000,178324096,178324096,1782868365671621,True,True
108728417,0.56400000,381.40000000,178324097,178324097,1782868365679676,True,True
108728418,0.56400000,286.58000000,178324098,178324098,1782868365685601,True,True
108728419,0.56400000,168.75000000,178324099,178324099,1782868365689044,True,True
108728420,0.56400000,1128.54000000,178324100,178324100,1782868365692337,True,True
108728421,0.56400000,35.45000000,178324101,178324101,1782868365694714,True,True
108728422,0.56400000,35.45000000,178324102,178324102,1782868365694731,True,True
108728423,0.56400000,46.00000000,178324103,178324103,1782868365699067,True,True
108728424,0.56400000,35.45000000,178324104,178324104,1782868365702026,True,True
108728425,0.56400000,35.45000000,178324105,178324105,1782868365702054,True,True
108728426,0.56400000,381.40000000,178324106,178324106,1782868365711565,True,True
108728427,0.56400000,165.30000000,178324107,178324107,1782868365712258,True,True
108728428,0.56400000,820.30000000,178324108,178324108,1782868365712386,True,True
108728429,0.56400000,286.12000000,178324109,178324109,1782868365713158,True,True
108728430,0.56400000,335.40000000,178324110,178324110,1782868365713275,True,True
108728431,0.56400000,289.51000000,178324111,178324111,1782868365716466,True,True
108728432,0.56400000,582.90000000,178324112,178324112,1782868365719407,True,True
108728433,0.56400000,63.50000000,178324113,178324113,1782868365727512,True,True
108728434,0.56400000,266.63000000,178324114,178324114,1782868365731503,True,True
108728435,0.56400000,90466.21000000,178324115,178324116,1782868365744021,True,True
108728436,0.56300000,600.31000000,178324117,178324121,1782868365764009,True,True
108728437,0.56300000,1580.00000000,178324122,178324125,1782868365854812,True,True
108728438,0.56200000,167.40000000,178324126,178324128,1782868365946155,True,True
108728439,0.56200000,162.80000000,178324129,178324129,1782868365954971,True,True
108728440,0.56200000,100.00000000,178324130,178324130,1782868366195287,True,True
108728441,0.56300000,4441.24000000,178324131,178324140,1782868366990710,False,True
108728442,0.56300000,2347.81000000,178324141,178324144,1782868367161348,False,True
108728443,0.56300000,633.74000000,178324145,178324145,1782868367167226,True,True
108728444,0.56300000,704.70000000,178324146,178324147,1782868367844770,False,True
108728445,0.56300000,549.44000000,178324148,178324149,1782868367850428,True,True
108728446,0.56300000,32.60000000,178324150,178324150,1782868367871422,True,True
108728447,0.56300000,32.60000000,178324151,178324151,1782868367896953,True,True
108728448,0.56300000,75.30000000,178324152,178324152,1782868367899213,True,True
108728449,0.56300000,70.60000000,178324153,178324153,1782868367918110,True,True
108728450,0.56300000,54.25000000,178324154,178324154,1782868368073372,True,True
108728451,0.56200000,256.85000000,178324155,178324156,1782868368073372,True,True
108728452,0.56200000,382.10000000,178324157,178324157,1782868368073375,True,True
108728453,0.56200000,160.10000000,178324158,178324158,1782868368079408,True,True
108728454,0.56300000,2133.81000000,178324159,178324161,1782868368101358,False,True
108728455,0.56300000,509.63000000,178324162,178324162,1782868368129060,True,True
108728456,0.56300000,139.90000000,178324163,178324163,1782868368158323,True,True
108728457,0.56300000,382.10000000,178324164,178324164,1782868368181705,True,True
108728458,0.56300000,311.10000000,178324165,178324165,1782868368181945,True,True
108728459,0.56200000,166.30000000,178324166,178324166,1782868368190069,True,True
108728460,0.56200000,479.13000000,178324167,178324169,1782868372877817,True,True
108728461,0.56200000,23.70000000,178324170,178324172,1782868372888955,True,True
108728462,0.56200000,94.37000000,178324173,178324174,1782868372954655,True,True
108728463,0.56200000,257.10000000,178324175,178324175,1782868372961564,True,True
108728464,0.56200000,54.50000000,178324176,178324176,1782868372961715,True,True
108728465,0.56200000,105.49000000,178324177,178324177,1782868372964654,True,True
108728466,0.56300000,3310.58000000,178324178,178324187,1782868374901512,False,True
108728467,0.56300000,1012.00000000,178324188,178324188,1782868374910900,True,True
108728468,0.56300000,90.70000000,178324189,178324189,1782868374939908,True,True
108728469,0.56300000,1783.30000000,178324190,178324190,1782868375039708,True,True
108728470,0.56300000,17.49000000,178324191,178324191,1782868375042778,True,True
108728471,0.56200000,45.20000000,178324192,178324192,1782868375084643,True,True
108728472,0.56200000,451.54000000,178324193,178324193,1782868375584668,True,True
108728473,0.56200000,44.81000000,178324194,178324194,1782868375593638,True,True
108728474,0.56200000,22.39000000,178324195,178324196,1782868375627174,True,True
108728475,0.56200000,300.40000000,178324197,178324197,1782868375819759,False,True
108728476,0.56200000,402.84000000,178324198,178324199,1782868375823082,True,True
108728477,0.56200000,1388.11000000,178324200,178324202,1782868375824289,True,True
108728478,0.56200000,149.41000000,178324203,178324203,1782868377505764,True,True
108728479,0.56200000,589.46000000,178324204,178324204,1782868380765223,False,True
108728480,0.56200000,889.42000000,178324205,178324209,1782868380765502,False,True
108728481,0.56200000,448.58000000,178324210,178324210,1782868381449249,True,True
108728482,0.56200000,27.00000000,178324211,178324211,1782868381463922,True,True
108728483,0.56200000,212.31000000,178324212,178324213,1782868381567355,True,True
108728484,0.56200000,345.06000000,178324214,178324214,1782868381570097,True,True
108728485,0.56100000,46.00000000,178324215,178324215,1782868381593272,True,True
108728486,0.56200000,137.00000000,178324216,178324216,1782868381664295,True,True
108728487,0.56200000,447.28000000,178324217,178324217,1782868382020176,True,True
108728488,0.56200000,144.99000000,178324218,178324218,1782868384323349,False,True
108728489,0.56100000,464.37000000,178324219,178324222,1782868387694039,True,True
108728490,0.56100000,1209.50000000,178324223,178324223,1782868387694109,True,True
108728491,0.56100000,9.90000000,178324224,178324224,1782868387697440,True,True
108728492,0.56100000,756.80000000,178324225,178324225,1782868387699244,True,True
108728493,0.56100000,766.70000000,178324226,178324226,1782868387699678,True,True
108728494,0.56100000,1092.19000000,178324227,178324227,1782868387705119,True,True
108728495,0.56100000,24.03000000,178324228,178324228,1782868387707483,True,True
108728496,0.56100000,13.20000000,178324229,178324229,1782868387713151,True,True
108728497,0.56100000,83.40000000,178324230,178324232,1782868387714806,True,True
108728498,0.56100000,67.30000000,178324233,178324235,1782868387750394,True,True
108728499,0.56100000,31.69000000,178324236,178324236,1782868387751726,True,True
108728500,0.56100000,28.75000000,178324237,178324237,1782868387773515,True,True
108728501,0.56100000,27.71000000,178324238,178324238,1782868387785102,True,True
108728502,0.56100000,13.70000000,178324239,178324239,1782868387789843,True,True
108728503,0.56100000,21.40000000,178324240,178324240,1782868387795996,True,True
108728504,0.56100000,29.83000000,178324241,178324242,1782868387808785,True,True
108728505,0.56100000,30.15000000,178324243,178324243,1782868387831950,True,True
108728506,0.56100000,31.79000000,178324244,178324244,1782868387843978,True,True
108728507,0.56100000,18.90000000,178324245,178324245,1782868387846103,True,True
108728508,0.56100000,24.42000000,178324246,178324246,1782868387861872,True,True
108728509,0.56100000,17.00000000,178324247,178324247,1782868387908208,True,True
108728510,0.56100000,18.30000000,178324248,178324248,1782868387999835,True,True
108728511,0.56100000,278.43000000,178324249,178324249,1782868388001584,True,True
108728512,0.56100000,42.94000000,178324250,178324251,1782868388043478,True,True
108728513,0.56100000,84.80000000,178324252,178324252,1782868388120066,True,True
108728514,0.56100000,446.33000000,178324253,178324253,1782868389699322,True,True
108728515,0.56100000,37.21000000,178324254,178324254,1782868389851619,False,True
108728516,0.56100000,99.79000000,178324255,178324255,1782868389855093,True,True
108728517,0.56100000,456.89000000,178324256,178324256,1782868390315757,True,True
108728518,0.56100000,951.00000000,178324257,178324257,1782868390319747,True,True
108728519,0.56100000,43.57000000,178324258,178324258,1782868390334959,True,True
108728520,0.56100000,74.44000000,178324259,178324259,1782868390376934,True,True
108728521,0.56100000,22.46000000,178324260,178324260,1782868390389813,True,True
108728522,0.56100000,1250.49000000,178324261,178324261,1782868390390862,True,True
108728523,0.56100000,1381.50000000,178324262,178324262,1782868390403238,True,True
108728524,0.56100000,64.12000000,178324263,178324263,1782868390404499,True,True
108728525,0.56100000,41.73000000,178324264,178324264,1782868390452820,True,True
108728526,0.56100000,86.55000000,178324265,178324265,1782868390471937,True,True
108728527,0.56100000,1202.09000000,178324266,178324266,1782868390478717,True,True
108728528,0.56100000,38.23000000,178324267,178324267,1782868390483421,True,True
108728529,0.56100000,19.71000000,178324268,178324268,1782868390495453,True,True
108728530,0.56100000,137.00000000,178324269,178324269,1782868390602179,True,True
108728531,0.56100000,137.00000000,178324270,178324270,1782868393627832,True,True
108728532,0.56000000,486.48000000,178324271,178324271,1782868394280281,True,True
108728533,0.56100000,2678.57000000,178324272,178324276,1782868394280281,False,True
108728534,0.56000000,170.75000000,178324277,178324277,1782868394340045,True,True
108728535,0.56000000,504.77000000,178324278,178324278,1782868394348595,True,True
108728536,0.56000000,478.73000000,178324279,178324279,1782868394350630,True,True
108728537,0.56000000,563.21000000,178324280,178324280,1782868394350925,True,True
108728538,0.56000000,205.48000000,178324281,178324281,1782868394351569,True,True
108728539,0.56000000,447.46000000,178324282,178324282,1782868394352038,True,True
108728540,0.56000000,153.01000000,178324283,178324283,1782868394353215,True,True
108728541,0.56000000,457.95000000,178324284,178324284,1782868394353594,True,True
108728542,0.56000000,369.53000000,178324285,178324287,1782868394354731,True,True
108728543,0.56000000,460.11000000,178324288,178324290,1782868394355632,True,True
108728544,0.56000000,318.94000000,178324291,178324291,1782868394357504,True,True
108728545,0.56000000,91.41000000,178324292,178324292,1782868394364409,True,True
108728546,0.56000000,125.42000000,178324293,178324293,1782868394376927,True,True
108728547,0.56000000,321.00000000,178324294,178324294,1782868394377247,True,True
108728548,0.56000000,17.90000000,178324295,178324295,1782868394394829,True,True
108728549,0.56000000,195.53000000,178324296,178324296,1782868394398931,True,True
108728550,0.56000000,250.32000000,178324297,178324297,1782868394399016,True,True
108728551,0.56000000,130.76000000,178324298,178324298,1782868394404724,True,True
108728552,0.56000000,312.50000000,178324299,178324299,1782868394412125,True,True
108728553,0.56000000,421.28000000,178324300,178324300,1782868394417749,True,True
108728554,0.56000000,18.00000000,178324301,178324301,1782868394418569,True,True
108728555,0.56000000,111.00000000,178324302,178324302,1782868394418734,True,True
108728556,0.56000000,87.00000000,178324303,178324303,1782868394419284,True,True
108728557,0.56000000,393.80000000,178324304,178324304,1782868394421391,True,True
108728558,0.56000000,208.97000000,178324305,178324305,1782868394423357,True,True
108728559,0.56000000,91.93000000,178324306,178324306,1782868394426455,True,True
108728560,0.56000000,304.72000000,178324307,178324307,1782868394427760,True,True
108728561,0.56000000,495.70000000,178324308,178324308,1782868394428244,True,True
108728562,0.56000000,277.51000000,178324309,178324309,1782868394430050,True,True
108728563,0.56000000,2080.89000000,178324310,178324310,1782868394430126,True,True
108728564,0.56000000,268.13000000,178324311,178324311,1782868394434837,True,True
108728565,0.56000000,174.56000000,178324312,178324312,1782868394435377,True,True
108728566,0.56000000,165.15000000,178324313,178324313,1782868394435830,True,True
108728567,0.56000000,177.98000000,178324314,178324314,1782868394435999,True,True
108728568,0.56000000,17845.09000000,178324315,178324320,1782868394514370,True,True
108728569,0.56000000,446.74000000,178324321,178324321,1782868394687314,True,True
108728570,0.56100000,5845.60000000,178324322,178324332,1782868396216483,False,True
108728571,0.56100000,151.24000000,178324333,178324333,1782868396219819,True,True
108728572,0.56100000,156.96000000,178324334,178324334,1782868396219897,True,True
108728573,0.56100000,826.47000000,178324335,178324335,1782868396220508,True,True
108728574,0.56100000,674.27000000,178324336,178324338,1782868396221434,True,True
108728575,0.56100000,40.80000000,178324339,178324339,1782868396224814,True,True
108728576,0.56100000,827.01000000,178324340,178324340,1782868396266133,True,True
108728577,0.56100000,6451.19000000,178324341,178324341,1782868396268091,True,True
108728578,0.56000000,121.20000000,178324342,178324342,1782868396269181,True,True
108728579,0.56000000,97.00000000,178324343,178324343,1782868396273988,True,True
108728580,0.56100000,516.21000000,178324344,178324346,1782868396366527,False,True
108728581,0.56000000,121.20000000,178324347,178324347,1782868396383214,True,True
108728582,0.56000000,121.20000000,178324348,178324348,1782868396402710,True,True
108728583,0.56000000,347.61000000,178324349,178324349,1782868398213997,True,True
108728584,0.56000000,477.27000000,178324350,178324350,1782868398214093,True,True
108728585,0.56000000,339.47000000,178324351,178324351,1782868398215712,True,True
108728586,0.56000000,1331.32000000,178324352,178324352,1782868398216296,True,True
108728587,0.56000000,531.50000000,178324353,178324353,1782868398217544,True,True
108728588,0.56000000,746.40000000,178324354,178324354,1782868398217730,True,True
108728589,0.56000000,109.78000000,178324355,178324355,1782868398228785,True,True
108728590,0.56000000,16.00000000,178324356,178324356,1782868398242823,True,True
108728591,0.56000000,27.10000000,178324357,178324357,1782868398254677,True,True
108728592,0.56000000,58.17000000,178324358,178324358,1782868398254914,True,True
108728593,0.56000000,209.49000000,178324359,178324359,1782868398268866,True,True
108728594,0.56000000,54.80000000,178324360,178324360,1782868398300908,True,True
108728595,0.56000000,45.10000000,178324361,178324361,1782868398305672,True,True
108728596,0.56000000,40.60000000,178324362,178324362,1782868398326726,True,True
108728597,0.56000000,61.61000000,178324363,178324363,1782868398328920,True,True
108728598,0.56000000,276.08000000,178324364,178324364,1782868398346096,True,True
108728599,0.56000000,126.92000000,178324365,178324365,1782868398346892,True,True
108728600,0.56000000,334.80000000,178324366,178324366,1782868398349297,True,True
108728601,0.56000000,49.81000000,178324367,178324367,1782868398358592,True,True
108728602,0.56000000,108.30000000,178324368,178324368,1782868398393919,True,True
108728603,0.56000000,53.20000000,178324369,178324369,1782868398401391,True,True
108728604,0.56000000,27.10000000,178324370,178324370,1782868398411602,True,True
108728605,0.56000000,768.10000000,178324371,178324371,1782868398437579,True,True
108728606,0.56000000,457.70000000,178324372,178324372,1782868398438426,True,True
108728607,0.56000000,768.10000000,178324373,178324373,1782868398438889,True,True
108728608,0.56000000,310.40000000,178324374,178324374,1782868398439307,True,True
108728609,0.56000000,47.02000000,178324375,178324375,1782868398440521,True,True
108728610,0.56000000,284.88000000,178324376,178324376,1782868398450572,True,True
108728611,0.56000000,213.54000000,178324377,178324377,1782868398452651,True,True
108728612,0.56000000,35.00000000,178324378,178324378,1782868398456052,True,True
108728613,0.56000000,50.75000000,178324379,178324379,1782868398456307,True,True
108728614,0.56000000,40.25000000,178324380,178324380,1782868398456340,True,True
108728615,0.56000000,36.75000000,178324381,178324381,1782868398456361,True,True
108728616,0.56000000,25.70000000,178324382,178324382,1782868398485354,True,True
108728617,0.56000000,25.90000000,178324383,178324383,1782868398519242,True,True
108728618,0.56000000,768.10000000,178324384,178324384,1782868398519287,True,True
108728619,0.56000000,768.10000000,178324385,178324385,1782868398519369,True,True
108728620,0.56000000,768.10000000,178324386,178324386,1782868398519490,True,True
108728621,0.56000000,357.54000000,178324387,178324387,1782868398519578,True,True
108728622,0.56000000,285.60000000,178324388,178324388,1782868398519644,True,True
108728623,0.56000000,4789.46000000,178324389,178324389,1782868398519673,True,True
108728624,0.56000000,809.30000000,178324390,178324390,1782868398519980,True,True
108728625,0.56000000,1675.72000000,178324391,178324391,1782868398520023,True,True
108728626,0.56000000,241.00000000,178324392,178324392,1782868398520057,True,True
108728627,0.56000000,1176.16000000,178324393,178324393,1782868398520096,True,True
108728628,0.56000000,228.00000000,178324394,178324394,1782868398520124,True,True
108728629,0.56000000,293.29000000,178324395,178324395,1782868398520473,True,True
108728630,0.56000000,1416.27000000,178324396,178324396,1782868398520600,True,True
108728631,0.56000000,910.00000000,178324397,178324397,1782868398520742,True,True
108728632,0.56000000,63.40000000,178324398,178324398,1782868398520996,True,True
108728633,0.56000000,286.44000000,178324399,178324399,1782868398521001,True,True
108728634,0.56000000,1387.41000000,178324400,178324400,1782868398521467,True,True
108728635,0.56000000,887.47000000,178324401,178324401,1782868398521543,True,True
108728636,0.56000000,72.65000000,178324402,178324402,1782868398523003,True,True
108728637,0.56000000,107.16000000,178324403,178324403,1782868398523240,True,True
108728638,0.56000000,1055.50000000,178324404,178324404,1782868398523523,True,True
108728639,0.56000000,33.25000000,178324405,178324405,1782868398525566,True,True
108728640,0.56000000,72.65000000,178324406,178324406,1782868398527683,True,True
108728641,0.56000000,134.13000000,178324407,178324407,1782868398527825,True,True
108728642,0.56000000,17.90000000,178324408,178324408,1782868398533231,True,True
108728643,0.56000000,1112.40000000,178324409,178324409,1782868398543303,True,True
108728644,0.56000000,810.00000000,178324410,178324410,1782868398543383,True,True
108728645,0.56000000,809.50000000,178324411,178324411,1782868398543604,True,True
108728646,0.56000000,317.28000000,178324412,178324412,1782868398543689,True,True
108728647,0.56000000,483.77000000,178324413,178324413,1782868398543764,True,True
108728648,0.56000000,265.40000000,178324414,178324414,1782868398543784,True,True
108728649,0.56000000,1212.40000000,178324415,178324415,1782868398543835,True,True
108728650,0.56000000,317.40000000,178324416,178324416,1782868398543855,True,True
108728651,0.56000000,768.10000000,178324417,178324417,1782868398545824,True,True
108728652,0.56000000,809.50000000,178324418,178324418,1782868398545862,True,True
108728653,0.56000000,285.80000000,178324419,178324419,1782868398546393,True,True
108728654,0.56000000,63.50000000,178324420,178324420,1782868398547098,True,True
108728655,0.56000000,3774.94000000,178324421,178324421,1782868398561555,True,True
108728656,0.56000000,113.33000000,178324422,178324422,1782868398562054,True,True
108728657,0.56000000,356.70000000,178324423,178324423,1782868398562530,True,True
108728658,0.56000000,79.71000000,178324424,178324424,1782868398562654,True,True
108728659,0.56000000,688.60000000,178324425,178324425,1782868398562658,True,True
108728660,0.56000000,1429.49000000,178324426,178324426,1782868398562753,True,True
108728661,0.56000000,411.40000000,178324427,178324427,1782868398562811,True,True
108728662,0.56000000,87.17000000,178324428,178324428,1782868398563168,True,True
108728663,0.56000000,79.50000000,178324429,178324429,1782868398563172,True,True
108728664,0.56000000,111.76000000,178324430,178324430,1782868398563218,True,True
108728665,0.56000000,728.80000000,178324431,178324431,1782868398563232,True,True
108728666,0.56000000,620.43000000,178324432,178324432,1782868398563529,True,True
108728667,0.56000000,299.70000000,178324433,178324433,1782868398563632,True,True
108728668,0.56000000,1374.17000000,178324434,178324434,1782868398563762,True,True
108728669,0.56000000,1425.16000000,178324435,178324435,1782868398563896,True,True
108728670,0.56000000,39.30000000,178324436,178324436,1782868398564129,True,True
108728671,0.56000000,4200.00000000,178324437,178324437,1782868398564495,True,True
108728672,0.56000000,326.50000000,178324438,178324438,1782868398564569,True,True
108728673,0.56000000,809.90000000,178324439,178324439,1782868398564618,True,True
108728674,0.56000000,317.50000000,178324440,178324440,1782868398564740,True,True
108728675,0.56000000,483.30000000,178324441,178324441,1782868398564816,True,True
108728676,0.56000000,483.90000000,178324442,178324442,1782868398564881,True,True
108728677,0.56000000,23.08000000,178324443,178324444,1782868398565089,True,True
108728678,0.55900000,294.42000000,178324445,178324446,1782868398565089,True,True
108728679,0.55900000,285.80000000,178324447,178324447,1782868398565146,True,True
108728680,0.55900000,1213.30000000,178324448,178324448,1782868398565333,True,True
108728681,0.55900000,768.10000000,178324449,178324451,1782868398565904,True,True
108728682,0.55900000,175.16000000,178324452,178324452,1782868398566854,True,True
108728683,0.55900000,100.00000000,178324453,178324453,1782868398656922,True,True
108728684,0.55900000,28.80000000,178324454,178324454,1782868398668538,True,True
108728685,0.55900000,26.00000000,178324455,178324455,1782868398754883,True,True
108728686,0.55900000,58.40000000,178324456,178324456,1782868398755946,True,True
108728687,0.55900000,29.30000000,178324457,178324457,1782868398837692,True,True
108728688,0.55900000,46.70000000,178324458,178324458,1782868398873186,True,True
108728689,0.55900000,46.70000000,178324459,178324459,1782868398909313,True,True
108728690,0.55900000,64.60000000,178324460,178324461,1782868399040230,True,True
108728691,0.56000000,4510.59000000,178324462,178324469,1782868399763610,False,True
108728692,0.56000000,609.50000000,178324470,178324471,1782868399766996,True,True
108728693,0.56000000,42.00000000,178324472,178324472,1782868399785535,True,True
108728694,0.56000000,608.99000000,178324473,178324473,1782868399812822,True,True
108728695,0.56000000,6433.53000000,178324474,178324474,1782868399814221,True,True
108728696,0.55900000,31.40000000,178324475,178324476,1782868399839767,True,True
108728697,0.56000000,313.89000000,178324477,178324477,1782868399910866,True,True
108728698,0.56000000,110.91000000,178324478,178324478,1782868399921967,True,True
108728699,0.56000000,38.70000000,178324479,178324479,1782868400011382,True,True
108728700,0.56000000,43.00000000,178324480,178324480,1782868400121896,True,True
108728701,0.56000000,376.20000000,178324481,178324481,1782868400293160,True,True
108728702,0.56000000,335.80000000,178324482,178324482,1782868400338020,True,True
108728703,0.56000000,184.08000000,178324483,178324483,1782868400608739,True,True
108728704,0.56000000,123.78000000,178324484,178324484,1782868400608998,True,True
108728705,0.56000000,1114.80000000,178324485,178324485,1782868400974113,True,True
108728706,0.56000000,455.77000000,178324486,178324486,1782868400979983,True,True
108728707,0.56000000,82.90000000,178324487,178324487,1782868401040285,True,True
108728708,0.56000000,231.88000000,178324488,178324488,1782868401053811,True,True
108728709,0.56000000,1250.49000000,178324489,178324489,1782868401055417,True,True
108728710,0.56000000,66.26000000,178324490,178324490,1782868401067010,True,True
108728711,0.56000000,40.67000000,178324491,178324491,1782868401161283,False,True
108728712,0.55900000,28.80000000,178324492,178324492,1782868401214668,True,True
108728713,0.56000000,19.84000000,178324493,178324493,1782868401252094,False,True
108728714,0.56000000,557.29000000,178324494,178324494,1782868401253797,True,True
108728715,0.56000000,32.60000000,178324495,178324495,1782868401323718,True,True
108728716,0.56000000,29.40000000,178324496,178324496,1782868401357117,True,True
108728717,0.56000000,709.02000000,178324497,178324498,1782868401891666,True,True
108728718,0.56000000,1128.40000000,178324499,178324499,1782868401891927,True,True
108728719,0.55900000,66.10000000,178324500,178324500,1782868401934058,True,True
108728720,0.56000000,66.40000000,178324501,178324501,1782868402137298,True,True
108728721,0.56000000,71.40000000,178324502,178324502,1782868403257824,True,True
108728722,0.56000000,41.20000000,178324503,178324503,1782868403359816,True,True
108728723,0.56000000,40.67000000,178324504,178324504,1782868403814244,False,True
108728724,0.55900000,488.07000000,178324505,178324506,1782868405294307,True,True
108728725,0.55900000,43.41000000,178324507,178324507,1782868405301869,True,True
108728726,0.55900000,30.91000000,178324508,178324510,1782868405319173,True,True
108728727,0.55900000,254.43000000,178324511,178324512,1782868405365232,True,True
108728728,0.55900000,23.69000000,178324513,178324513,1782868405495690,True,True
108728729,0.55900000,45.30000000,178324514,178324514,1782868405505304,True,True
108728730,0.55900000,40.63000000,178324515,178324515,1782868405532450,True,True
108728731,0.56000000,173.37000000,178324516,178324516,1782868405809474,False,True
108728732,0.56000000,35.93000000,178324517,178324517,1782868406453339,False,True
108728733,0.56000000,1318.97000000,178324518,178324520,1782868409327672,False,True
108728734,0.56000000,1236.06000000,178324521,178324526,1782868412499545,False,True
108728735,0.56000000,177.20000000,178324527,178324527,1782868412545019,True,True
108728736,0.56000000,32.60000000,178324528,178324528,1782868412745445,True,True
108728737,0.56000000,17.33000000,178324529,178324529,1782868414207009,False,True
108728738,0.56000000,17.39000000,178324530,178324530,1782868414789110,True,True
108728739,0.55900000,13.10000000,178324531,178324531,1782868415451453,True,True
108728740,0.56000000,1263.05000000,178324532,178324537,1782868417312745,False,True
108728741,0.56000000,1002.00000000,178324538,178324538,1782868417316336,True,True
108728742,0.56000000,486.91000000,178324539,178324539,1782868417317980,True,True
108728743,0.56000000,17.85000000,178324540,178324540,1782868417326519,False,True
108728744,0.56000000,39.30000000,178324541,178324541,1782868417491452,True,True
108728745,0.56000000,1420.03000000,178324542,178324544,1782868420968530,False,True
108728746,0.56000000,569.57000000,178324545,178324545,1782868420972363,True,True
108728747,0.56000000,37.40000000,178324546,178324546,1782868421015120,True,True
108728748,0.56000000,29.00000000,178324547,178324547,1782868421110110,True,True
108728749,0.56000000,37.40000000,178324548,178324548,1782868421145226,True,True
108728750,0.56000000,30.80000000,178324549,178324549,1782868421148147,True,True
108728751,0.55900000,29.00000000,178324550,178324551,1782868421152794,True,True
108728752,0.55900000,29.00000000,178324552,178324552,1782868421174507,True,True
108728753,0.56000000,47.40000000,178324553,178324553,1782868421210862,True,True
108728754,0.56000000,647.77000000,178324554,178324555,1782868423175931,False,True
108728755,0.56000000,523.17000000,178324556,178324556,1782868423181906,True,True
108728756,0.56000000,13.50000000,178324557,178324557,1782868423218122,True,True
108728757,0.56000000,37.24000000,178324558,178324558,1782868424076587,True,True
108728758,0.56100000,1643.24000000,178324559,178324564,1782868427591536,False,True
108728759,0.56100000,39.50000000,178324565,178324566,1782868427618531,True,True
108728760,0.56100000,43.90000000,178324567,178324567,1782868427626465,True,True
108728761,0.56200000,123.77000000,178324568,178324570,1782868429815844,False,True
108728762,0.56300000,414.17000000,178324571,178324576,1782868434044393,False,True
108728763,0.56300000,455.61000000,178324577,178324577,1782868434048295,True,True
108728764,0.56300000,1453.80000000,178324578,178324579,1782868434083384,True,True
108728765,0.56400000,421.64000000,178324580,178324586,1782868438505530,False,True
108728766,0.56500000,137.00000000,178324587,178324587,1782868441477561,False,True
108728767,0.56500000,1858.52000000,178324588,178324595,1782868441478187,False,True
108728768,0.56500000,142.67000000,178324596,178324596,1782868441478792,False,True
108728769,0.56500000,100.00000000,178324597,178324597,1782868442160183,True,True
108728770,0.56500000,1628.16000000,178324598,178324600,1782868442211886,False,True
108728771,0.56500000,55.51000000,178324601,178324601,1782868442490573,True,True
108728772,0.56500000,611.83000000,178324602,178324603,1782868442867189,True,True
108728773,0.56500000,1698.46000000,178324604,178324607,1782868442867575,True,True
108728774,0.56500000,2274.42000000,178324608,178324612,1782868442870136,False,True
108728775,0.56500000,710.46000000,178324613,178324614,1782868442870754,False,True
108728776,0.56500000,3784.58000000,178324615,178324615,1782868442871516,False,True
108728777,0.56500000,453.15000000,178324616,178324616,1782868442874930,True,True
108728778,0.56500000,593.69000000,178324617,178324617,1782868442996032,False,True
108728779,0.56600000,35.33000000,178324618,178324618,1782868443599351,False,True
108728780,0.56400000,495.25000000,178324619,178324619,1782868453314826,True,True
108728781,0.56400000,22.88000000,178324620,178324621,1782868453317907,True,True
108728782,0.56400000,56.28000000,178324622,178324622,1782868463675097,True,True
108728783,0.56300000,20.96000000,178324623,178324623,1782868472689952,True,True
108728784,0.56300000,137.00000000,178324624,178324626,1782868476688937,True,True
108728785,0.56300000,1025.92000000,178324627,178324629,1782868479587863,False,True
108728786,0.56300000,12.42000000,178324630,178324630,1782868483967972,False,True
108728787,0.56400000,4020.89000000,178324631,178324634,1782868492512373,False,True
108728788,0.56400000,2396.28000000,178324635,178324635,1782868492513672,False,True
108728789,0.56400000,395.66000000,178324636,178324636,1782868492514080,False,True
108728790,0.56400000,835.43000000,178324637,178324637,1782868492514825,False,True
108728791,0.56400000,488.13000000,178324638,178324638,1782868492514928,False,True
108728792,0.56400000,838.66000000,178324639,178324639,1782868492515989,False,True
108728793,0.56400000,333.83000000,178324640,178324640,1782868492517394,False,True
108728794,0.56400000,570.88000000,178324641,178324641,1782868492556062,False,True
108728795,0.56400000,296.31000000,178324642,178324642,1782868492557098,False,True
108728796,0.56400000,270.36000000,178324643,178324643,1782868492558252,False,True
108728797,0.56400000,1767.68000000,178324644,178324644,1782868492565813,False,True
108728798,0.56400000,965.75000000,178324645,178324645,1782868492566956,False,True
108728799,0.56400000,694.33000000,178324646,178324646,1782868492568352,False,True
108728800,0.56400000,449.20000000,178324647,178324647,1782868492569462,False,True
108728801,0.56400000,290.33000000,178324648,178324648,1782868492570890,False,True
108728802,0.56400000,499.00000000,178324649,178324649,1782868492625731,False,True
108728803,0.56400000,280.69000000,178324650,178324651,1782868492627003,False,True
108728804,0.56400000,391.43000000,178324652,178324655,1782868492669804,False,True
108728805,0.56400000,9.00000000,178324656,178324656,1782868496710850,False,True
108728806,0.56400000,1858.46000000,178324657,178324660,1782868496713861,True,True
108728807,0.56400000,3379.78000000,178324661,178324661,1782868498120606,False,True
108728808,0.56500000,137.00000000,178324662,178324662,1782868501402382,False,True
108728809,0.56500000,266.27000000,178324663,178324667,1782868501406735,False,True
108728810,0.56500000,84.94000000,178324668,178324668,1782868501412683,True,True
108728811,0.56500000,84.94000000,178324669,178324669,1782868501412741,True,True
108728812,0.56600000,662.93000000,178324670,178324677,1782868508994884,False,True
108728813,0.56700000,115.00000000,178324678,178324678,1782868511103375,False,True
108728814,0.56700000,137.00000000,178324679,178324679,1782868511103608,False,True
108728815,0.56700000,348.50000000,178324680,178324685,1782868511104228,False,True
108728816,0.56600000,9.88000000,178324686,178324686,1782868513909356,True,True
108728817,0.56500000,31.80000000,178324687,178324687,1782868513934074,True,True
108728818,0.56600000,726.41000000,178324688,178324689,1782868516340053,False,True
108728819,0.56600000,175.00000000,178324690,178324690,1782868534113502,True,True
108728820,0.56700000,19.96000000,178324691,178324691,1782868538505317,False,True
108728821,0.56700000,44.32000000,178324692,178324692,1782868538777055,False,True
108728822,0.56700000,19.77000000,178324693,178324693,1782868543732053,False,True
108728823,0.56700000,300.24000000,178324694,178324694,1782868544941371,False,True
108728824,0.56700000,3343.40000000,178324695,178324704,1782868544946633,False,True
108728825,0.56600000,77.01000000,178324705,178324705,1782868548911872,True,True
108728826,0.56700000,19.51000000,178324706,178324706,1782868551461363,False,True
108728827,0.56600000,461.49000000,178324707,178324707,1782868559504964,True,True
108728828,0.56600000,23.25000000,178324708,178324709,1782868559518554,True,True
108728829,0.56600000,57.28000000,178324710,178324710,1782868559539464,True,True
108728830,0.56600000,1.12000000,178324711,178324711,1782868559540485,True,True
108728831,0.56600000,1767.62000000,178324712,178324712,1782868559674150,False,True
108728832,0.56600000,19.48000000,178324713,178324713,1782868569880451,False,True
108728833,0.56500000,35.38000000,178324714,178324715,1782868573264372,True,True
108728834,0.56500000,157.24000000,178324716,178324717,1782868578017530,True,True
108728835,0.56500000,1743.30000000,178324718,178324719,1782868578018059,True,True
108728836,0.56400000,137.00000000,178324720,178324720,1782868586594516,True,True
108728837,0.56400000,272.39000000,178324721,178324722,1782868586596675,True,True
108728838,0.56400000,7129.50000000,178324723,178324727,1782868586626945,False,True
108728839,0.56400000,559.53000000,178324728,178324729,1782868586629915,True,True
108728840,0.56400000,137.00000000,178324730,178324730,1782868591501459,True,True
108728841,0.56400000,125.47000000,178324731,178324731,1782868591502547,True,True
108728842,0.56400000,265.95000000,178324732,178324734,1782868591802808,False,True
108728843,0.56300000,90.89000000,178324735,178324735,1782868594089354,True,True
108728844,0.56300000,137.00000000,178324736,178324736,1782868596552213,True,True
108728845,0.56400000,19.05000000,178324737,178324737,1782868597925664,False,True
108728846,0.56400000,19.77000000,178324738,178324738,1782868598771688,False,True
108728847,0.56300000,454.85000000,178324739,178324742,1782868602972419,True,True
108728848,0.56300000,61.85000000,178324743,178324743,1782868602977055,True,True
108728849,0.56300000,523.89000000,178324744,178324745,1782868607539512,True,True
108728850,0.56300000,44.06000000,178324746,178324746,1782868607586035,True,True
108728851,0.56300000,29.87000000,178324747,178324747,1782868607610095,True,True
108728852,0.56300000,44.40000000,178324748,178324748,1782868617553691,False,True
108728853,0.56300000,1216.33000000,178324749,178324750,1782868619209142,False,True
108728854,0.56300000,518.02000000,178324751,178324752,1782868622171394,True,True
108728855,0.56300000,33.25000000,178324753,178324753,1782868622662100,False,True
108728856,0.56300000,137.00000000,178324754,178324754,1782868622680990,False,True
108728857,0.56300000,17.77000000,178324755,178324755,1782868624543946,False,True
108728858,0.56300000,271.78000000,178324756,178324756,1782868624968867,False,True
108728859,0.56300000,100.19000000,178324757,178324757,1782868626401403,True,True
108728860,0.56300000,2655.07000000,178324758,178324760,1782868629024882,True,True
108728861,0.56300000,16515.51000000,178324761,178324775,1782868631424344,True,True
108728862,0.56400000,1979.62000000,178324776,178324782,1782868640058851,False,True
108728863,0.56400000,137.00000000,178324783,178324784,1782868649986242,True,True
108728864,0.56400000,490.53000000,178324785,178324785,1782868650003033,True,True
108728865,0.56400000,17.52000000,178324786,178324786,1782868650006145,True,True
108728866,0.56400000,30.33000000,178324787,178324787,1782868650013311,True,True
108728867,0.56400000,167.21000000,178324788,178324788,1782868650147738,True,True
108728868,0.56400000,447.17000000,178324789,178324790,1782868651225193,True,True
108728869,0.56400000,137.00000000,178324791,178324791,1782868651227128,True,True
108728870,0.56400000,231.23000000,178324792,178324792,1782868651229527,True,True
108728871,0.56400000,837.96000000,178324793,178324793,1782868651230082,True,True
108728872,0.56400000,259.03000000,178324794,178324794,1782868651230102,True,True
108728873,0.56400000,2737.63000000,178324795,178324802,1782868651912993,False,True
108728874,0.56400000,408.78000000,178324803,178324803,1782868651915767,True,True
108728875,0.56400000,17.27000000,178324804,178324804,1782868652666127,True,True
108728876,0.56400000,100.00000000,178324805,178324806,1782868653541315,False,True
108728877,0.56400000,19.24000000,178324807,178324807,1782868653572612,False,True
108728878,0.56400000,19.35000000,178324808,178324808,1782868655329689,False,True
108728879,0.56300000,146.94000000,178324809,178324810,1782868658032025,True,True
108728880,0.56300000,99.75000000,178324811,178324812,1782868658954794,False,True
108728881,0.56300000,545.78000000,178324813,178324814,1782868659221345,False,True
108728882,0.56300000,17.71000000,178324815,178324815,1782868661857229,False,True
108728883,0.56300000,530.10000000,178324816,178324816,1782868661858604,True,True
108728884,0.56300000,1777.10000000,178324817,178324817,1782868663064033,False,True
108728885,0.56400000,3013.53000000,178324818,178324819,1782868678746955,False,True
108728886,0.56400000,17.74000000,178324820,178324820,1782868678756146,False,True
108728887,0.56400000,2767.06000000,178324821,178324825,1782868683985170,False,True
108728888,0.56500000,17.16000000,178324826,178324826,1782868689219989,False,True
108728889,0.56400000,445.46000000,178324827,178324828,1782868689563609,True,True
108728890,0.56400000,1773.76000000,178324829,178324829,1782868711910642,False,True
108728891,0.56500000,1383.70000000,178324830,178324836,1782868715891222,False,True
108728892,0.56500000,279.27000000,178324837,178324838,1782868715892094,False,True
108728893,0.56500000,262.47000000,178324839,178324839,1782868718031138,False,True
108728894,0.56500000,535.90000000,178324840,178324841,1782868718975957,True,True
108728895,0.56500000,262.47000000,178324842,178324842,1782868728205030,True,True
108728896,0.56600000,30.00000000,178324843,178324843,1782868734033589,False,True
108728897,0.56600000,19.87000000,178324844,178324844,1782868741615279,False,True
108728898,0.56600000,353.67000000,178324845,178324847,1782868747760485,False,True
108728899,0.56600000,638.04000000,178324848,178324850,1782868747760554,False,True
108728900,0.56700000,1897.85000000,178324851,178324866,1782868774839577,False,True
108728901,0.56700000,776.85000000,178324867,178324868,1782868774843810,True,True
108728902,0.56700000,447.71000000,178324869,178324869,1782868781721356,True,True
108728903,0.56700000,124.78000000,178324870,178324870,1782868781734665,True,True
108728904,0.56700000,18875.14000000,178324871,178324891,1782868798753140,True,True
108728905,0.56700000,43.02000000,178324892,178324892,1782868802180907,True,True
108728906,0.56700000,10.00000000,178324893,178324893,1782868803652801,True,True
108728907,0.56700000,137.00000000,178324894,178324894,1782868823588576,True,True
108728908,0.56700000,506.03000000,178324895,178324896,1782868823612939,True,True
108728909,0.56700000,28.96000000,178324897,178324897,1782868823621044,True,True
108728910,0.56700000,41.24000000,178324898,178324898,1782868823632777,True,True
108728911,0.56700000,21.75000000,178324899,178324899,1782868823655902,True,True
108728912,0.56700000,61.98000000,178324900,178324900,1782868823670011,True,True
108728913,0.56700000,39.73000000,178324901,178324901,1782868823687660,True,True
108728914,0.56700000,42.69000000,178324902,178324902,1782868823733185,True,True
108728915,0.56700000,26.12000000,178324903,178324903,1782868823777665,True,True
108728916,0.56700000,10078.45000000,178324904,178324911,1782868829142718,False,True
108728917,0.56700000,573.70000000,178324912,178324912,1782868829151438,True,True
108728918,0.56700000,442.64000000,178324913,178324915,1782868830760498,True,True
108728919,0.56700000,80.18000000,178324916,178324916,1782868831728752,False,True
108728920,0.56700000,56.82000000,178324917,178324917,1782868831743195,False,True
108728921,0.56700000,506.16000000,178324918,178324918,1782868831745269,True,True
108728922,0.56800000,21.67000000,178324919,178324920,1782868849389950,False,True
108728923,0.56700000,449.50000000,178324921,178324921,1782868851212666,True,True
108728924,0.56700000,128.30000000,178324922,178324922,1782868851228719,True,True
108728925,0.56700000,98.77000000,178324923,178324923,1782868851243086,True,True
108728926,0.56700000,137.00000000,178324924,178324924,1782868858092631,False,True
108728927,0.56700000,484.78000000,178324925,178324926,1782868858100206,True,True
108728928,0.56700000,10224.61000000,178324927,178324933,1782868858734845,True,True
108728929,0.56600000,934.73000000,178324934,178324935,1782868858734845,True,True
108728930,0.56700000,640.67000000,178324936,178324936,1782868858738859,False,True
108728931,0.56700000,279.65000000,178324937,178324938,1782868861265651,True,True
108728932,0.56700000,906.47000000,178324939,178324940,1782868861941630,False,True
108728933,0.56700000,17.18000000,178324941,178324941,1782868861943703,False,True
108728934,0.56700000,469.20000000,178324942,178324942,1782868863051211,True,True
108728935,0.56800000,21.07000000,178324943,178324943,1782868864801851,False,True
108728936,0.56800000,10998.35000000,178324944,178324959,1782868892157479,False,True
108728937,0.56800000,12.00000000,178324960,178324960,1782868902048163,False,True
108728938,0.56700000,262.47000000,178324961,178324961,1782868906543202,False,True
108728939,0.56700000,604.78000000,178324962,178324963,1782868920013430,True,True
108728940,0.56700000,498.66000000,178324964,178324965,1782868920015396,True,True
108728941,0.56700000,262.47000000,178324966,178324966,1782868923918248,False,True
108728942,0.56800000,144.17000000,178324967,178324971,1782868951219362,False,True
108728943,0.56800000,84.49000000,178324972,178324972,1782868951222862,True,True
108728944,0.56800000,84.49000000,178324973,178324973,1782868951224739,True,True
108728945,0.56800000,137.00000000,178324974,178324974,1782868956508905,False,True
108728946,0.56800000,213.55000000,178324975,178324975,1782868961606768,True,True
108728947,0.56800000,131.00000000,178324976,178324976,1782868981620615,True,True
108728948,0.56800000,1643.24000000,178324977,178324978,1782868981623305,True,True
108728949,0.56800000,96.75000000,178324979,178324979,1782868981623700,True,True
108728950,0.56800000,436.50000000,178324980,178324982,1782868982738397,False,True
108728951,0.56800000,367.82000000,178324983,178324984,1782868983560026,True,True
108728952,0.56800000,288.41000000,178324985,178324985,1782868983671660,True,True
108728953,0.56800000,262.47000000,178324986,178324986,1782868986634647,True,True
108728954,0.56800000,262.47000000,178324987,178324987,1782868989035020,True,True
108728955,0.56800000,137.00000000,178324988,178324988,1782868990184691,False,True
108728956,0.56800000,137.00000000,178324989,178324989,1782868991094828,True,True
108728957,0.56700000,17142.06000000,178324990,178325013,1782868991094828,True,True
108728958,0.56800000,1157.68000000,178325014,178325016,1782868992111900,False,True
108728959,0.56700000,29.06000000,178325017,178325018,1782869016801168,True,True
108728960,0.56700000,86.36000000,178325019,178325019,1782869042219657,False,True
108728961,0.56600000,44.34000000,178325020,178325020,1782869052894909,True,True
108728962,0.56600000,21.05000000,178325021,178325021,1782869056007935,True,True
108728963,0.56700000,3162.10000000,178325022,178325024,1782869058207398,False,True
108728964,0.56800000,344.60000000,178325025,178325026,1782869058210247,False,True
108728965,0.56800000,759.90000000,178325027,178325028,1782869058210278,False,True
108728966,0.56800000,759.90000000,178325029,178325029,1782869058210280,False,True
108728967,0.56700000,137.00000000,178325030,178325030,1782869103490354,False,True
108728968,0.56700000,638.20000000,178325031,178325032,1782869103492100,False,True
108728969,0.56700000,86.17000000,178325033,178325033,1782869106000510,True,True
108728970,0.56700000,137.00000000,178325034,178325034,1782869122974104,True,True
108728971,0.56700000,596.97000000,178325035,178325036,1782869122977053,True,True
108728972,0.56700000,13.20000000,178325037,178325038,1782869124077669,False,True
108728973,0.56600000,9.88000000,178325039,178325039,1782869160512178,True,True
108728974,0.56600000,99.00000000,178325040,178325040,1782869163931380,False,True
108728975,0.56600000,38.00000000,178325041,178325041,1782869163931448,False,True
108728976,0.56600000,128.00000000,178325042,178325043,1782869163931696,False,True
108728977,0.56600000,14.62000000,178325044,178325044,1782869163932413,False,True
108728978,0.56700000,442.81000000,178325045,178325045,1782869185679275,False,True
108728979,0.56700000,1176.23000000,178325046,178325049,1782869185681428,False,True
108728980,0.56700000,472.71000000,178325050,178325050,1782869188288772,True,True
108728981,0.56700000,262.47000000,178325051,178325051,1782869194676057,False,True
108728982,0.56700000,262.47000000,178325052,178325052,1782869223668336,False,True
108728983,0.56700000,137.00000000,178325053,178325053,1782869236171346,True,True
108728984,0.56700000,137.00000000,178325054,178325055,1782869236177339,True,True
108728985,0.56700000,17.62000000,178325056,178325056,1782869236178364,True,True
108728986,0.56700000,137.00000000,178325057,178325057,1782869236179950,True,True
108728987,0.56700000,14.07000000,178325058,178325058,1782869236180201,True,True
108728988,0.56700000,25.83000000,178325059,178325059,1782869240639571,False,True
108728989,0.56700000,36.11000000,178325060,178325060,1782869258269888,False,True
108728990,0.56600000,269.88000000,178325061,178325061,1782869263173159,True,True
108728991,0.56800000,9.73000000,178325062,178325062,1782869281973519,False,True
108728992,0.56800000,43.18000000,178325063,178325063,1782869285801263,False,True
108728993,0.56700000,137.00000000,178325064,178325064,1782869288415556,True,True
108728994,0.56700000,125.47000000,178325065,178325065,1782869288421978,True,True
108728995,0.56700000,469.51000000,178325066,178325067,1782869292428732,True,True
108728996,0.56700000,466.43000000,178325068,178325068,1782869317923478,True,True
108728997,0.56700000,137.00000000,178325069,178325069,1782869339677458,False,True
108728998,0.56700000,137.00000000,178325070,178325070,1782869339679620,False,True
108728999,0.56700000,17.50000000,178325071,178325071,1782869339681877,False,True
108729000,0.56700000,244.97000000,178325072,178325072,1782869339901949,False,True
108729001,0.56800000,272.37000000,178325073,178325074,1782869413743153,False,True
108729002,0.56800000,61.60000000,178325075,178325075,1782869413745647,True,True
108729003,0.56800000,61.60000000,178325076,178325076,1782869413745947,True,True
108729004,0.56800000,88.32000000,178325077,178325077,1782869431333842,True,True
108729005,0.56900000,597.60000000,178325078,178325081,1782869440762261,False,True
108729006,0.56900000,1147.32000000,178325082,178325084,1782869440762276,False,True
108729007,0.56900000,1000.00000000,178325085,178325091,1782869446107655,True,True
108729008,0.56900000,137.00000000,178325092,178325092,1782869449036181,True,True
108729009,0.56900000,17.55000000,178325093,178325093,1782869449038529,True,True
108729010,0.56900000,107.92000000,178325094,178325094,1782869449039583,True,True
108729011,0.56900000,86.24000000,178325095,178325095,1782869462181674,False,True
108729012,0.56900000,137.00000000,178325096,178325097,1782869463271273,False,True
108729013,0.56900000,168.46000000,178325098,178325098,1782869463273163,False,True
108729014,0.56900000,4517.14000000,178325099,178325102,1782869476855711,True,True
108729015,0.56900000,972.93000000,178325103,178325104,1782869520122955,False,True
108729016,0.57000000,19.46000000,178325105,178325105,1782869552255152,False,True
108729017,0.56900000,137.00000000,178325106,178325106,1782869582678025,True,True
108729018,0.56900000,125.47000000,178325107,178325107,1782869582681330,True,True
108729019,0.56800000,9.72000000,178325108,178325108,1782869584949099,True,True
108729020,0.56900000,14.00000000,178325109,178325109,1782869601089902,True,True
108729021,0.56900000,123.00000000,178325110,178325110,1782869601089990,True,True
108729022,0.56900000,147.00000000,178325111,178325111,1782869601090033,True,True
108729023,0.56900000,262.47000000,178325112,178325112,1782869601216340,True,True
108729024,0.56900000,6645.93000000,178325113,178325120,1782869617412351,False,True
108729025,0.56800000,270.16000000,178325121,178325124,1782869661098938,True,True
108729026,0.56800000,1207.74000000,178325125,178325127,1782869664413968,True,True
108729027,0.56800000,744.09000000,178325128,178325129,1782869665307353,False,True
108729028,0.56800000,451.43000000,178325130,178325131,1782869667179683,True,True
108729029,0.56800000,81.76000000,178325132,178325132,1782869667184151,True,True
108729030,0.56800000,55.24000000,178325133,178325133,1782869667184219,True,True
108729031,0.56800000,399.47000000,178325134,178325135,1782869670531229,True,True
108729032,0.56800000,710.46000000,178325136,178325136,1782869670763093,False,True
108729033,0.56900000,17.90000000,178325137,178325137,1782869687277126,False,True
108729034,0.56800000,15.40000000,178325138,178325138,1782869688737950,True,True
108729035,0.56900000,1480.93000000,178325139,178325146,1782869737982205,False,True
108729036,0.56900000,1009.77000000,178325147,178325148,1782869737982871,False,True
108729037,0.56900000,128.15000000,178325149,178325150,1782869744157073,True,True
108729038,0.56900000,86.28000000,178325151,178325151,1782869762233283,True,True
108729039,0.57000000,11.95000000,178325152,178325152,1782869824436827,False,True
108729040,0.56900000,14.58000000,178325153,178325153,1782869837386048,True,True
108729041,0.56900000,402.96000000,178325154,178325156,1782869837704186,True,True
108729042,0.56900000,22.11000000,178325157,178325157,1782869890320247,True,True
108729043,0.57000000,876.83000000,178325158,178325164,1782869908928003,False,True
108729044,0.57000000,674.36000000,178325165,178325166,1782869908932475,False,True
108729045,0.57000000,605.07000000,178325167,178325167,1782869908945284,True,True
108729046,0.57000000,137.00000000,178325168,178325168,1782869909122130,True,True
108729047,0.57000000,607.64000000,178325169,178325170,1782869910833802,True,True
108729048,0.57000000,262.47000000,178325171,178325171,1782869911443232,False,True
108729049,0.57000000,137.00000000,178325172,178325172,1782869913802052,True,True
108729050,0.57000000,137.00000000,178325173,178325173,1782869913803672,True,True
108729051,0.57000000,472.50000000,178325174,178325174,1782869914942058,False,True
108729052,0.57000000,468.18000000,178325175,178325175,1782869914950147,True,True
108729053,0.57100000,218.61000000,178325176,178325178,1782869927632175,False,True
108729054,0.57200000,383.04000000,178325179,178325184,1782869944271980,False,True
108729055,0.57300000,832.05000000,178325185,178325192,1782869946495415,False,True
108729056,0.57300000,83.75000000,178325193,178325193,1782869946509654,True,True
108729057,0.57300000,83.75000000,178325194,178325194,1782869946509944,True,True
108729058,0.57300000,17.45000000,178325195,178325195,1782869950700042,True,True
108729059,0.57300000,17.08000000,178325196,178325196,1782869953891074,True,True
108729060,0.57300000,137.00000000,178325197,178325197,1782869959801539,True,True
108729061,0.57300000,2483.48000000,178325198,178325199,1782869959875972,True,True
108729062,0.57300000,137.00000000,178325200,178325200,1782869959876001,True,True
108729063,0.57300000,181.25000000,178325201,178325201,1782869959877504,True,True
108729064,0.57300000,4200.00000000,178325202,178325205,1782869961270482,False,True
108729065,0.57300000,2132.55000000,178325206,178325206,1782869961270556,False,True
108729066,0.57300000,1225.57000000,178325207,178325207,1782869961271798,False,True
108729067,0.57300000,39.36000000,178325208,178325208,1782869961273805,True,True
108729068,0.57300000,1068.61000000,178325209,178325210,1782869961538173,True,True
108729069,0.57300000,114.35000000,178325211,178325211,1782869961538270,True,True
108729070,0.57300000,451.20000000,178325212,178325212,1782869961697876,False,True
108729071,0.57300000,333.18000000,178325213,178325214,1782869964031869,True,True
108729072,0.57300000,710.46000000,178325215,178325215,1782869964331958,False,True
108729073,0.57400000,79.52000000,178325216,178325220,1782869969203729,False,True
108729074,0.57400000,321.78000000,178325221,178325221,1782869970544620,True,True
108729075,0.57400000,168.00000000,178325222,178325222,1782869970661341,True,True
108729076,0.57400000,94.47000000,178325223,178325223,1782869970661398,True,True
108729077,0.57300000,9.70000000,178325224,178325224,1782869971765943,True,True
108729078,0.57400000,654.00000000,178325225,178325225,1782869986010803,False,True
108729079,0.57400000,346.27000000,178325226,178325227,1782869988563158,True,True
108729080,0.57400000,15.00000000,178325228,178325228,1782869994007746,True,True
108729081,0.57400000,202.00000000,178325229,178325229,1782869994008144,True,True
108729082,0.57400000,45.00000000,178325230,178325230,1782869994010572,True,True
108729083,0.57400000,0.47000000,178325231,178325231,1782869994012185,True,True
108729084,0.57400000,440.47000000,178325232,178325233,1782869996142733,True,True
108729085,0.57400000,454.25000000,178325234,178325234,1782869996512050,True,True
108729086,0.57400000,200.53000000,178325235,178325236,1782869996636431,True,True
108729087,0.57400000,64.63000000,178325237,178325237,1782869996669610,True,True
108729088,0.57400000,60.32000000,178325238,178325238,1782869996688586,True,True
108729089,0.57400000,31.91000000,178325239,178325239,1782869996701871,True,True
108729090,0.57400000,51.41000000,178325240,178325240,1782869996728053,True,True
108729091,0.57400000,39.24000000,178325241,178325241,1782869996749594,True,True
108729092,0.57400000,27.34000000,178325242,178325242,1782869996770782,True,True
108729093,0.57400000,28.33000000,178325243,178325243,1782869996791038,True,True
108729094,0.57400000,448.19000000,178325244,178325244,1782869997081012,True,True
108729095,0.57400000,79.99000000,178325245,178325245,1782869997131304,True,True
108729096,0.57400000,56.38000000,178325246,178325246,1782869997163258,True,True
108729097,0.57400000,141.88000000,178325247,178325247,1782869997247190,True,True
108729098,0.57400000,170.46000000,178325248,178325248,1782869997344907,True,True
108729099,0.57400000,429.23000000,178325249,178325249,1782869997590365,True,True
108729100,0.57400000,89.87000000,178325250,178325250,1782869997603546,True,True
108729101,0.57400000,287.10000000,178325251,178325251,1782869997605060,True,True
108729102,0.57400000,141.29000000,178325252,178325252,1782869997605570,True,True
108729103,0.57400000,25.13000000,178325253,178325253,1782869997629390,True,True
108729104,0.57400000,23.47000000,178325254,178325254,1782869997652989,True,True
108729105,0.57400000,41.96000000,178325255,178325255,1782869997676992,True,True
108729106,0.57400000,487.16000000,178325256,178325256,1782869997792192,True,True
108729107,0.57400000,1259.38000000,178325257,178325257,1782869997793936,True,True
108729108,0.57400000,216.58000000,178325258,178325258,1782869997795768,True,True
108729109,0.57400000,12455.93000000,178325259,178325259,1782869997796783,True,True
