14520211,0.10860000,1904.10000000,32542168,32542172,1782864001178155,False,True
14520212,0.10870000,91.90000000,32542173,32542174,1782864002989105,False,True
14520213,0.10860000,232.00000000,32542175,32542176,1782864009864139,True,True
14520214,0.10870000,1038.40000000,32542177,32542178,1782864012212542,False,True
14520215,0.10870000,198.10000000,32542179,32542180,1782864013060522,True,True
14520216,0.10870000,48.30000000,32542181,32542181,1782864024071740,False,True
14520217,0.10870000,225.90000000,32542182,32542182,1782864026066198,True,True
14520218,0.10870000,222.10000000,32542183,32542184,1782864041853164,True,True
14520219,0.10870000,48.30000000,32542185,32542185,1782864041856752,True,True
14520220,0.10880000,69.00000000,32542186,32542187,1782864056317996,False,True
14520221,0.10880000,4024.50000000,32542188,32542188,1782864056319391,False,True
14520222,0.10880000,623.60000000,32542189,32542190,1782864056319612,False,True
14520223,0.10890000,4984.40000000,32542191,32542199,1782864056320030,False,True
14520224,0.10890000,48.30000000,32542200,32542200,1782864056322427,True,True
14520225,0.10890000,2713.40000000,32542201,32542204,1782864056327795,False,True
14520226,0.10880000,230.80000000,32542205,32542205,1782864056728173,True,True
14520227,0.10880000,1260.50000000,32542206,32542208,1782864064031256,True,True
14520228,0.10880000,169.00000000,32542209,32542209,1782864064187899,False,True
14520229,0.10870000,237.10000000,32542210,32542210,1782864072254578,True,True
14520230,0.10870000,236.30000000,32542211,32542213,1782864087244128,True,True
14520231,0.10860000,98.10000000,32542214,32542215,1782864099262391,True,True
14520232,0.10850000,224.10000000,32542216,32542216,1782864102865229,True,True
14520233,0.10860000,48.30000000,32542217,32542217,1782864110871891,False,True
14520234,0.10860000,223.60000000,32542218,32542218,1782864118771087,True,True
14520235,0.10870000,159.40000000,32542219,32542221,1782864118776563,False,True
14520236,0.10860000,2259.30000000,32542222,32542226,1782864119092236,True,True
14520237,0.10860000,47.00000000,32542227,32542227,1782864127467193,False,True
14520238,0.10860000,47.00000000,32542228,32542228,1782864127470953,False,True
14520239,0.10850000,235.50000000,32542229,32542229,1782864134154787,True,True
14520240,0.10850000,223.90000000,32542230,32542230,1782864148639143,True,True
14520241,0.10850000,220.80000000,32542231,32542232,1782864164155578,True,True
14520242,0.10850000,234.70000000,32542233,32542233,1782864179139394,True,True
14520243,0.10870000,148.00000000,32542234,32542234,1782864183927790,False,True
14520244,0.10850000,234.90000000,32542235,32542235,1782864194758146,True,True
14520245,0.10860000,236.70000000,32542236,32542236,1782864209338571,True,True
14520246,0.10860000,226.50000000,32542237,32542237,1782864225043381,True,True
14520247,0.10860000,2049.00000000,32542238,32542242,1782864225890526,True,True
14520248,0.10860000,47.20000000,32542243,32542243,1782864225892163,True,True
14520249,0.10850000,1178.80000000,32542244,32542247,1782864225991396,True,True
14520250,0.10850000,989.90000000,32542248,32542248,1782864227369343,False,True
14520251,0.10850000,0.10000000,32542249,32542249,1782864227479696,False,True
14520252,0.10860000,989.80000000,32542250,32542250,1782864227479696,False,True
14520253,0.10850000,92.20000000,32542251,32542251,1782864227483558,False,True
14520254,0.10850000,48.30000000,32542252,32542252,1782864227483636,False,True
14520255,0.10850000,76.00000000,32542253,32542253,1782864227834296,False,True
14520256,0.10860000,76.00000000,32542254,32542255,1782864228134621,False,True
14520257,0.10850000,6876.80000000,32542256,32542257,1782864238771706,True,True
14520258,0.10850000,47.20000000,32542258,32542258,1782864238773145,True,True
14520259,0.10840000,1602.80000000,32542259,32542260,1782864238775707,True,True
14520260,0.10850000,402.30000000,32542261,32542261,1782864238793099,False,True
14520261,0.10840000,220.20000000,32542262,32542262,1782864239946058,True,True
14520262,0.10850000,47.30000000,32542263,32542263,1782864253243113,False,True
14520263,0.10860000,49.90000000,32542264,32542264,1782864253564630,False,True
14520264,0.10860000,225.20000000,32542265,32542265,1782864254842654,True,True
14520265,0.10860000,236.40000000,32542266,32542266,1782864269640187,True,True
14520266,0.10860000,226.10000000,32542267,32542268,1782864284139032,True,True
14520267,0.10860000,230.30000000,32542269,32542269,1782864299653693,True,True
14520268,0.10860000,218.90000000,32542270,32542270,1782864314642096,True,True
14520269,0.10860000,5220.00000000,32542271,32542273,1782864317332414,True,True
14520270,0.10860000,552.70000000,32542274,32542274,1782864317349356,False,True
14520271,0.10850000,49.80000000,32542275,32542275,1782864329342186,True,True
14520272,0.10840000,177.90000000,32542276,32542276,1782864329342186,True,True
14520273,0.10860000,2749.20000000,32542277,32542277,1782864337056880,False,True
14520274,0.10860000,5916.50000000,32542278,32542280,1782864337057140,False,True
14520275,0.10870000,149.30000000,32542281,32542282,1782864337154704,False,True
14520276,0.10870000,231.40000000,32542283,32542283,1782864344033364,True,True
14520277,0.10870000,91.90000000,32542284,32542284,1782864344035857,True,True
14520278,0.10870000,16.10000000,32542285,32542285,1782864344035995,True,True
14520279,0.10860000,234.00000000,32542286,32542287,1782864359040573,True,True
14520280,0.10860000,350.80000000,32542288,32542288,1782864360274222,True,True
14520281,0.10850000,1039.80000000,32542289,32542290,1782864361665911,True,True
14520282,0.10840000,139.80000000,32542291,32542291,1782864361665911,True,True
14520283,0.10840000,138.50000000,32542292,32542292,1782864363934262,True,True
14520284,0.10840000,241.10000000,32542293,32542294,1782864375165293,True,True
14520285,0.10840000,935.30000000,32542295,32542297,1782864378508562,True,True
14520286,0.10850000,50.00000000,32542298,32542298,1782864388218092,False,True
14520287,0.10860000,2334.80000000,32542299,32542302,1782864389538869,False,True
14520288,0.10860000,935.30000000,32542303,32542303,1782864389540353,False,True
14520289,0.10860000,239.90000000,32542304,32542304,1782864389634792,True,True
14520290,0.10870000,4827.50000000,32542305,32542308,1782864390699775,False,True
14520291,0.10860000,223.10000000,32542309,32542309,1782864405257743,True,True
14520292,0.10850000,226.50000000,32542310,32542310,1782864421155801,True,True
14520293,0.10850000,210.20000000,32542311,32542312,1782864433095343,True,True
14520294,0.10840000,434.00000000,32542313,32542313,1782864434719021,True,True
14520295,0.10840000,224.00000000,32542314,32542314,1782864436178963,True,True
14520296,0.10840000,3074.50000000,32542315,32542322,1782864436495690,True,True
14520297,0.10840000,3673.10000000,32542323,32542323,1782864444102830,False,True
14520298,0.10840000,223.90000000,32542324,32542324,1782864451036691,True,True
14520299,0.10830000,240.60000000,32542325,32542326,1782864465542753,True,True
14520300,0.10830000,1065.30000000,32542327,32542329,1782864474677626,True,True
14520301,0.10820000,2566.40000000,32542330,32542334,1782864474698698,True,True
14520302,0.10810000,1127.30000000,32542335,32542336,1782864474698698,True,True
14520303,0.10830000,6640.60000000,32542337,32542340,1782864474925046,False,True
14520304,0.10820000,494.20000000,32542341,32542342,1782864476824034,True,True
14520305,0.10820000,224.90000000,32542343,32542343,1782864480639768,True,True
14520306,0.10830000,728.40000000,32542344,32542344,1782864481127751,False,True
14520307,0.10820000,486.60000000,32542345,32542345,1782864481171548,False,True
14520308,0.10820000,5619.50000000,32542346,32542349,1782864481187489,False,True
14520309,0.10830000,460.10000000,32542350,32542350,1782864481190730,False,True
14520310,0.10820000,533.80000000,32542351,32542352,1782864481227171,True,True
14520311,0.10820000,368.10000000,32542353,32542353,1782864481255356,False,True
14520312,0.10810000,6857.20000000,32542354,32542358,1782864481302173,True,True
14520313,0.10820000,1220.50000000,32542359,32542359,1782864481331858,False,True
14520314,0.10820000,601.30000000,32542360,32542360,1782864481334733,False,True
14520315,0.10820000,799.30000000,32542361,32542361,1782864481335136,False,True
14520316,0.10820000,1220.50000000,32542362,32542363,1782864481413972,False,True
14520317,0.10820000,1697.80000000,32542364,32542367,1782864481435292,False,True
14520318,0.10830000,735.20000000,32542368,32542368,1782864481435292,False,True
14520319,0.10830000,635.60000000,32542369,32542369,1782864481557214,False,True
14520320,0.10830000,7408.60000000,32542370,32542376,1782864481685122,False,True
14520321,0.10830000,1523.40000000,32542377,32542377,1782864481877300,False,True
14520322,0.10820000,1443.00000000,32542378,32542379,1782864486629244,True,True
14520323,0.10810000,1573.60000000,32542380,32542381,1782864489066168,True,True
14520324,0.10820000,989.90000000,32542382,32542382,1782864489444211,False,True
14520325,0.10820000,989.90000000,32542383,32542383,1782864489452459,False,True
14520326,0.10820000,0.10000000,32542384,32542384,1782864490442205,False,True
14520327,0.10830000,989.80000000,32542385,32542386,1782864490442205,False,True
14520328,0.10820000,989.90000000,32542387,32542387,1782864490802311,False,True
14520329,0.10820000,0.10000000,32542388,32542388,1782864490904025,False,True
14520330,0.10830000,989.80000000,32542389,32542390,1782864490904025,False,True
14520331,0.10820000,989.90000000,32542391,32542391,1782864491357434,False,True
14520332,0.10820000,0.10000000,32542392,32542392,1782864491400106,False,True
14520333,0.10830000,989.80000000,32542393,32542393,1782864491400106,False,True
14520334,0.10830000,1979.80000000,32542394,32542395,1782864491623401,False,True
14520335,0.10820000,1700.00000000,32542396,32542397,1782864491627060,True,True
14520336,0.10820000,234.60000000,32542398,32542398,1782864495443235,True,True
14520337,0.10820000,989.90000000,32542399,32542399,1782864495853323,False,True
14520338,0.10820000,0.10000000,32542400,32542400,1782864495922019,False,True
14520339,0.10830000,989.80000000,32542401,32542401,1782864495922019,False,True
14520340,0.10820000,989.90000000,32542402,32542402,1782864496112726,False,True
14520341,0.10810000,926.80000000,32542403,32542403,1782864496897743,True,True
14520342,0.10810000,5536.50000000,32542404,32542413,1782864497060477,True,True
14520343,0.10810000,990.00000000,32542414,32542414,1782864497065091,True,True
14520344,0.10810000,989.90000000,32542415,32542415,1782864497443345,False,True
14520345,0.10810000,990.00000000,32542416,32542416,1782864497476768,False,True
14520346,0.10820000,989.80000000,32542417,32542417,1782864497476768,False,True
14520347,0.10810000,1443.00000000,32542418,32542419,1782864497536963,True,True
14520348,0.10820000,6777.70000000,32542420,32542424,1782864497698158,False,True
14520349,0.10810000,1443.00000000,32542425,32542426,1782864497702762,True,True
14520350,0.10810000,207.20000000,32542427,32542427,1782864497709873,True,True
14520351,0.10820000,653.60000000,32542428,32542428,1782864497851805,False,True
14520352,0.10820000,6777.60000000,32542429,32542433,1782864497992019,False,True
14520353,0.10820000,8324.60000000,32542434,32542441,1782864498112728,False,True
14520354,0.10810000,733.00000000,32542442,32542442,1782864498116308,True,True
14520355,0.10820000,930.60000000,32542443,32542443,1782864498258814,False,True
14520356,0.10820000,2875.80000000,32542444,32542444,1782864498359011,False,True
14520357,0.10820000,1197.20000000,32542445,32542446,1782864498672424,False,True
14520358,0.10820000,782.80000000,32542447,32542447,1782864498699399,False,True
14520359,0.10810000,4244.90000000,32542448,32542452,1782864498923925,True,True
14520360,0.10810000,1855.50000000,32542453,32542455,1782864498934385,False,True
14520361,0.10810000,682.10000000,32542456,32542456,1782864499333400,False,True
14520362,0.10800000,5447.60000000,32542457,32542459,1782864499637824,True,True
14520363,0.10790000,519.70000000,32542460,32542461,1782864499724551,True,True
14520364,0.10800000,596.60000000,32542462,32542462,1782864499969846,False,True
14520365,0.10800000,990.00000000,32542463,32542463,1782864500867800,True,True
14520366,0.10790000,905.90000000,32542464,32542465,1782864500867800,True,True
14520367,0.10800000,990.00000000,32542466,32542466,1782864500871008,True,True
14520368,0.10790000,1651.20000000,32542467,32542467,1782864502010119,True,True
14520369,0.10800000,224.60000000,32542468,32542468,1782864510036650,True,True
14520370,0.10800000,228.30000000,32542469,32542469,1782864524522653,True,True
14520371,0.10810000,760.20000000,32542470,32542471,1782864527893143,False,True
14520372,0.10810000,47.40000000,32542472,32542472,1782864527893699,False,True
14520373,0.10820000,50.10000000,32542473,32542473,1782864530313900,False,True
14520374,0.10810000,4340.50000000,32542474,32542483,1782864535934298,True,True
14520375,0.10800000,241.70000000,32542484,32542484,1782864540165498,True,True
14520376,0.10810000,224.60000000,32542485,32542485,1782864556057677,True,True
14520377,0.10810000,423.60000000,32542486,32542487,1782864560088532,True,True
14520378,0.10800000,1754.30000000,32542488,32542491,1782864560088532,True,True
14520379,0.10800000,160.70000000,32542492,32542493,1782864564707701,True,True
14520380,0.10800000,232.30000000,32542494,32542494,1782864571590572,True,True
14520381,0.10800000,229.10000000,32542495,32542495,1782864587050270,True,True
14520382,0.10800000,233.60000000,32542496,32542496,1782864601673357,True,True
14520383,0.10810000,4250.50000000,32542497,32542500,1782864617025629,False,True
14520384,0.10810000,229.20000000,32542501,32542501,1782864617051236,True,True
14520385,0.10820000,50.10000000,32542502,32542502,1782864617143772,False,True
14520386,0.10830000,5528.60000000,32542503,32542504,1782864618312580,False,True
14520387,0.10840000,50.00000000,32542505,32542505,1782864618915433,False,True
14520388,0.10850000,2198.90000000,32542506,32542508,1782864620303368,False,True
14520389,0.10840000,1082.30000000,32542509,32542510,1782864628418179,True,True
14520390,0.10830000,237.80000000,32542511,32542511,1782864631945486,True,True
14520391,0.10830000,5319.50000000,32542512,32542515,1782864632124722,True,True
14520392,0.10830000,477.60000000,32542516,32542516,1782864633665915,False,True
14520393,0.10830000,2618.80000000,32542517,32542520,1782864633805023,False,True
14520394,0.10830000,181.30000000,32542521,32542522,1782864637727331,False,True
14520395,0.10830000,2433.00000000,32542523,32542525,1782864637825631,True,True
14520396,0.10820000,4299.00000000,32542526,32542531,1782864637825631,True,True
14520397,0.10830000,47.30000000,32542532,32542532,1782864639081621,True,True
14520398,0.10820000,503.60000000,32542533,32542534,1782864639081621,True,True
14520399,0.10820000,231.60000000,32542535,32542536,1782864646640536,True,True
14520400,0.10820000,4016.70000000,32542537,32542544,1782864646791660,True,True
14520401,0.10830000,472.60000000,32542545,32542545,1782864646936681,False,True
14520402,0.10820000,472.60000000,32542546,32542546,1782864646938338,False,True
14520403,0.10820000,517.40000000,32542547,32542547,1782864646955637,False,True
14520404,0.10820000,2579.00000000,32542548,32542548,1782864647075253,True,True
14520405,0.10810000,990.00000000,32542549,32542549,1782864647472150,True,True
14520406,0.10800000,3791.60000000,32542550,32542553,1782864648735839,True,True
14520407,0.10800000,1103.10000000,32542554,32542555,1782864650141840,True,True
14520408,0.10790000,6152.90000000,32542556,32542560,1782864651352509,True,True
14520409,0.10790000,1120.20000000,32542561,32542563,1782864651421124,True,True
14520410,0.10780000,483.80000000,32542564,32542565,1782864651481899,True,True
14520411,0.10780000,3964.30000000,32542566,32542570,1782864651507979,False,True
14520412,0.10770000,5622.00000000,32542571,32542573,1782864652742360,True,True
14520413,0.10760000,129.40000000,32542574,32542575,1782864652742360,True,True
14520414,0.10760000,2029.90000000,32542576,32542577,1782864652868989,True,True
14520415,0.10760000,303.70000000,32542578,32542578,1782864652925281,False,True
14520416,0.10760000,990.00000000,32542579,32542580,1782864653289310,False,True
14520417,0.10760000,413.00000000,32542581,32542582,1782864653289520,False,True
14520418,0.10770000,990.00000000,32542583,32542583,1782864653289718,False,True
14520419,0.10770000,434.00000000,32542584,32542584,1782864653636317,False,True
14520420,0.10750000,3390.40000000,32542585,32542588,1782864653911430,True,True
14520421,0.10760000,4153.90000000,32542589,32542592,1782864653960411,False,True
14520422,0.10770000,333.00000000,32542593,32542594,1782864654752353,False,True
14520423,0.10770000,244.00000000,32542595,32542595,1782864654825995,False,True
14520424,0.10760000,2292.80000000,32542596,32542598,1782864655053076,True,True
14520425,0.10760000,6790.30000000,32542599,32542607,1782864656196716,True,True
14520426,0.10750000,1972.80000000,32542608,32542609,1782864656196716,True,True
14520427,0.10770000,51.30000000,32542610,32542611,1782864656530888,False,True
14520428,0.10760000,560.30000000,32542612,32542612,1782864657339432,True,True
14520429,0.10760000,1057.70000000,32542613,32542615,1782864658480361,True,True
14520430,0.10760000,333.00000000,32542616,32542616,1782864659621079,True,True
14520431,0.10770000,1443.00000000,32542617,32542618,1782864660797096,False,True
14520432,0.10760000,241.00000000,32542619,32542619,1782864662754728,True,True
14520433,0.10770000,177.00000000,32542620,32542620,1782864666278779,False,True
14520434,0.10780000,813.00000000,32542621,32542622,1782864666282264,False,True
14520435,0.10780000,239.40000000,32542623,32542623,1782864678556148,True,True
14520436,0.10790000,50.30000000,32542624,32542624,1782864687091037,False,True
14520437,0.10800000,4349.70000000,32542625,32542626,1782864687657708,False,True
14520438,0.10800000,885.70000000,32542627,32542627,1782864687658046,False,True
14520439,0.10800000,224.50000000,32542628,32542628,1782864693954292,True,True
14520440,0.10790000,238.50000000,32542629,32542629,1782864709657690,True,True
14520441,0.10800000,220.80000000,32542630,32542630,1782864724742093,True,True
14520442,0.10790000,237.40000000,32542631,32542631,1782864740549912,True,True
14520443,0.10790000,222.50000000,32542632,32542632,1782864756655865,True,True
14520444,0.10790000,1473.80000000,32542633,32542635,1782864758874790,True,True
14520445,0.10790000,667.40000000,32542636,32542637,1782864758896622,False,True
14520446,0.10790000,3887.00000000,32542638,32542640,1782864759063632,False,True
14520447,0.10790000,240.70000000,32542641,32542641,1782864771639041,True,True
14520448,0.10800000,50.20000000,32542642,32542642,1782864779085991,False,True
14520449,0.10790000,235.50000000,32542643,32542643,1782864787758315,True,True
14520450,0.10790000,241.20000000,32542644,32542644,1782864802538268,True,True
14520451,0.10800000,375.40000000,32542645,32542645,1782864810911734,False,True
14520452,0.10800000,1976.60000000,32542646,32542650,1782864812015320,True,True
14520453,0.10800000,227.30000000,32542651,32542651,1782864818460425,True,True
14520454,0.10810000,1040.20000000,32542652,32542653,1782864822417840,False,True
14520455,0.10810000,47.40000000,32542654,32542654,1782864822417953,False,True
14520456,0.10810000,233.30000000,32542655,32542655,1782864833139617,True,True
14520457,0.10820000,4690.00000000,32542656,32542657,1782864840615701,False,True
14520458,0.10830000,50.10000000,32542658,32542658,1782864844866649,False,True
14520459,0.10840000,50.00000000,32542659,32542659,1782864845531930,False,True
14520460,0.10840000,224.10000000,32542660,32542660,1782864847841408,True,True
14520461,0.10840000,237.30000000,32542661,32542661,1782864863555537,True,True
14520462,0.10840000,237.50000000,32542662,32542663,1782864878539586,True,True
14520463,0.10840000,229.80000000,32542664,32542664,1782864893948853,True,True
14520464,0.10850000,5212.10000000,32542665,32542667,1782864894268663,False,True
14520465,0.10860000,1039.90000000,32542668,32542668,1782864894404427,False,True
14520466,0.10870000,2158.90000000,32542669,32542671,1782864895397333,False,True
14520467,0.10870000,100.00000000,32542672,32542672,1782864895866509,True,True
14520468,0.10870000,2367.70000000,32542673,32542675,1782864896797427,False,True
14520469,0.10860000,55.30000000,32542676,32542676,1782864898022320,True,True
14520470,0.10860000,6466.40000000,32542677,32542682,1782864901365556,True,True
14520471,0.10860000,870.50000000,32542683,32542685,1782864901367696,True,True
14520472,0.10860000,47.20000000,32542686,32542686,1782864901368735,True,True
14520473,0.10860000,355.90000000,32542687,32542687,1782864901384048,False,True
14520474,0.10850000,231.40000000,32542688,32542689,1782864909855753,True,True
14520475,0.10840000,231.00000000,32542690,32542690,1782864925461602,True,True
14520476,0.10840000,232.00000000,32542691,32542691,1782864940139832,True,True
14520477,0.10840000,236.50000000,32542692,32542693,1782864944669460,True,True
14520478,0.10830000,240.30000000,32542694,32542694,1782864956155314,True,True
14520479,0.10830000,220.00000000,32542695,32542696,1782864971648163,True,True
14520480,0.10830000,240.70000000,32542697,32542697,1782864987452157,True,True
14520481,0.10840000,50.20000000,32542698,32542698,1782864998381655,False,True
14520482,0.10830000,236.80000000,32542699,32542700,1782865002539126,True,True
14520483,0.10840000,95.80000000,32542701,32542702,1782865005460635,False,True
14520484,0.10840000,239.80000000,32542703,32542703,1782865017139554,True,True
14520485,0.10840000,229.50000000,32542704,32542704,1782865031623931,True,True
14520486,0.10840000,48.50000000,32542705,32542705,1782865032565140,True,True
14520487,0.10840000,198.00000000,32542706,32542707,1782865044389277,False,True
14520488,0.10850000,3294.10000000,32542708,32542710,1782865044390984,False,True
14520489,0.10850000,2356.10000000,32542711,32542712,1782865044391230,False,True
14520490,0.10860000,98.40000000,32542713,32542714,1782865044521983,False,True
14520491,0.10870000,1038.50000000,32542715,32542716,1782865045903142,False,True
14520492,0.10880000,1111.20000000,32542717,32542719,1782865046012368,False,True
14520493,0.10870000,238.80000000,32542720,32542722,1782865046744606,True,True
14520494,0.10880000,4644.90000000,32542723,32542728,1782865047139486,False,True
14520495,0.10890000,4017.10000000,32542729,32542732,1782865047139486,False,True
14520496,0.10880000,48.30000000,32542733,32542733,1782865062251951,True,True
14520497,0.10870000,175.60000000,32542734,32542734,1782865062251951,True,True
14520498,0.10870000,98.00000000,32542735,32542736,1782865064363340,True,True
14520499,0.10860000,99.20000000,32542737,32542739,1782865066109341,True,True
14520500,0.10860000,231.10000000,32542740,32542740,1782865077148658,True,True
14520501,0.10860000,990.00000000,32542741,32542741,1782865083597818,False,True
14520502,0.10860000,227.80000000,32542742,32542742,1782865091649360,True,True
14520503,0.10860000,224.00000000,32542743,32542743,1782865107656673,True,True
14520504,0.10860000,2672.60000000,32542744,32542744,1782865121927301,True,True
14520505,0.10860000,190.00000000,32542745,32542745,1782865121928542,True,True
14520506,0.10850000,49.80000000,32542746,32542746,1782865123252196,True,True
14520507,0.10840000,181.70000000,32542747,32542747,1782865123252196,True,True
14520508,0.10840000,92.30000000,32542748,32542748,1782865123252196,True,True
14520509,0.10860000,990.00000000,32542749,32542749,1782865123552732,False,True
14520510,0.10860000,453.00000000,32542750,32542750,1782865123652486,False,True
14520511,0.10860000,586.90000000,32542751,32542752,1782865123841814,False,True
14520512,0.10860000,353.20000000,32542753,32542753,1782865123975175,False,True
14520513,0.10860000,1089.80000000,32542754,32542756,1782865124092808,False,True
14520514,0.10870000,3826.10000000,32542757,32542762,1782865124092808,False,True
14520515,0.10850000,229.10000000,32542763,32542763,1782865139359291,True,True
14520516,0.10860000,364.20000000,32542764,32542764,1782865140948654,False,True
14520517,0.10860000,2585.20000000,32542765,32542765,1782865140949889,False,True
14520518,0.10850000,219.50000000,32542766,32542766,1782865154142946,True,True
14520519,0.10850000,220.70000000,32542767,32542767,1782865170697344,True,True
14520520,0.10850000,224.80000000,32542768,32542768,1782865186154605,True,True
14520521,0.10850000,237.30000000,32542769,32542770,1782865201994772,True,True
14520522,0.10850000,61.90000000,32542771,32542771,1782865209411839,True,True
14520523,0.10850000,222.10000000,32542772,32542772,1782865217503786,True,True
14520524,0.10860000,222.40000000,32542773,32542773,1782865232042559,True,True
14520525,0.10860000,225.90000000,32542774,32542774,1782865247039484,True,True
14520526,0.10860000,990.00000000,32542775,32542775,1782865251001809,False,True
14520527,0.10870000,49.90000000,32542776,32542776,1782865260347633,False,True
14520528,0.10870000,990.00000000,32542777,32542777,1782865260350330,False,True
14520529,0.10870000,229.60000000,32542778,32542778,1782865263153726,True,True
14520530,0.10870000,232.50000000,32542779,32542779,1782865278852004,True,True
14520531,0.10860000,226.60000000,32542780,32542780,1782865293838016,True,True
14520532,0.10860000,222.20000000,32542781,32542781,1782865309854429,True,True
14520533,0.10860000,572.40000000,32542782,32542784,1782865312605900,True,True
14520534,0.10860000,348.70000000,32542785,32542785,1782865312662139,False,True
14520535,0.10860000,224.10000000,32542786,32542786,1782865324540170,True,True
14520536,0.10850000,241.30000000,32542787,32542788,1782865339337559,True,True
14520537,0.10850000,230.30000000,32542789,32542789,1782865366700918,True,True
14520538,0.10870000,759.90000000,32542790,32542791,1782865380591838,False,True
14520539,0.10860000,238.50000000,32542792,32542792,1782865382351338,True,True
14520540,0.10870000,236.90000000,32542793,32542794,1782865398135164,True,True
14520541,0.10870000,477.90000000,32542795,32542795,1782865398202642,False,True
14520542,0.10870000,229.20000000,32542796,32542796,1782865413142123,True,True
14520543,0.10880000,424.00000000,32542797,32542798,1782865421611700,False,True
14520544,0.10880000,230.80000000,32542799,32542799,1782865429150232,True,True
14520545,0.10890000,4676.90000000,32542800,32542801,1782865435719619,False,True
14520546,0.10890000,1498.50000000,32542802,32542805,1782865435719638,False,True
14520547,0.10900000,990.00000000,32542806,32542806,1782865436242472,False,True
14520548,0.10890000,303.50000000,32542807,32542807,1782865436428296,True,True
14520549,0.10900000,528.60000000,32542808,32542808,1782865441800307,False,True
14520550,0.10900000,422.80000000,32542809,32542809,1782865441828901,False,True
14520551,0.10890000,239.30000000,32542810,32542810,1782865444141011,True,True
14520552,0.10890000,219.40000000,32542811,32542811,1782865459550616,True,True
14520553,0.10890000,231.20000000,32542812,32542812,1782865474433663,True,True
14520554,0.10890000,232.40000000,32542813,32542813,1782865490250051,True,True
14520555,0.10900000,221.40000000,32542814,32542814,1782865505349180,True,True
14520556,0.10900000,2528.30000000,32542815,32542818,1782865505739572,True,True
14520557,0.10900000,720.30000000,32542819,32542819,1782865505752686,False,True
14520558,0.10900000,4400.00000000,32542820,32542820,1782865505795973,False,True
14520559,0.10900000,13200.00000000,32542821,32542821,1782865505796122,False,True
14520560,0.10900000,5301.70000000,32542822,32542822,1782865505796212,False,True
14520561,0.10900000,951.40000000,32542823,32542823,1782865505797134,False,True
14520562,0.10900000,6062.20000000,32542824,32542824,1782865505797396,False,True
14520563,0.10890000,231.70000000,32542825,32542825,1782865520440151,True,True
14520564,0.10890000,219.70000000,32542826,32542827,1782865535944730,True,True
14520565,0.10890000,520.00000000,32542828,32542829,1782865539926125,True,True
14520566,0.10890000,524.00000000,32542830,32542831,1782865539942415,True,True
14520567,0.10890000,344.40000000,32542832,32542832,1782865540016620,True,True
14520568,0.10880000,236.70000000,32542833,32542833,1782865551356766,True,True
14520569,0.10890000,230.20000000,32542834,32542834,1782865565840645,True,True
14520570,0.10890000,223.30000000,32542835,32542835,1782865581858168,True,True
14520571,0.10880000,218.90000000,32542836,32542836,1782865597248925,True,True
14520572,0.10890000,990.00000000,32542837,32542837,1782865602978281,False,True
14520573,0.10890000,1212.20000000,32542838,32542838,1782865603540728,True,True
14520574,0.10880000,341.00000000,32542839,32542840,1782865605150539,True,True
14520575,0.10880000,221.10000000,32542841,32542841,1782865613145755,True,True
14520576,0.10890000,373.30000000,32542842,32542842,1782865626614244,False,True
14520577,0.10890000,1443.00000000,32542843,32542844,1782865627101815,True,True
14520578,0.10880000,223.00000000,32542845,32542846,1782865628858458,True,True
14520579,0.10870000,223.80000000,32542847,32542847,1782865644548731,True,True
14520580,0.10880000,237.60000000,32542848,32542848,1782865660449823,True,True
14520581,0.10880000,227.80000000,32542849,32542849,1782865675947319,True,True
14520582,0.10890000,1836.50000000,32542850,32542852,1782865684977657,False,True
14520583,0.10890000,49.80000000,32542853,32542853,1782865684982087,False,True
14520584,0.10890000,226.00000000,32542854,32542854,1782865691654815,True,True
14520585,0.10890000,220.50000000,32542855,32542855,1782865706235259,True,True
14520586,0.10890000,238.20000000,32542856,32542856,1782865720837069,True,True
14520587,0.10900000,49.70000000,32542857,32542857,1782865725757918,False,True
14520588,0.10900000,219.70000000,32542858,32542858,1782865735536888,True,True
14520589,0.10910000,5583.20000000,32542859,32542861,1782865740259567,False,True
14520590,0.10910000,222.80000000,32542862,32542862,1782865750551101,True,True
14520591,0.10920000,49.60000000,32542863,32542863,1782865755951186,False,True
14520592,0.10910000,223.10000000,32542864,32542864,1782865766149802,True,True
14520593,0.10910000,232.70000000,32542865,32542865,1782865780640931,True,True
14520594,0.10920000,222.90000000,32542866,32542866,1782865795438266,True,True
14520595,0.10920000,660.00000000,32542867,32542867,1782865795486556,False,True
14520596,0.10920000,229.10000000,32542868,32542868,1782865811154156,True,True
14520597,0.10910000,228.50000000,32542869,32542870,1782865825838064,True,True
14520598,0.10910000,227.90000000,32542871,32542871,1782865841848783,True,True
14520599,0.10930000,457.40000000,32542872,32542873,1782865845300447,False,True
14520600,0.10920000,5185.20000000,32542874,32542874,1782865848648687,True,True
14520601,0.10910000,219.90000000,32542875,32542875,1782865857253049,True,True
14520602,0.10920000,239.90000000,32542876,32542876,1782865873052649,True,True
14520603,0.10920000,228.50000000,32542877,32542877,1782865889064159,True,True
14520604,0.10930000,96.50000000,32542878,32542879,1782865891331116,False,True
14520605,0.10920000,237.10000000,32542880,32542880,1782865904754278,True,True
14520606,0.10920000,226.90000000,32542881,32542881,1782865919739061,True,True
14520607,0.10920000,227.60000000,32542882,32542883,1782865934640696,True,True
14520608,0.10930000,48.10000000,32542884,32542884,1782865949748385,False,True
14520609,0.10930000,236.60000000,32542885,32542886,1782865950649316,True,True
14520610,0.10940000,5359.30000000,32542887,32542891,1782865955973125,False,True
14520611,0.10940000,48.10000000,32542892,32542892,1782865958869620,True,True
14520612,0.10930000,97.50000000,32542893,32542894,1782865958879642,True,True
14520613,0.10920000,845.90000000,32542895,32542895,1782865958881059,True,True
14520614,0.10920000,5367.00000000,32542896,32542899,1782865958881113,True,True
14520615,0.10920000,48.00000000,32542900,32542900,1782865958882642,False,True
14520616,0.10920000,1443.00000000,32542901,32542902,1782865958883485,True,True
14520617,0.10920000,48.00000000,32542903,32542903,1782865958884377,True,True
14520618,0.10920000,1038.00000000,32542904,32542905,1782865958888929,False,True
14520619,0.10930000,363.30000000,32542906,32542906,1782865958908549,False,True
14520620,0.10920000,247.60000000,32542907,32542908,1782865958912799,True,True
14520621,0.10920000,362.00000000,32542909,32542909,1782865958916858,False,True
14520622,0.10920000,48.00000000,32542910,32542910,1782865959062428,False,True
14520623,0.10920000,574.00000000,32542911,32542911,1782865959096635,False,True
14520624,0.10910000,2233.40000000,32542912,32542918,1782865960284643,True,True
14520625,0.10910000,221.80000000,32542919,32542920,1782865966149415,True,True
14520626,0.10910000,306.50000000,32542921,32542922,1782865966154251,True,True
14520627,0.10910000,1038.10000000,32542923,32542924,1782865966531578,False,True
14520628,0.10920000,1038.10000000,32542925,32542928,1782865966576989,False,True
14520629,0.10920000,2076.20000000,32542929,32542930,1782865966787439,False,True
14520630,0.10910000,509.10000000,32542931,32542932,1782865967012558,True,True
14520631,0.10910000,3648.50000000,32542933,32542937,1782865968150429,True,True
14520632,0.10900000,1952.30000000,32542938,32542940,1782865968150429,True,True
14520633,0.10910000,1038.10000000,32542941,32542942,1782865968497985,False,True
14520634,0.10910000,1038.10000000,32542943,32542944,1782865968501765,False,True
14520635,0.10920000,1038.10000000,32542945,32542948,1782865968556544,False,True
14520636,0.10920000,1038.10000000,32542949,32542949,1782865968748214,False,True
14520637,0.10920000,1771.10000000,32542950,32542952,1782865978215708,False,True
14520638,0.10920000,48.10000000,32542953,32542953,1782865978550606,True,True
14520639,0.10920000,95.10000000,32542954,32542955,1782865980282147,False,True
14520640,0.10920000,220.70000000,32542956,32542956,1782865982156157,True,True
14520641,0.10930000,1087.70000000,32542957,32542959,1782865985414711,False,True
14520642,0.10930000,48.10000000,32542960,32542960,1782865990093704,False,True
14520643,0.10930000,48.10000000,32542961,32542961,1782865997238259,True,True
14520644,0.10920000,169.30000000,32542962,32542962,1782865997238259,True,True
14520645,0.10930000,359.00000000,32542963,32542963,1782865997258955,False,True
14520646,0.10930000,48.10000000,32542964,32542964,1782866003831378,False,True
14520647,0.10930000,219.80000000,32542965,32542965,1782866013259778,True,True
14520648,0.10930000,229.60000000,32542966,32542966,1782866027840786,True,True
14520649,0.10930000,236.80000000,32542967,32542968,1782866043659996,True,True
14520650,0.10930000,238.70000000,32542969,32542969,1782866058338474,True,True
14520651,0.10930000,238.90000000,32542970,32542970,1782866082700363,True,True
14520652,0.10930000,235.50000000,32542971,32542971,1782866097835962,True,True
14520653,0.10940000,4277.50000000,32542972,32542977,1782866099037769,False,True
14520654,0.10950000,15088.60000000,32542978,32542986,1782866099037769,False,True
14520655,0.10960000,27377.50000000,32542987,32542997,1782866099037769,False,True
14520656,0.10970000,23925.20000000,32542998,32543007,1782866099037769,False,True
14520657,0.10980000,30268.10000000,32543008,32543014,1782866099037769,False,True
14520658,0.10950000,1696.10000000,32543015,32543015,1782866099040364,True,True
14520659,0.10950000,1786.80000000,32543016,32543017,1782866099040431,True,True
14520660,0.10970000,4997.20000000,32543018,32543020,1782866099041182,False,True
14520661,0.10970000,500.30000000,32543021,32543021,1782866099041697,True,True
14520662,0.10970000,270.40000000,32543022,32543022,1782866099041841,True,True
14520663,0.10970000,295.00000000,32543023,32543024,1782866099042046,True,True
14520664,0.10960000,526.10000000,32543025,32543025,1782866099042046,True,True
14520665,0.10970000,5922.20000000,32543026,32543029,1782866099042890,True,True
14520666,0.10980000,821.00000000,32543030,32543030,1782866099043317,False,True
14520667,0.10970000,340.90000000,32543031,32543031,1782866099043506,True,True
14520668,0.10970000,1000.00000000,32543032,32543032,1782866099045460,True,True
14520669,0.10970000,2000.00000000,32543033,32543033,1782866099046941,True,True
14520670,0.10970000,48.10000000,32543034,32543034,1782866099049193,True,True
14520671,0.10970000,977.50000000,32543035,32543036,1782866099345186,False,True
14520672,0.10970000,461.30000000,32543037,32543038,1782866099385403,False,True
14520673,0.10970000,3494.20000000,32543039,32543040,1782866099527465,False,True
14520674,0.10970000,4038.10000000,32543041,32543043,1782866099532264,True,True
14520675,0.10960000,202.30000000,32543044,32543046,1782866099822339,True,True
14520676,0.10950000,320.70000000,32543047,32543047,1782866099822339,True,True
14520677,0.10950000,523.00000000,32543048,32543048,1782866099886678,True,True
14520678,0.10960000,182.60000000,32543049,32543050,1782866100208834,False,True
14520679,0.10960000,1038.00000000,32543051,32543052,1782866100751832,False,True
14520680,0.10970000,630.50000000,32543053,32543053,1782866100751832,False,True
14520681,0.10970000,1509.90000000,32543054,32543057,1782866101889534,False,True
14520682,0.10970000,2731.40000000,32543058,32543060,1782866103041574,False,True
14520683,0.10980000,1490.80000000,32543061,32543062,1782866103041574,False,True
14520684,0.10970000,671.40000000,32543063,32543063,1782866104184401,False,True
14520685,0.10970000,227.00000000,32543064,32543064,1782866107778125,False,True
14520686,0.10960000,217.70000000,32543065,32543067,1782866112544524,True,True
14520687,0.10960000,224.10000000,32543068,32543068,1782866128152046,True,True
14520688,0.10960000,196.00000000,32543069,32543069,1782866130488969,True,True
14520689,0.10960000,175.00000000,32543070,32543070,1782866130489016,True,True
14520690,0.10950000,237.60000000,32543071,32543072,1782866144153361,True,True
14520691,0.10950000,218.30000000,32543073,32543073,1782866159559739,True,True
14520692,0.10950000,1603.20000000,32543074,32543076,1782866171002132,True,True
14520693,0.10950000,2097.70000000,32543077,32543077,1782866171004526,True,True
14520694,0.10950000,4320.60000000,32543078,32543082,1782866171119561,False,True
14520695,0.10940000,3658.70000000,32543083,32543086,1782866171241043,True,True
14520696,0.10940000,990.00000000,32543087,32543087,1782866171243026,True,True
14520697,0.10930000,2193.00000000,32543088,32543090,1782866171243026,True,True
14520698,0.10940000,544.80000000,32543091,32543091,1782866171257247,False,True
14520699,0.10940000,544.80000000,32543092,32543092,1782866171259311,False,True
14520700,0.10930000,218.80000000,32543093,32543093,1782866174037176,True,True
14520701,0.10950000,49.50000000,32543094,32543094,1782866182519367,False,True
14520702,0.10950000,236.50000000,32543095,32543095,1782866188842269,True,True
14520703,0.10960000,49.40000000,32543096,32543096,1782866201792730,False,True
14520704,0.10960000,683.60000000,32543097,32543097,1782866202941531,True,True
14520705,0.10950000,2196.30000000,32543098,32543101,1782866202943121,True,True
14520706,0.10940000,5107.80000000,32543102,32543107,1782866202943121,True,True
14520707,0.10950000,990.00000000,32543108,32543108,1782866202945604,True,True
14520708,0.10940000,223.00000000,32543109,32543109,1782866204958872,True,True
14520709,0.10940000,220.20000000,32543110,32543110,1782866221052862,True,True
14520710,0.10950000,371.80000000,32543111,32543111,1782866233164642,False,True
14520711,0.10960000,3501.60000000,32543112,32543115,1782866233186525,False,True
14520712,0.10960000,218.30000000,32543116,32543116,1782866235540838,True,True
14520713,0.10970000,49.40000000,32543117,32543117,1782866238370416,False,True
14520714,0.10970000,152.40000000,32543118,32543118,1782866244723517,True,True
14520715,0.10970000,236.70000000,32543119,32543119,1782866251252538,True,True
14520716,0.10980000,5675.40000000,32543120,32543124,1782866265728765,False,True
14520717,0.10980000,237.10000000,32543125,32543125,1782866266755542,True,True
14520718,0.10990000,1271.40000000,32543126,32543128,1782866270046834,False,True
14520719,0.10990000,234.30000000,32543129,32543129,1782866282452964,True,True
14520720,0.10990000,370.50000000,32543130,32543130,1782866283767057,True,True
14520721,0.10990000,227.20000000,32543131,32543131,1782866298349076,True,True
14520722,0.10990000,237.20000000,32543132,32543132,1782866314243221,True,True
14520723,0.10980000,235.80000000,32543133,32543134,1782866330249088,True,True
14520724,0.10990000,3096.40000000,32543135,32543138,1782866341889043,False,True
14520725,0.11000000,3209.10000000,32543139,32543143,1782866341889043,False,True
14520726,0.10980000,237.10000000,32543144,32543144,1782866346252423,True,True
14520727,0.10990000,238.20000000,32543145,32543145,1782866361957476,True,True
14520728,0.10990000,238.70000000,32543146,32543146,1782866378050156,True,True
14520729,0.10990000,2923.10000000,32543147,32543148,1782866388921610,True,True
14520730,0.10990000,2923.10000000,32543149,32543149,1782866388927577,False,True
14520731,0.10990000,216.40000000,32543150,32543150,1782866393453498,True,True
14520732,0.10990000,1443.00000000,32543151,32543152,1782866400298423,True,True
14520733,0.10980000,1492.20000000,32543153,32543155,1782866400420326,True,True
14520734,0.10970000,237.70000000,32543156,32543156,1782866409349417,True,True
14520735,0.10970000,465.40000000,32543157,32543158,1782866409349417,True,True
14520736,0.10970000,49.20000000,32543159,32543159,1782866412033204,True,True
14520737,0.10980000,1081.90000000,32543160,32543161,1782866413365283,False,True
14520738,0.10970000,1102.50000000,32543162,32543162,1782866413441774,True,True
14520739,0.10970000,2548.90000000,32543163,32543163,1782866413441814,True,True
14520740,0.10960000,4263.50000000,32543164,32543171,1782866413535630,True,True
14520741,0.10960000,481.70000000,32543172,32543172,1782866413560650,False,True
14520742,0.10960000,1443.00000000,32543173,32543174,1782866419265997,True,True
14520743,0.10950000,230.60000000,32543175,32543175,1782866424233510,True,True
14520744,0.10950000,224.90000000,32543176,32543176,1782866439651619,True,True
14520745,0.10950000,233.40000000,32543177,32543178,1782866455156623,True,True
14520746,0.10950000,46.80000000,32543179,32543179,1782866461675650,False,True
14520747,0.10950000,232.10000000,32543180,32543180,1782866470651181,True,True
14520748,0.10950000,233.70000000,32543181,32543181,1782866486147859,True,True
14520749,0.10940000,232.80000000,32543182,32543182,1782866501963650,True,True
14520750,0.10950000,4056.20000000,32543183,32543186,1782866509867364,False,True
14520751,0.10940000,227.00000000,32543187,32543187,1782866517043052,True,True
14520752,0.10950000,449.00000000,32543188,32543188,1782866528454372,False,True
14520753,0.10950000,2522.40000000,32543189,32543192,1782866530228098,False,True
14520754,0.10950000,224.20000000,32543193,32543193,1782866532464258,True,True
14520755,0.10940000,239.60000000,32543194,32543195,1782866547543744,True,True
14520756,0.10940000,4893.10000000,32543196,32543197,1782866555241138,True,True
14520757,0.10940000,4131.00000000,32543198,32543201,1782866555281109,False,True
14520758,0.10940000,3096.30000000,32543202,32543205,1782866556953501,False,True
14520759,0.10930000,4050.80000000,32543206,32543207,1782866557089481,True,True
14520760,0.10920000,3181.60000000,32543208,32543211,1782866558812324,True,True
14520761,0.10910000,216.30000000,32543212,32543212,1782866558812324,True,True
14520762,0.10910000,217.30000000,32543213,32543213,1782866562340037,True,True
14520763,0.10920000,47.00000000,32543214,32543214,1782866563790313,False,True
14520764,0.10930000,49.60000000,32543215,32543215,1782866570772625,False,True
14520765,0.10930000,239.10000000,32543216,32543216,1782866577339449,True,True
14520766,0.10930000,223.00000000,32543217,32543217,1782866592029791,True,True
14520767,0.10930000,4632.30000000,32543218,32543220,1782866597997108,True,True
14520768,0.10920000,955.80000000,32543221,32543222,1782866597999991,True,True
14520769,0.10920000,880.10000000,32543223,32543225,1782866598004127,True,True
14520770,0.10930000,49.60000000,32543226,32543226,1782866598199360,False,True
14520771,0.10930000,1459.80000000,32543227,32543228,1782866598857914,True,True
14520772,0.10920000,235.50000000,32543229,32543229,1782866607950786,True,True
14520773,0.10930000,1304.70000000,32543230,32543231,1782866620965351,True,True
14520774,0.10930000,230.80000000,32543232,32543232,1782866622640199,True,True
14520775,0.10930000,237.20000000,32543233,32543234,1782866638348041,True,True
14520776,0.10920000,223.80000000,32543235,32543235,1782866653747133,True,True
14520777,0.10920000,229.80000000,32543236,32543236,1782866669453149,True,True
14520778,0.10920000,229.40000000,32543237,32543237,1782866685048298,True,True
14520779,0.10930000,371.90000000,32543238,32543238,1782866700061458,False,True
14520780,0.10930000,217.90000000,32543239,32543239,1782866700857176,True,True
14520781,0.10930000,1426.20000000,32543240,32543242,1782866713043056,True,True
14520782,0.10920000,223.50000000,32543243,32543244,1782866716353097,True,True
14520783,0.10920000,239.40000000,32543245,32543245,1782866731940621,True,True
14520784,0.10920000,228.10000000,32543246,32543246,1782866746435975,True,True
14520785,0.10920000,217.70000000,32543247,32543247,1782866761851123,True,True
14520786,0.10920000,228.70000000,32543248,32543248,1782866777451648,True,True
14520787,0.10920000,1506.50000000,32543249,32543250,1782866784567206,True,True
14520788,0.10930000,9234.50000000,32543251,32543253,1782866792104997,False,True
14520789,0.10930000,228.70000000,32543254,32543254,1782866792135778,True,True
14520790,0.10940000,49.50000000,32543255,32543255,1782866798475207,False,True
14520791,0.10940000,236.60000000,32543256,32543256,1782866807848361,True,True
14520792,0.10950000,378.00000000,32543257,32543257,1782866817284586,False,True
14520793,0.10940000,231.40000000,32543258,32543258,1782866822537723,True,True
14520794,0.10950000,49.50000000,32543259,32543259,1782866824800632,False,True
14520795,0.10940000,238.90000000,32543260,32543260,1782866837637350,True,True
14520796,0.10940000,219.50000000,32543261,32543261,1782866853557671,True,True
14520797,0.10940000,301.50000000,32543262,32543262,1782866859654685,True,True
14520798,0.10930000,224.00000000,32543263,32543263,1782866869052329,True,True
14520799,0.10930000,5130.20000000,32543264,32543267,1782866870005701,True,True
14520800,0.10920000,13241.70000000,32543268,32543274,1782866870005701,True,True
14520801,0.10910000,5016.60000000,32543275,32543280,1782866870007737,True,True
14520802,0.10920000,1008.80000000,32543281,32543281,1782866870007767,False,True
14520803,0.10910000,104.40000000,32543282,32543283,1782866870010630,False,True
14520804,0.10910000,485.40000000,32543284,32543284,1782866870044743,False,True
14520805,0.10910000,187.00000000,32543285,32543285,1782866870187214,False,True
14520806,0.10910000,370.00000000,32543286,32543287,1782866870204569,False,True
14520807,0.10900000,2098.60000000,32543288,32543289,1782866871476848,True,True
14520808,0.10910000,3088.10000000,32543290,32543292,1782866871480999,False,True
14520809,0.10910000,990.00000000,32543293,32543293,1782866871482611,False,True
14520810,0.10920000,1637.80000000,32543294,32543294,1782866871493488,False,True
14520811,0.10910000,611.60000000,32543295,32543295,1782866872879713,True,True
14520812,0.10910000,378.40000000,32543296,32543296,1782866874009777,True,True
14520813,0.10900000,320.10000000,32543297,32543297,1782866874009777,True,True
14520814,0.10910000,251.00000000,32543298,32543298,1782866875154811,True,True
14520815,0.10900000,1878.60000000,32543299,32543299,1782866876299182,True,True
14520816,0.10900000,212.90000000,32543300,32543300,1782866877446165,True,True
14520817,0.10910000,47.00000000,32543301,32543301,1782866881608320,False,True
14520818,0.10900000,221.30000000,32543302,32543303,1782866885158530,True,True
14520819,0.10900000,219.00000000,32543304,32543304,1782866893181139,True,True
14520820,0.10900000,236.30000000,32543305,32543305,1782866900754875,True,True
14520821,0.10900000,236.70000000,32543306,32543306,1782866916151363,True,True
14520822,0.10910000,2433.00000000,32543307,32543309,1782866920005255,False,True
14520823,0.10910000,222.60000000,32543310,32543310,1782866932251275,True,True
14520824,0.10910000,222.50000000,32543311,32543311,1782866947910094,True,True
14520825,0.10900000,220.40000000,32543312,32543313,1782866963853243,True,True
14520826,0.10900000,5040.20000000,32543314,32543324,1782866963927863,True,True
14520827,0.10900000,359.80000000,32543325,32543326,1782866963943449,False,True
14520828,0.10900000,4033.50000000,32543327,32543330,1782866965862350,False,True
14520829,0.10910000,4033.50000000,32543331,32543335,1782866965869487,False,True
14520830,0.10900000,2106.40000000,32543336,32543338,1782866976199679,True,True
14520831,0.10900000,106.00000000,32543339,32543339,1782866979544087,True,True
14520832,0.10890000,123.70000000,32543340,32543340,1782866979544087,True,True
14520833,0.10900000,990.00000000,32543341,32543341,1782866979905107,False,True
14520834,0.10910000,990.00000000,32543342,32543343,1782866979957008,False,True
14520835,0.10910000,990.00000000,32543344,32543345,1782866980164914,False,True
14520836,0.10900000,219.50000000,32543346,32543346,1782866994134252,True,True
14520837,0.10910000,990.00000000,32543347,32543347,1782867000855668,False,True
14520838,0.10900000,990.00000000,32543348,32543348,1782867006487796,False,True
14520839,0.10910000,990.00000000,32543349,32543349,1782867006495609,False,True
14520840,0.10910000,3207.00000000,32543350,32543353,1782867006753672,False,True
14520841,0.10900000,225.70000000,32543354,32543354,1782867008823066,True,True
14520842,0.10900000,223.80000000,32543355,32543355,1782867024545813,True,True
14520843,0.10890000,230.60000000,32543356,32543357,1782867039948914,True,True
14520844,0.10890000,231.90000000,32543358,32543359,1782867056056744,True,True
14520845,0.10890000,228.40000000,32543360,32543360,1782867070644295,True,True
14520846,0.10900000,990.00000000,32543361,32543361,1782867073628150,False,True
14520847,0.10910000,990.00000000,32543362,32543362,1782867073693225,False,True
14520848,0.10910000,1312.00000000,32543363,32543363,1782867073895596,False,True
14520849,0.10910000,1039.70000000,32543364,32543365,1782867073947426,False,True
14520850,0.10920000,618.30000000,32543366,32543367,1782867073947426,False,True
14520851,0.10910000,1295.00000000,32543368,32543369,1782867073952093,True,True
14520852,0.10900000,225.90000000,32543370,32543370,1782867086655311,True,True
14520853,0.10900000,1291.90000000,32543371,32543372,1782867094659733,False,True
14520854,0.10910000,777.40000000,32543373,32543373,1782867094752252,False,True
14520855,0.10910000,1806.40000000,32543374,32543375,1782867094923239,False,True
14520856,0.10900000,223.50000000,32543376,32543376,1782867102357161,True,True
14520857,0.10900000,222.40000000,32543377,32543377,1782867118126297,True,True
14520858,0.10900000,235.80000000,32543378,32543378,1782867134253906,True,True
14520859,0.10900000,238.90000000,32543379,32543379,1782867148736784,True,True
14520860,0.10900000,235.40000000,32543380,32543380,1782867164455618,True,True
14520861,0.10890000,238.90000000,32543381,32543382,1782867180054415,True,True
14520862,0.10900000,225.70000000,32543383,32543383,1782867194533819,True,True
14520863,0.10900000,233.10000000,32543384,32543384,1782867209338468,True,True
14520864,0.10900000,234.40000000,32543385,32543386,1782867225020499,True,True
14520865,0.10900000,219.60000000,32543387,32543387,1782867240656260,True,True
14520866,0.10900000,591.60000000,32543388,32543388,1782867252009048,True,True
14520867,0.10890000,49.60000000,32543389,32543389,1782867255809267,True,True
14520868,0.10880000,228.20000000,32543390,32543390,1782867256748220,True,True
14520869,0.10880000,1601.00000000,32543391,32543393,1782867256750112,True,True
14520870,0.10880000,453.00000000,32543394,32543394,1782867257500500,False,True
14520871,0.10880000,628.20000000,32543395,32543396,1782867265117826,False,True
14520872,0.10870000,236.10000000,32543397,32543397,1782867271640901,True,True
14520873,0.10880000,682.50000000,32543398,32543398,1782867273480755,False,True
14520874,0.10880000,682.50000000,32543399,32543399,1782867273488440,False,True
14520875,0.10890000,5094.60000000,32543400,32543403,1782867273794172,False,True
14520876,0.10890000,224.90000000,32543404,32543404,1782867286133900,True,True
14520877,0.10890000,234.60000000,32543405,32543405,1782867301043697,True,True
14520878,0.10900000,556.50000000,32543406,32543408,1782867306336164,False,True
14520879,0.10890000,239.50000000,32543409,32543409,1782867317153334,True,True
14520880,0.10910000,4457.20000000,32543410,32543418,1782867338408575,False,True
14520881,0.10920000,143.20000000,32543419,32543419,1782867338411676,False,True
14520882,0.10920000,239.00000000,32543420,32543420,1782867338411800,False,True
14520883,0.10920000,239.00000000,32543421,32543421,1782867338412361,False,True
14520884,0.10920000,239.00000000,32543422,32543422,1782867338412434,False,True
14520885,0.10920000,17643.00000000,32543423,32543429,1782867338412537,False,True
14520886,0.10920000,315.00000000,32543430,32543430,1782867338412549,False,True
14520887,0.10920000,239.00000000,32543431,32543431,1782867338412604,False,True
14520888,0.10920000,1041.00000000,32543432,32543432,1782867338414227,False,True
14520889,0.10920000,115.00000000,32543433,32543433,1782867338414240,False,True
14520890,0.10920000,618.00000000,32543434,32543434,1782867338414387,False,True
14520891,0.10910000,239.40000000,32543435,32543436,1782867338693068,True,True
14520892,0.10910000,229.50000000,32543437,32543437,1782867353636238,True,True
14520893,0.10910000,239.80000000,32543438,32543438,1782867369347703,True,True
14520894,0.10910000,234.00000000,32543439,32543439,1782867384018209,True,True
14520895,0.10910000,49.50000000,32543440,32543440,1782867392453074,True,True
14520896,0.10910000,229.10000000,32543441,32543441,1782867398058035,False,True
14520897,0.10900000,236.30000000,32543442,32543442,1782867398536983,True,True
14520898,0.10900000,231.30000000,32543443,32543444,1782867414549576,True,True
14520899,0.10900000,227.70000000,32543445,32543445,1782867429036176,True,True
14520900,0.10900000,235.80000000,32543446,32543447,1782867444036785,True,True
14520901,0.10900000,48.20000000,32543448,32543448,1782867459042742,True,True
14520902,0.10890000,185.40000000,32543449,32543449,1782867459042742,True,True
14520903,0.10900000,48.20000000,32543450,32543450,1782867459196497,False,True
14520904,0.10900000,48.20000000,32543451,32543451,1782867473639564,True,True
14520905,0.10890000,175.30000000,32543452,32543453,1782867473639564,True,True
14520906,0.10900000,1038.20000000,32543454,32543455,1782867475493876,False,True
14520907,0.10900000,240.90000000,32543456,32543456,1782867489256117,True,True
14520908,0.10900000,224.70000000,32543457,32543457,1782867504240060,True,True
14520909,0.10900000,235.20000000,32543458,32543459,1782867520250398,True,True
14520910,0.10900000,48.20000000,32543460,32543460,1782867535461128,True,True
14520911,0.10890000,236.00000000,32543461,32543461,1782867536049526,True,True
14520912,0.10890000,234.60000000,32543462,32543462,1782867551556969,True,True
14520913,0.10890000,7239.10000000,32543463,32543466,1782867555831330,True,True
14520914,0.10890000,48.20000000,32543467,32543467,1782867556352663,True,True
14520915,0.10880000,46213.20000000,32543468,32543478,1782867556352663,True,True
14520916,0.10870000,11501.90000000,32543479,32543484,1782867556352663,True,True
14520917,0.10860000,21423.70000000,32543485,32543492,1782867556352663,True,True
14520918,0.10850000,18265.30000000,32543493,32543501,1782867556352663,True,True
14520919,0.10840000,21800.70000000,32543502,32543508,1782867556352663,True,True
14520920,0.10830000,12384.90000000,32543509,32543517,1782867556352663,True,True
14520921,0.10820000,773.90000000,32543518,32543518,1782867556352663,True,True
14520922,0.10880000,371.30000000,32543519,32543519,1782867556354914,False,True
14520923,0.10860000,733.00000000,32543520,32543520,1782867556356675,True,True
14520924,0.10860000,6626.70000000,32543521,32543521,1782867556356693,True,True
14520925,0.10850000,990.00000000,32543522,32543522,1782867556357509,True,True
14520926,0.10850000,8709.00000000,32543523,32543523,1782867556358951,False,True
14520927,0.10850000,735.00000000,32543524,32543524,1782867556359244,False,True
14520928,0.10850000,150.00000000,32543525,32543525,1782867556362269,False,True
14520929,0.10850000,246.40000000,32543526,32543527,1782867556362799,False,True
14520930,0.10860000,1888.80000000,32543528,32543529,1782867556372336,False,True
14520931,0.10860000,338.10000000,32543530,32543530,1782867556375640,False,True
14520932,0.10850000,5589.60000000,32543531,32543535,1782867556405100,True,True
14520933,0.10860000,3964.30000000,32543536,32543536,1782867556407970,False,True
14520934,0.10860000,4605.40000000,32543537,32543537,1782867556411736,False,True
14520935,0.10860000,1774.60000000,32543538,32543540,1782867556415953,False,True
14520936,0.10870000,2049.10000000,32543541,32543543,1782867556470563,False,True
14520937,0.10860000,238.00000000,32543544,32543544,1782867556479180,True,True
14520938,0.10860000,182.50000000,32543545,32543545,1782867556504742,True,True
14520939,0.10860000,4276.10000000,32543546,32543547,1782867556560138,True,True
14520940,0.10860000,48.20000000,32543548,32543548,1782867556592208,False,True
14520941,0.10870000,1798.10000000,32543549,32543552,1782867556716955,False,True
14520942,0.10880000,460.00000000,32543553,32543553,1782867556716955,False,True
14520943,0.10860000,371.10000000,32543554,32543554,1782867556719469,True,True
14520944,0.10870000,447.00000000,32543555,32543555,1782867556723981,False,True
14520945,0.10870000,496.00000000,32543556,32543556,1782867557058911,False,True
14520946,0.10870000,95.20000000,32543557,32543558,1782867557067253,False,True
14520947,0.10880000,529.80000000,32543559,32543560,1782867557067253,False,True
14520948,0.10860000,1038.20000000,32543561,32543562,1782867557725281,True,True
14520949,0.10850000,12261.10000000,32543563,32543568,1782867557725281,True,True
14520950,0.10840000,2141.10000000,32543569,32543572,1782867557725281,True,True
14520951,0.10860000,990.00000000,32543573,32543573,1782867557727607,True,True
14520952,0.10850000,4476.00000000,32543574,32543576,1782867557831621,True,True
14520953,0.10840000,9263.80000000,32543577,32543581,1782867557831621,True,True
14520954,0.10830000,1156.40000000,32543582,32543584,1782867557831621,True,True
14520955,0.10840000,1125.50000000,32543585,32543586,1782867558981539,True,True
14520956,0.10850000,6830.10000000,32543587,32543590,1782867559597882,False,True
14520957,0.10850000,7830.90000000,32543591,32543591,1782867559598928,False,True
14520958,0.10850000,4320.80000000,32543592,32543596,1782867560339058,True,True
14520959,0.10850000,3748.10000000,32543597,32543604,1782867560343451,True,True
14520960,0.10840000,230.00000000,32543605,32543605,1782867561526357,True,True
14520961,0.10840000,512.50000000,32543606,32543606,1782867562669312,True,True
14520962,0.10850000,95.60000000,32543607,32543608,1782867563758772,False,True
14520963,0.10850000,1212.40000000,32543609,32543609,1782867563810512,True,True
14520964,0.10850000,350.40000000,32543610,32543611,1782867564369145,True,True
14520965,0.10850000,492.90000000,32543612,32543612,1782867564388384,False,True
14520966,0.10840000,970.60000000,32543613,32543614,1782867564951624,True,True
14520967,0.10840000,1212.30000000,32543615,32543616,1782867566094507,True,True
14520968,0.10840000,80.60000000,32543617,32543617,1782867566284550,True,True
14520969,0.10840000,219.90000000,32543618,32543618,1782867566441363,True,True
14520970,0.10850000,1038.40000000,32543619,32543620,1782867566725215,False,True
14520971,0.10850000,1038.50000000,32543621,32543622,1782867566729268,False,True
14520972,0.10850000,1037.30000000,32543623,32543624,1782867566732196,False,True
14520973,0.10850000,95.80000000,32543625,32543626,1782867566733413,False,True
14520974,0.10850000,8132.40000000,32543627,32543629,1782867567241243,True,True
14520975,0.10840000,6187.70000000,32543630,32543640,1782867567241243,True,True
14520976,0.10840000,3117.00000000,32543641,32543643,1782867567243687,True,True
14520977,0.10850000,612.60000000,32543644,32543644,1782867567259069,False,True
14520978,0.10850000,48.40000000,32543645,32543645,1782867573449884,False,True
14520979,0.10850000,236.90000000,32543646,32543646,1782867582356142,True,True
14520980,0.10860000,831.40000000,32543647,32543649,1782867586864218,False,True
14520981,0.10860000,733.00000000,32543650,32543650,1782867586867212,False,True
14520982,0.10860000,352.60000000,32543651,32543653,1782867586867333,False,True
14520983,0.10870000,1023.30000000,32543654,32543657,1782867588163577,False,True
14520984,0.10880000,503.10000000,32543658,32543659,1782867588215186,False,True
14520985,0.10880000,895.30000000,32543660,32543661,1782867589609412,False,True
14520986,0.10870000,399.80000000,32543662,32543663,1782867591806975,True,True
14520987,0.10860000,228.20000000,32543664,32543665,1782867597338903,True,True
14520988,0.10860000,1463.60000000,32543666,32543667,1782867597341848,True,True
14520989,0.10870000,185.80000000,32543668,32543668,1782867603432298,True,True
14520990,0.10870000,185.80000000,32543669,32543669,1782867603942853,False,True
14520991,0.10870000,185.80000000,32543670,32543670,1782867608866944,True,True
14520992,0.10870000,20642.20000000,32543671,32543671,1782867613036091,False,True
14520993,0.10870000,227.30000000,32543672,32543672,1782867613256580,True,True
14520994,0.10880000,1492.80000000,32543673,32543675,1782867618347666,False,True
14520995,0.10870000,49.40000000,32543676,32543676,1782867619794741,True,True
14520996,0.10870000,2591.10000000,32543677,32543680,1782867620136294,False,True
14520997,0.10870000,1084.40000000,32543681,32543682,1782867620139194,False,True
14520998,0.10860000,237.00000000,32543683,32543683,1782867628759825,True,True
14520999,0.10870000,990.00000000,32543684,32543684,1782867629796634,False,True
14521000,0.10870000,232.40000000,32543685,32543685,1782867644156012,True,True
14521001,0.10870000,235.80000000,32543686,32543688,1782867659519051,True,True
14521002,0.10870000,232.50000000,32543689,32543690,1782867675355309,True,True
14521003,0.10870000,301.00000000,32543691,32543691,1782867683485463,True,True
14521004,0.10860000,238.20000000,32543692,32543692,1782867690429876,True,True
14521005,0.10870000,990.00000000,32543693,32543693,1782867693692032,False,True
14521006,0.10870000,238.10000000,32543694,32543694,1782867705445282,True,True
14521007,0.10870000,221.80000000,32543695,32543695,1782867721354782,True,True
14521008,0.10880000,542.60000000,32543696,32543697,1782867725659080,False,True
14521009,0.10860000,220.30000000,32543698,32543698,1782867736335470,True,True
14521010,0.10860000,230.40000000,32543699,32543699,1782867751826945,True,True
14521011,0.10870000,1291.90000000,32543700,32543701,1782867759727096,False,True
14521012,0.10870000,91.70000000,32543702,32543702,1782867759730726,False,True
14521013,0.10870000,898.30000000,32543703,32543703,1782867759731303,False,True
14521014,0.10870000,222.40000000,32543704,32543704,1782867767252331,True,True
14521015,0.10870000,7436.00000000,32543705,32543717,1782867772083819,True,True
14521016,0.10870000,257.10000000,32543718,32543719,1782867772084999,True,True
14521017,0.10870000,623.90000000,32543720,32543720,1782867772106359,False,True
14521018,0.10860000,10688.00000000,32543721,32543723,1782867772390940,True,True
14521019,0.10860000,461.30000000,32543724,32543724,1782867772393705,True,True
14521020,0.10850000,49.80000000,32543725,32543725,1782867781735491,True,True
14521021,0.10840000,182.60000000,32543726,32543727,1782867781735491,True,True
14521022,0.10850000,344.60000000,32543728,32543728,1782867787328258,False,True
14521023,0.10850000,1378.40000000,32543729,32543730,1782867788657804,False,True
14521024,0.10850000,236.60000000,32543731,32543731,1782867796743279,True,True
14521025,0.10840000,235.20000000,32543732,32543732,1782867812453094,True,True
14521026,0.10840000,235.10000000,32543733,32543734,1782867827044102,True,True
14521027,0.10840000,237.00000000,32543735,32543735,1782867842450447,True,True
14521028,0.10840000,58.00000000,32543736,32543736,1782867842662511,True,True
14521029,0.10830000,126.60000000,32543737,32543737,1782867842662511,True,True
14521030,0.10830000,222.50000000,32543738,32543739,1782867857949725,True,True
14521031,0.10830000,8795.60000000,32543740,32543741,1782867857951861,True,True
14521032,0.10830000,516.40000000,32543742,32543742,1782867857978231,False,True
14521033,0.10830000,4058.30000000,32543743,32543747,1782867865377076,False,True
14521034,0.10840000,941.70000000,32543748,32543748,1782867865377076,False,True
14521035,0.10820000,240.30000000,32543749,32543750,1782867874058967,True,True
14521036,0.10820000,2074.40000000,32543751,32543751,1782867874240170,True,True
14521037,0.10810000,3745.80000000,32543752,32543754,1782867876352358,True,True
14521038,0.10810000,710.00000000,32543755,32543755,1782867876353883,True,True
14521039,0.10810000,732.00000000,32543756,32543756,1782867876354143,True,True
14521040,0.10810000,168.00000000,32543757,32543757,1782867877137353,False,True
14521041,0.10810000,212.00000000,32543758,32543759,1782867877137447,False,True
14521042,0.10810000,282.00000000,32543760,32543761,1782867877163857,False,True
14521043,0.10810000,2209.00000000,32543762,32543762,1782867884256039,False,True
14521044,0.10820000,5000.00000000,32543763,32543766,1782867889484949,False,True
14521045,0.10810000,232.20000000,32543767,32543767,1782867889659444,True,True
14521046,0.10800000,231.70000000,32543768,32543769,1782867905055627,True,True
14521047,0.10810000,2615.00000000,32543770,32543770,1782867905121474,False,True
14521048,0.10810000,5466.80000000,32543771,32543771,1782867917105529,True,True
14521049,0.10810000,92.00000000,32543772,32543772,1782867917122353,True,True
14521050,0.10810000,76.10000000,32543773,32543773,1782867917122443,True,True
14521051,0.10820000,6261.80000000,32543774,32543775,1782867920486015,False,True
14521052,0.10820000,1008.00000000,32543776,32543776,1782867920486037,False,True
14521053,0.10820000,174.50000000,32543777,32543777,1782867920486222,False,True
14521054,0.10820000,241.60000000,32543778,32543778,1782867920857599,True,True
14521055,0.10820000,238.60000000,32543779,32543779,1782867935642674,True,True
14521056,0.10820000,241.90000000,32543780,32543780,1782867951448992,True,True
14521057,0.10830000,50.10000000,32543781,32543781,1782867955405263,False,True
14521058,0.10840000,50.00000000,32543782,32543782,1782867955504627,False,True
14521059,0.10850000,581.70000000,32543783,32543784,1782867958042219,False,True
14521060,0.10860000,2032.20000000,32543785,32543787,1782867958816848,False,True
14521061,0.10860000,49.90000000,32543788,32543788,1782867961075413,False,True
14521062,0.10860000,47.20000000,32543789,32543789,1782867961077130,False,True
14521063,0.10860000,1208.80000000,32543790,32543793,1782867961609650,True,True
14521064,0.10850000,1285.70000000,32543794,32543796,1782867961614247,True,True
14521065,0.10850000,340.90000000,32543797,32543797,1782867961635383,False,True
14521066,0.10850000,2397.60000000,32543798,32543800,1782867961641660,False,True
14521067,0.10850000,567.30000000,32543801,32543801,1782867961694896,False,True
14521068,0.10850000,422.70000000,32543802,32543802,1782867961781675,False,True
14521069,0.10860000,728.30000000,32543803,32543803,1782867961781675,False,True
14521070,0.10860000,3189.80000000,32543804,32543808,1782867962444446,False,True
14521071,0.10840000,241.90000000,32543809,32543809,1782867966038118,True,True
14521072,0.10840000,241.80000000,32543810,32543810,1782867981849582,True,True
14521073,0.10850000,2619.30000000,32543811,32543811,1782867983514737,False,True
14521074,0.10850000,2847.80000000,32543812,32543812,1782867983515956,False,True
14521075,0.10850000,230.00000000,32543813,32543813,1782867997850165,True,True
14521076,0.10840000,49.90000000,32543814,32543814,1782868011560969,True,True
14521077,0.10830000,220.20000000,32543815,32543815,1782868012538224,True,True
14521078,0.10840000,242.10000000,32543816,32543816,1782868028162673,True,True
14521079,0.10840000,95.80000000,32543817,32543817,1782868041315278,True,True
14521080,0.10840000,234.20000000,32543818,32543818,1782868044142227,True,True
14521081,0.10830000,49.90000000,32543819,32543819,1782868045844381,True,True
14521082,0.10830000,389.70000000,32543820,32543820,1782868045916937,False,True
14521083,0.10820000,50.00000000,32543821,32543821,1782868047056801,True,True
14521084,0.10820000,2209.00000000,32543822,32543822,1782868054190607,False,True
14521085,0.10830000,994.20000000,32543823,32543823,1782868058750534,False,True
14521086,0.10830000,1264.90000000,32543824,32543825,1782868058750752,False,True
14521087,0.10830000,223.30000000,32543826,32543826,1782868060056727,True,True
14521088,0.10830000,301.90000000,32543827,32543827,1782868062198559,True,True
14521089,0.10830000,47.30000000,32543828,32543828,1782868062198876,True,True
14521090,0.10830000,3206.40000000,32543829,32543829,1782868064467703,False,True
14521091,0.10830000,450.20000000,32543830,32543831,1782868064468915,False,True
14521092,0.10820000,220.20000000,32543832,32543832,1782868074739421,True,True
14521093,0.10820000,229.40000000,32543833,32543833,1782868089742332,True,True
14521094,0.10820000,242.30000000,32543834,32543835,1782868105556730,True,True
14521095,0.10820000,131.40000000,32543836,32543836,1782868115125720,True,True
14521096,0.10810000,581.70000000,32543837,32543838,1782868117716084,True,True
14521097,0.10800000,221.90000000,32543839,32543839,1782868120641261,True,True
14521098,0.10810000,733.00000000,32543840,32543840,1782868123570790,False,True
14521099,0.10810000,1850.10000000,32543841,32543841,1782868132355729,True,True
14521100,0.10810000,47.40000000,32543842,32543842,1782868132358002,True,True
14521101,0.10800000,1525.90000000,32543843,32543846,1782868134922819,True,True
14521102,0.10810000,636.80000000,32543847,32543847,1782868134947749,False,True
14521103,0.10800000,3564.30000000,32543848,32543848,1782868135042849,True,True
14521104,0.10800000,239.20000000,32543849,32543849,1782868136555303,True,True
14521105,0.10790000,84.80000000,32543850,32543850,1782868147127107,True,True
14521106,0.10790000,240.30000000,32543851,32543851,1782868152289582,True,True
14521107,0.10800000,710.00000000,32543852,32543852,1782868155059066,False,True
14521108,0.10800000,2458.20000000,32543853,32543853,1782868163091358,True,True
14521109,0.10800000,47.40000000,32543854,32543854,1782868163092057,True,True
14521110,0.10790000,7727.10000000,32543855,32543856,1782868163101011,True,True
14521111,0.10790000,370.70000000,32543857,32543857,1782868163102308,True,True
14521112,0.10780000,1750.20000000,32543858,32543860,1782868163104107,True,True
14521113,0.10770000,199.30000000,32543861,32543861,1782868163104107,True,True
14521114,0.10780000,990.00000000,32543862,32543862,1782868163889674,False,True
14521115,0.10770000,228.70000000,32543863,32543863,1782868167847527,True,True
14521116,0.10780000,5000.00000000,32543864,32543865,1782868177535889,False,True
14521117,0.10780000,3666.90000000,32543866,32543866,1782868178574036,False,True
14521118,0.10780000,240.90000000,32543867,32543867,1782868183256690,True,True
14521119,0.10790000,50.30000000,32543868,32543868,1782868189636032,False,True
14521120,0.10790000,230.10000000,32543869,32543869,1782868197839678,True,True
14521121,0.10790000,2454.90000000,32543870,32543873,1782868199980716,True,True
14521122,0.10790000,47.50000000,32543874,32543874,1782868199982109,True,True
14521123,0.10790000,230.70000000,32543875,32543875,1782868212542911,True,True
14521124,0.10790000,710.00000000,32543876,32543876,1782868217468407,True,True
14521125,0.10790000,733.00000000,32543877,32543877,1782868217468410,True,True
14521126,0.10790000,98.00000000,32543878,32543878,1782868217469711,True,True
14521127,0.10790000,548.00000000,32543879,32543879,1782868217469803,True,True
14521128,0.10790000,1342.20000000,32543880,32543880,1782868217469861,True,True
14521129,0.10790000,811.00000000,32543881,32543881,1782868217469927,True,True
14521130,0.10790000,2225.60000000,32543882,32543882,1782868217471474,True,True
14521131,0.10790000,47.50000000,32543883,32543883,1782868217472087,True,True
14521132,0.10780000,5902.10000000,32543884,32543886,1782868227203886,True,True
14521133,0.10780000,47.50000000,32543887,32543887,1782868227203923,True,True
14521134,0.10770000,1313.00000000,32543888,32543890,1782868227206246,True,True
14521135,0.10770000,1170.20000000,32543891,32543892,1782868227206316,True,True
14521136,0.10760000,208.80000000,32543893,32543893,1782868227206316,True,True
14521137,0.10760000,1379.00000000,32543894,32543896,1782868227206376,True,True
14521138,0.10760000,300.00000000,32543897,32543897,1782868227206444,True,True
14521139,0.10760000,66.00000000,32543898,32543898,1782868227206478,True,True
14521140,0.10770000,430.30000000,32543899,32543899,1782868227210855,False,True
14521141,0.10770000,1443.00000000,32543900,32543901,1782868227980668,False,True
14521142,0.10770000,231.10000000,32543902,32543902,1782868228288264,True,True
14521143,0.10770000,11092.80000000,32543903,32543903,1782868243472110,True,True
14521144,0.10770000,47.60000000,32543904,32543904,1782868243473448,True,True
14521145,0.10760000,225.80000000,32543905,32543905,1782868244053941,True,True
14521146,0.10760000,231.30000000,32543906,32543907,1782868258938564,True,True
14521147,0.10760000,4225.20000000,32543908,32543908,1782868261075052,True,True
14521148,0.10760000,396.00000000,32543909,32543911,1782868261075677,True,True
14521149,0.10760000,152.00000000,32543912,32543912,1782868262012226,False,True
14521150,0.10760000,452.00000000,32543913,32543913,1782868262022531,False,True
14521151,0.10760000,132.00000000,32543914,32543914,1782868267759838,False,True
14521152,0.10750000,228.20000000,32543915,32543916,1782868275099291,True,True
14521153,0.10760000,733.00000000,32543917,32543917,1782868279718948,False,True
14521154,0.10760000,710.00000000,32543918,32543918,1782868279719126,False,True
14521155,0.10760000,919.00000000,32543919,32543919,1782868279719637,False,True
14521156,0.10760000,1135.00000000,32543920,32543920,1782868279719708,False,True
14521157,0.10760000,671.10000000,32543921,32543921,1782868279719713,False,True
14521158,0.10760000,47.70000000,32543922,32543922,1782868279720008,False,True
14521159,0.10760000,243.30000000,32543923,32543923,1782868290751489,True,True
14521160,0.10760000,406.30000000,32543924,32543924,1782868293402628,False,True
14521161,0.10760000,630.40000000,32543925,32543925,1782868293403922,False,True
14521162,0.10750000,229.50000000,32543926,32543926,1782868306150525,True,True
14521163,0.10750000,345.00000000,32543927,32543928,1782868311822685,True,True
14521164,0.10750000,213.00000000,32543929,32543929,1782868311822709,True,True
14521165,0.10750000,388.00000000,32543930,32543930,1782868311822964,True,True
14521166,0.10750000,497.00000000,32543931,32543931,1782868311823011,True,True
14521167,0.10750000,710.00000000,32543932,32543932,1782868311824462,True,True
14521168,0.10760000,8169.60000000,32543933,32543937,1782868311825186,False,True
14521169,0.10750000,47.20000000,32543938,32543938,1782868311825629,True,True
14521170,0.10760000,1625.20000000,32543939,32543941,1782868311826227,False,True
14521171,0.10770000,2015.00000000,32543942,32543946,1782868313130175,False,True
14521172,0.10770000,242.10000000,32543947,32543947,1782868321140365,True,True
14521173,0.10770000,222.80000000,32543948,32543948,1782868336754025,True,True
14521174,0.10780000,3046.30000000,32543949,32543963,1782868337783411,False,True
14521175,0.10780000,3517.50000000,32543964,32543966,1782868337821014,True,True
14521176,0.10770000,1194.50000000,32543967,32543968,1782868343191025,True,True
14521177,0.10770000,298.70000000,32543969,32543970,1782868343191039,True,True
14521178,0.10760000,241.70000000,32543971,32543971,1782868351438329,True,True
14521179,0.10760000,237.10000000,32543972,32543973,1782868360463796,True,True
14521180,0.10750000,98.00000000,32543974,32543976,1782868365056437,True,True
14521181,0.10750000,3276.40000000,32543977,32543977,1782868365176410,False,True
14521182,0.10760000,688.00000000,32543978,32543978,1782868365176410,False,True
14521183,0.10740000,2824.60000000,32543979,32543981,1782868365645829,True,True
14521184,0.10740000,2107.80000000,32543982,32543983,1782868365647080,True,True
14521185,0.10730000,2292.20000000,32543984,32543990,1782868365722219,True,True
14521186,0.10730000,360.00000000,32543991,32543991,1782868365724035,True,True
14521187,0.10730000,1723.00000000,32543992,32543993,1782868365946040,False,True
14521188,0.10730000,150.00000000,32543994,32543994,1782868366031141,False,True
14521189,0.10720000,235.30000000,32543995,32543996,1782868366330882,True,True
14521190,0.10720000,2969.10000000,32543997,32544000,1782868366410343,True,True
14521191,0.10720000,1587.60000000,32544001,32544001,1782868366411902,True,True
14521192,0.10720000,721.60000000,32544002,32544002,1782868366428285,True,True
14521193,0.10720000,1711.40000000,32544003,32544005,1782868366440536,False,True
14521194,0.10710000,2433.50000000,32544006,32544009,1782868366635700,True,True
14521195,0.10710000,159.00000000,32544010,32544012,1782868366647758,True,True
14521196,0.10710000,1240.80000000,32544013,32544014,1782868366656555,False,True
14521197,0.10700000,128.00000000,32544015,32544016,1782868366667131,True,True
14521198,0.10700000,2596.90000000,32544017,32544017,1782868366667131,True,True
14521199,0.10710000,2942.00000000,32544018,32544019,1782868366698031,False,True
14521200,0.10710000,1179.20000000,32544020,32544020,1782868366718714,True,True
14521201,0.10710000,1091.00000000,32544021,32544021,1782868366720016,True,True
14521202,0.10710000,1179.60000000,32544022,32544022,1782868366720659,True,True
14521203,0.10710000,2209.00000000,32544023,32544023,1782868366757980,False,True
14521204,0.10710000,1443.00000000,32544024,32544025,1782868366789139,True,True
14521205,0.10710000,5748.40000000,32544026,32544026,1782868367263984,False,True
14521206,0.10710000,2215.00000000,32544027,32544028,1782868367268345,False,True
14521207,0.10700000,238.00000000,32544029,32544029,1782868367657334,True,True
14521208,0.10710000,6988.60000000,32544030,32544036,1782868367888969,False,True
14521209,0.10710000,72.20000000,32544037,32544037,1782868367914855,True,True
14521210,0.10710000,917.80000000,32544038,32544038,1782868367988564,True,True
14521211,0.10700000,4898.30000000,32544039,32544039,1782868368311716,True,True
14521212,0.10700000,3632.00000000,32544040,32544047,1782868368311973,True,True
14521213,0.10710000,1412.00000000,32544048,32544048,1782868368400783,False,True
14521214,0.10710000,10038.40000000,32544049,32544060,1782868370449551,False,True
14521215,0.10710000,990.00000000,32544061,32544061,1782868371878576,True,True
14521216,0.10710000,599.20000000,32544062,32544062,1782868375070625,True,True
14521217,0.10700000,142.00000000,32544063,32544064,1782868375091088,True,True
14521218,0.10700000,142.00000000,32544065,32544065,1782868375091233,True,True
14521219,0.10700000,142.00000000,32544066,32544066,1782868375109805,True,True
14521220,0.10700000,710.00000000,32544067,32544067,1782868376324851,False,True
14521221,0.10710000,101.60000000,32544068,32544068,1782868376581540,False,True
14521222,0.10700000,5576.20000000,32544069,32544075,1782868381110011,False,True
14521223,0.10690000,49.40000000,32544076,32544076,1782868381587237,True,True
14521224,0.10680000,52.00000000,32544077,32544078,1782868382353864,True,True
14521225,0.10670000,238.50000000,32544079,32544080,1782868382390993,True,True
14521226,0.10670000,1944.60000000,32544081,32544082,1782868382508432,True,True
14521227,0.10670000,710.00000000,32544083,32544085,1782868382510158,True,True
14521228,0.10670000,733.00000000,32544086,32544087,1782868382510396,True,True
14521229,0.10670000,762.90000000,32544088,32544089,1782868382510867,True,True
14521230,0.10670000,1950.40000000,32544090,32544092,1782868382574603,False,True
14521231,0.10680000,50.80000000,32544093,32544093,1782868383066421,False,True
14521232,0.10680000,1443.00000000,32544094,32544095,1782868383452823,True,True
14521233,0.10680000,52.40000000,32544096,32544096,1782868384130919,False,True
14521234,0.10670000,50.70000000,32544097,32544097,1782868386677714,True,True
14521235,0.10670000,1233.30000000,32544098,32544099,1782868388814644,False,True
14521236,0.10660000,3868.40000000,32544100,32544104,1782868390513352,True,True
14521237,0.10660000,290.00000000,32544105,32544105,1782868390519755,False,True
14521238,0.10650000,49.40000000,32544106,32544106,1782868390876523,True,True
14521239,0.10650000,227.80000000,32544107,32544107,1782868390942230,False,True
14521240,0.10650000,2910.50000000,32544108,32544113,1782868390944785,False,True
14521241,0.10650000,78.70000000,32544114,32544114,1782868390989977,False,True
14521242,0.10640000,452.40000000,32544115,32544116,1782868391691335,True,True
14521243,0.10630000,222.10000000,32544117,32544118,1782868392168489,True,True
14521244,0.10650000,51.00000000,32544119,32544119,1782868393406803,False,True
14521245,0.10660000,710.00000000,32544120,32544121,1782868393437591,False,True
14521246,0.10660000,6544.90000000,32544122,32544125,1782868393437673,False,True
14521247,0.10660000,537.60000000,32544126,32544126,1782868393437713,False,True
14521248,0.10650000,50.80000000,32544127,32544127,1782868394373654,True,True
14521249,0.10650000,1167.00000000,32544128,32544130,1782868394670772,False,True
14521250,0.10660000,6467.90000000,32544131,32544135,1782868395283238,False,True
14521251,0.10660000,710.00000000,32544136,32544136,1782868395284979,False,True
14521252,0.10660000,705.70000000,32544137,32544137,1782868395285238,False,True
14521253,0.10660000,733.00000000,32544138,32544138,1782868395286316,False,True
14521254,0.10660000,733.00000000,32544139,32544139,1782868395288221,False,True
14521255,0.10660000,710.00000000,32544140,32544140,1782868395288604,False,True
14521256,0.10660000,733.00000000,32544141,32544141,1782868395290176,False,True
14521257,0.10660000,1308.00000000,32544142,32544142,1782868395290403,False,True
14521258,0.10660000,710.00000000,32544143,32544143,1782868395290738,False,True
14521259,0.10660000,226.90000000,32544144,32544144,1782868396864091,True,True
14521260,0.10650000,765.60000000,32544145,32544148,1782868403505679,True,True
14521261,0.10640000,235.60000000,32544149,32544149,1782868412505283,True,True
14521262,0.10660000,50.90000000,32544150,32544150,1782868417850489,False,True
14521263,0.10670000,112.50000000,32544151,32544152,1782868426832220,False,True
14521264,0.10660000,233.70000000,32544153,32544153,1782868428246149,True,True
14521265,0.10680000,551.80000000,32544154,32544157,1782868430433618,False,True
14521266,0.10680000,733.00000000,32544158,32544158,1782868431450765,False,True
14521267,0.10690000,1040.80000000,32544159,32544160,1782868431451729,False,True
14521268,0.10690000,904.00000000,32544161,32544161,1782868431454442,False,True
14521269,0.10690000,86.00000000,32544162,32544162,1782868431454734,False,True
14521270,0.10700000,1784.00000000,32544163,32544164,1782868431454734,False,True
14521271,0.10700000,50.70000000,32544165,32544165,1782868437014926,False,True
14521272,0.10710000,371.90000000,32544166,32544167,1782868438730165,False,True
14521273,0.10720000,3010.90000000,32544168,32544170,1782868439920477,False,True
14521274,0.10720000,3302.20000000,32544171,32544172,1782868440785317,False,True
14521275,0.10730000,733.00000000,32544173,32544174,1782868441487248,False,True
14521276,0.10720000,1644.40000000,32544175,32544177,1782868441489986,True,True
14521277,0.10730000,8839.50000000,32544178,32544180,1782868441592992,False,True
14521278,0.10730000,877.60000000,32544181,32544181,1782868441598657,False,True
14521279,0.10740000,2808.10000000,32544182,32544185,1782868443495430,False,True
14521280,0.10750000,5868.10000000,32544186,32544190,1782868443495430,False,True
14521281,0.10740000,990.00000000,32544191,32544191,1782868443623458,False,True
14521282,0.10740000,233.70000000,32544192,32544192,1782868443652118,True,True
14521283,0.10740000,4188.00000000,32544193,32544196,1782868445131090,False,True
14521284,0.10750000,10005.40000000,32544197,32544211,1782868445131090,False,True
14521285,0.10760000,1849.30000000,32544212,32544214,1782868445131090,False,True
14521286,0.10740000,733.00000000,32544215,32544215,1782868445134447,True,True
14521287,0.10740000,3301.90000000,32544216,32544217,1782868445135846,True,True
14521288,0.10750000,1720.00000000,32544218,32544219,1782868445460592,False,True
14521289,0.10740000,175.60000000,32544220,32544221,1782868446403587,True,True
14521290,0.10730000,50.40000000,32544222,32544222,1782868446783400,True,True
14521291,0.10730000,682.60000000,32544223,32544223,1782868446787921,False,True
14521292,0.10720000,50.50000000,32544224,32544224,1782868451580536,True,True
14521293,0.10710000,236.50000000,32544225,32544225,1782868459656036,True,True
14521294,0.10720000,200.30000000,32544226,32544227,1782868459790452,False,True
14521295,0.10720000,3772.00000000,32544228,32544236,1782868461060373,True,True
14521296,0.10720000,350.90000000,32544237,32544238,1782868462141867,False,True
14521297,0.10720000,2714.70000000,32544239,32544241,1782868463548675,True,True
14521298,0.10720000,361.10000000,32544242,32544242,1782868463562622,False,True
14521299,0.10720000,1776.00000000,32544243,32544248,1782868465136926,False,True
14521300,0.10710000,177.00000000,32544249,32544249,1782868469000301,True,True
14521301,0.10710000,98.00000000,32544250,32544251,1782868469000340,True,True
14521302,0.10710000,81.40000000,32544252,32544253,1782868469000693,True,True
14521303,0.10700000,236.40000000,32544254,32544256,1782868474543634,True,True
14521304,0.10700000,49.10000000,32544257,32544257,1782868485048788,True,True
14521305,0.10690000,153.70000000,32544258,32544260,1782868486362165,True,True
14521306,0.10690000,150.20000000,32544261,32544262,1782868487352103,False,True
14521307,0.10690000,240.70000000,32544263,32544264,1782868489038136,True,True
14521308,0.10700000,99.80000000,32544265,32544266,1782868493129063,False,True
14521309,0.10710000,455.80000000,32544267,32544269,1782868500042314,False,True
14521310,0.10710000,232.00000000,32544270,32544270,1782868503845136,True,True
14521311,0.10720000,50.60000000,32544271,32544271,1782868504073742,False,True
14521312,0.10720000,1421.70000000,32544272,32544272,1782868505065283,True,True
14521313,0.10730000,424.60000000,32544273,32544275,1782868509123871,False,True
14521314,0.10740000,127.60000000,32544276,32544277,1782868512753454,False,True
14521315,0.10720000,253.00000000,32544278,32544279,1782868514949920,True,True
14521316,0.10720000,242.20000000,32544280,32544280,1782868518747215,True,True
14521317,0.10730000,50.60000000,32544281,32544281,1782868519114733,False,True
14521318,0.10740000,385.50000000,32544282,32544284,1782868525075158,False,True
14521319,0.10740000,240.60000000,32544285,32544285,1782868533641503,True,True
14521320,0.10750000,50.50000000,32544286,32544286,1782868542965923,False,True
14521321,0.10740000,222.10000000,32544287,32544287,1782868548540903,True,True
14521322,0.10750000,1443.00000000,32544288,32544289,1782868561184518,True,True
14521323,0.10740000,50.40000000,32544290,32544290,1782868563194371,True,True
14521324,0.10730000,16468.00000000,32544291,32544300,1782868563194371,True,True
14521325,0.10720000,11451.20000000,32544301,32544308,1782868563194371,True,True
14521326,0.10720000,243.20000000,32544309,32544309,1782868564462346,True,True
14521327,0.10710000,403.00000000,32544310,32544311,1782868567136480,True,True
14521328,0.10720000,710.00000000,32544312,32544312,1782868567406517,False,True
14521329,0.10730000,2005.60000000,32544313,32544320,1782868567407045,False,True
14521330,0.10730000,242.20000000,32544321,32544321,1782868567410048,True,True
14521331,0.10730000,697.50000000,32544322,32544322,1782868567410657,True,True
14521332,0.10730000,710.00000000,32544323,32544323,1782868572526017,False,True
14521333,0.10720000,50.50000000,32544324,32544324,1782868578274822,True,True
14521334,0.10710000,234.70000000,32544325,32544327,1782868580066203,True,True
14521335,0.10700000,128.60000000,32544328,32544329,1782868593484652,True,True
14521336,0.10690000,224.00000000,32544330,32544330,1782868595146553,True,True
14521337,0.10700000,199.00000000,32544331,32544331,1782868595663930,False,True
14521338,0.10690000,50.60000000,32544332,32544332,1782868610012319,True,True
14521339,0.10680000,244.30000000,32544333,32544333,1782868611061833,True,True
14521340,0.10680000,3800.00000000,32544334,32544336,1782868615219011,True,True
14521341,0.10680000,1357.60000000,32544337,32544338,1782868621057321,True,True
14521342,0.10690000,237.50000000,32544339,32544339,1782868626554098,True,True
14521343,0.10700000,50.70000000,32544340,32544340,1782868632072100,False,True
14521344,0.10700000,242.40000000,32544341,32544341,1782868642457687,True,True
14521345,0.10690000,240.90000000,32544342,32544342,1782868658252356,True,True
14521346,0.10710000,707.80000000,32544343,32544346,1782868670745352,False,True
14521347,0.10720000,430.10000000,32544347,32544347,1782868671187935,False,True
14521348,0.10720000,4400.00000000,32544348,32544352,1782868671188825,False,True
14521349,0.10720000,2765.10000000,32544353,32544353,1782868671189926,False,True
14521350,0.10710000,226.30000000,32544354,32544354,1782868674367909,True,True
14521351,0.10710000,733.00000000,32544355,32544355,1782868674623598,True,True
14521352,0.10710000,694.90000000,32544356,32544359,1782868674626219,True,True
14521353,0.10720000,98.40000000,32544360,32544361,1782868684108901,False,True
14521354,0.10720000,2765.10000000,32544362,32544362,1782868685119071,True,True
14521355,0.10720000,3494.00000000,32544363,32544364,1782868685119301,True,True
14521356,0.10710000,906.00000000,32544365,32544365,1782868687405344,True,True
14521357,0.10710000,4400.00000000,32544366,32544369,1782868687405782,True,True
14521358,0.10710000,146.10000000,32544370,32544370,1782868687406072,True,True
14521359,0.10710000,604.10000000,32544371,32544371,1782868687420022,False,True
14521360,0.10700000,224.60000000,32544372,32544372,1782868689149491,True,True
14521361,0.10700000,289.60000000,32544373,32544374,1782868691994909,True,True
14521362,0.10700000,990.00000000,32544375,32544375,1782868692010319,False,True
14521363,0.10700000,8653.90000000,32544376,32544376,1782868692024778,True,True
14521364,0.10700000,510.00000000,32544377,32544377,1782868692026932,True,True
14521365,0.10700000,4221.20000000,32544378,32544378,1782868692026975,True,True
14521366,0.10700000,223.00000000,32544379,32544379,1782868692026983,True,True
14521367,0.10700000,150.00000000,32544380,32544380,1782868692026986,True,True
14521368,0.10700000,560.00000000,32544381,32544381,1782868692027060,True,True
14521369,0.10700000,568.70000000,32544382,32544383,1782868692027656,True,True
14521370,0.10700000,230.40000000,32544384,32544384,1782868705258718,True,True
14521371,0.10700000,4400.00000000,32544385,32544386,1782868709491317,True,True
14521372,0.10700000,190.80000000,32544387,32544387,1782868709491774,True,True
14521373,0.10700000,47.90000000,32544388,32544388,1782868709492565,True,True
14521374,0.10710000,147.70000000,32544389,32544390,1782868719549294,False,True
14521375,0.10700000,234.80000000,32544391,32544391,1782868720736418,True,True
14521376,0.10720000,466.40000000,32544392,32544392,1782868723355729,False,True
14521377,0.10700000,84.30000000,32544393,32544393,1782868727446017,True,True
14521378,0.10710000,237.40000000,32544394,32544394,1782868735442932,True,True
14521379,0.10720000,50.60000000,32544395,32544395,1782868749728796,False,True
14521380,0.10720000,241.20000000,32544396,32544396,1782868749938610,True,True
14521381,0.10730000,50.60000000,32544397,32544397,1782868753482327,False,True
14521382,0.10720000,50.50000000,32544398,32544398,1782868754894439,True,True
14521383,0.10720000,229.70000000,32544399,32544399,1782868765452296,True,True
14521384,0.10730000,50.60000000,32544400,32544400,1782868767113363,False,True
14521385,0.10740000,50.50000000,32544401,32544401,1782868776499614,False,True
14521386,0.10750000,50.50000000,32544402,32544402,1782868777747512,False,True
14521387,0.10740000,1549.90000000,32544403,32544404,1782868778682274,True,True
14521388,0.10740000,222.80000000,32544405,32544406,1782868780444389,True,True
14521389,0.10740000,221.70000000,32544407,32544407,1782868795038743,True,True
14521390,0.10750000,226.20000000,32544408,32544409,1782868810663605,True,True
14521391,0.10740000,226.50000000,32544410,32544410,1782868825339816,True,True
14521392,0.10740000,98.10000000,32544411,32544412,1782868831362808,True,True
14521393,0.10750000,7492.30000000,32544413,32544415,1782868838474123,False,True
14521394,0.10750000,1397.40000000,32544416,32544417,1782868838841282,True,True
14521395,0.10740000,10112.00000000,32544418,32544424,1782868838841282,True,True
14521396,0.10740000,7112.50000000,32544425,32544425,1782868838842690,False,True
14521397,0.10750000,617.70000000,32544426,32544426,1782868838855261,False,True
14521398,0.10750000,47.00000000,32544427,32544427,1782868838986304,False,True
14521399,0.10750000,47.00000000,32544428,32544428,1782868839034190,False,True
14521400,0.10740000,236.40000000,32544429,32544429,1782868841057479,True,True
14521401,0.10740000,223.10000000,32544430,32544430,1782868856757243,True,True
14521402,0.10740000,2000.00000000,32544431,32544435,1782868871660386,True,True
14521403,0.10740000,237.80000000,32544436,32544436,1782868872456991,True,True
14521404,0.10760000,50.50000000,32544437,32544437,1782868875750646,False,True
14521405,0.10750000,221.20000000,32544438,32544438,1782868887045715,True,True
14521406,0.10750000,15733.10000000,32544439,32544450,1782868894561437,True,True
14521407,0.10750000,2871.50000000,32544451,32544451,1782868894562610,False,True
14521408,0.10740000,244.00000000,32544452,32544452,1782868901745204,True,True
14521409,0.10740000,3977.50000000,32544453,32544456,1782868904713401,True,True
14521410,0.10730000,231.40000000,32544457,32544457,1782868916541150,True,True
14521411,0.10730000,1080.10000000,32544458,32544461,1782868920726244,True,True
14521412,0.10720000,11376.50000000,32544462,32544469,1782868921202895,True,True
14521413,0.10720000,7245.40000000,32544470,32544470,1782868921236079,False,True
14521414,0.10710000,198.00000000,32544471,32544471,1782868921347743,True,True
14521415,0.10710000,198.00000000,32544472,32544472,1782868921347937,True,True
14521416,0.10710000,198.00000000,32544473,32544474,1782868921347942,True,True
14521417,0.10710000,119.00000000,32544475,32544475,1782868921348148,True,True
14521418,0.10710000,198.00000000,32544476,32544476,1782868921348152,True,True
14521419,0.10710000,241.30000000,32544477,32544477,1782868931041964,True,True
14521420,0.10720000,93.10000000,32544478,32544478,1782868944912443,True,True
14521421,0.10720000,243.10000000,32544479,32544479,1782868946591305,True,True
14521422,0.10730000,1062.50000000,32544480,32544482,1782868948227026,False,True
14521423,0.10740000,50.50000000,32544483,32544483,1782868951528022,False,True
14521424,0.10730000,14380.20000000,32544484,32544498,1782868953915592,True,True
14521425,0.10730000,4276.50000000,32544499,32544499,1782868953917544,False,True
14521426,0.10740000,1196.00000000,32544500,32544500,1782868954102656,False,True
14521427,0.10720000,229.10000000,32544501,32544501,1782868962554911,True,True
14521428,0.10740000,1085.40000000,32544502,32544504,1782868963417651,False,True
14521429,0.10750000,50.50000000,32544505,32544505,1782868963644202,False,True
14521430,0.10750000,1443.00000000,32544506,32544507,1782868972101543,False,True
14521431,0.10760000,712.30000000,32544508,32544509,1782868972156796,False,True
14521432,0.10760000,254.60000000,32544510,32544510,1782868973508542,False,True
14521433,0.10740000,224.80000000,32544511,32544511,1782868978668605,True,True
14521434,0.10740000,98.10000000,32544512,32544513,1782868981630098,True,True
14521435,0.10730000,1117.10000000,32544514,32544517,1782868982051282,True,True
14521436,0.10740000,901.60000000,32544518,32544518,1782868990466925,False,True
14521437,0.10730000,235.90000000,32544519,32544519,1782868994157353,True,True
14521438,0.10740000,50.50000000,32544520,32544520,1782868996488648,False,True
14521439,0.10750000,1685.80000000,32544521,32544525,1782868996847581,False,True
14521440,0.10760000,1580.00000000,32544526,32544529,1782868996850707,False,True
14521441,0.10760000,1860.00000000,32544530,32544530,1782868996850993,False,True
14521442,0.10760000,540.00000000,32544531,32544531,1782868996851076,False,True
14521443,0.10760000,280.00000000,32544532,32544532,1782868996851137,False,True
14521444,0.10760000,820.00000000,32544533,32544533,1782868996851507,False,True
14521445,0.10760000,1069.10000000,32544534,32544534,1782868996851971,False,True
14521446,0.10770000,615.90000000,32544535,32544535,1782868996851971,False,True
14521447,0.10770000,1400.00000000,32544536,32544538,1782868996851973,False,True
14521448,0.10770000,325.00000000,32544539,32544539,1782868996852036,False,True
14521449,0.10760000,147.00000000,32544540,32544540,1782868996852431,False,True
14521450,0.10760000,138.00000000,32544541,32544541,1782868996853013,False,True
14521451,0.10750000,990.00000000,32544542,32544542,1782868997274507,True,True
14521452,0.10750000,2433.00000000,32544543,32544545,1782868998482623,False,True
14521453,0.10760000,2397.80000000,32544546,32544549,1782868998482623,False,True
14521454,0.10750000,3100.50000000,32544550,32544550,1782869006478590,True,True
14521455,0.10740000,228.20000000,32544551,32544551,1782869009040330,True,True
14521456,0.10740000,50.40000000,32544552,32544552,1782869017147698,True,True
14521457,0.10730000,228.70000000,32544553,32544553,1782869023940440,True,True
14521458,0.10730000,134.20000000,32544554,32544555,1782869025679647,True,True
14521459,0.10720000,1200.60000000,32544556,32544557,1782869025950716,True,True
14521460,0.10720000,1103.50000000,32544558,32544558,1782869025950719,True,True
14521461,0.10720000,100.00000000,32544559,32544559,1782869026439858,False,True
14521462,0.10720000,1420.50000000,32544560,32544561,1782869026440487,False,True
14521463,0.10720000,2182.50000000,32544562,32544562,1782869026932121,True,True
14521464,0.10710000,230.80000000,32544563,32544565,1782869039957223,True,True
14521465,0.10730000,50.60000000,32544566,32544566,1782869042513264,False,True
14521466,0.10730000,1392.40000000,32544567,32544568,1782869042522429,True,True
14521467,0.10720000,5532.60000000,32544569,32544574,1782869049157674,True,True
14521468,0.10710000,244.20000000,32544575,32544576,1782869054539896,True,True
14521469,0.10710000,3780.20000000,32544577,32544578,1782869062748136,True,True
14521470,0.10710000,530.50000000,32544579,32544579,1782869063500815,False,True
14521471,0.10700000,234.80000000,32544580,32544580,1782869069139035,True,True
14521472,0.10700000,692.30000000,32544581,32544583,1782869069139035,True,True
14521473,0.10700000,4154.20000000,32544584,32544585,1782869074963736,True,True
14521474,0.10700000,990.00000000,32544586,32544586,1782869075419316,False,True
14521475,0.10700000,3296.50000000,32544587,32544587,1782869075504194,True,True
14521476,0.10700000,316.40000000,32544588,32544588,1782869075505321,True,True
14521477,0.10690000,97.40000000,32544589,32544590,1782869084043027,True,True
14521478,0.10680000,146.80000000,32544591,32544591,1782869084043027,True,True
14521479,0.10690000,480.00000000,32544592,32544592,1782869084641238,False,True
14521480,0.10700000,9345.70000000,32544593,32544598,1782869085757090,False,True
14521481,0.10700000,510.00000000,32544599,32544600,1782869085759381,False,True
14521482,0.10680000,26922.10000000,32544601,32544611,1782869091335223,True,True
