405612,1158.61000000,0.06800000,423320,423320,1782864006958965,False,True
405613,1158.61000000,0.01800000,423321,423321,1782864006960056,False,True
405614,1158.81000000,0.08600000,423322,423322,1782864006961357,False,True
405615,1158.84000000,0.05000000,423323,423323,1782864006961357,False,True
405616,1158.79000000,0.08600000,423324,423324,1782864006963112,False,True
405617,1158.84000000,0.05000000,423325,423325,1782864006963112,False,True
405618,1159.71000000,0.00500000,423326,423326,1782864033327793,False,True
405619,1160.00000000,0.13100000,423327,423327,1782864038414601,False,True
405620,1160.00000000,0.09300000,423328,423328,1782864038414735,False,True
405621,1160.38000000,0.06500000,423329,423329,1782864043449547,True,True
405622,1160.26000000,0.13000000,423330,423330,1782864043450752,True,True
405623,1160.26000000,0.06500000,423331,423331,1782864043450847,True,True
405624,1160.26000000,0.06500000,423332,423332,1782864043451576,True,True
405625,1160.26000000,0.03400000,423333,423333,1782864043451807,True,True
405626,1161.00000000,0.00500000,423334,423334,1782864047894972,False,True
405627,1161.16000000,0.06500000,423335,423335,1782864047897161,False,True
405628,1161.16000000,0.02100000,423336,423336,1782864047898546,False,True
405629,1161.31000000,0.06400000,423337,423337,1782864048854161,False,True
405630,1161.31000000,0.02200000,423338,423338,1782864048856500,False,True
405631,1161.59000000,0.06400000,423339,423339,1782864048857506,False,True
405632,1161.59000000,0.02300000,423340,423340,1782864048857625,False,True
405633,1162.29000000,0.00500000,423341,423341,1782864049331694,False,True
405634,1161.90000000,0.04000000,423342,423342,1782864053981765,True,True
405635,1161.90000000,0.08000000,423343,423343,1782864053991600,True,True
405636,1161.90000000,0.02000000,423344,423344,1782864053998112,True,True
405637,1161.85000000,0.05900000,423345,423345,1782864067840657,True,True
405638,1161.85000000,0.11800000,423346,423346,1782864067840828,True,True
405639,1161.85000000,0.05900000,423347,423347,1782864067841122,True,True
405640,1161.85000000,0.05700000,423348,423348,1782864067841581,True,True
405641,1160.76000000,0.05700000,423349,423349,1782864070209922,True,True
405642,1159.60000000,0.00500000,423350,423350,1782864087420456,True,True
405643,1161.00000000,0.00500000,423351,423351,1782864123262382,False,True
405644,1158.74000000,0.02400000,423352,423352,1782864214809473,True,True
405645,1159.45000000,0.09800000,423353,423353,1782864221595893,False,True
405646,1159.48000000,0.06300000,423354,423354,1782864266697426,False,True
405647,1159.48000000,0.02900000,423355,423355,1782864266698195,False,True
405648,1159.04000000,0.06600000,423356,423356,1782864282459542,False,True
405649,1159.04000000,0.03000000,423357,423357,1782864282459603,False,True
405650,1158.59000000,0.06600000,423358,423358,1782864306336507,True,True
405651,1158.42000000,0.00500000,423359,423359,1782864308193593,True,True
405652,1158.23000000,0.13300000,423360,423360,1782864308194925,True,True
405653,1158.23000000,0.13300000,423361,423361,1782864308194941,True,True
405654,1158.23000000,0.02700000,423362,423362,1782864308219493,True,True
405655,1157.13000000,0.00500000,423363,423363,1782864356895908,True,True
405656,1156.91000000,0.08600000,423364,423364,1782864356897417,True,True
405657,1156.32000000,0.00500000,423365,423365,1782864359087798,True,True
405658,1156.73000000,0.09700000,423366,423366,1782864367520477,False,True
405659,1156.66000000,0.03400000,423367,423367,1782864374347912,True,True
405660,1156.66000000,0.03400000,423368,423368,1782864374347993,True,True
405661,1156.66000000,0.03400000,423369,423369,1782864374348051,True,True
405662,1156.66000000,0.13900000,423370,423370,1782864374348066,True,True
405663,1156.63000000,0.03500000,423371,423371,1782864386257901,False,True
405664,1156.63000000,0.03500000,423372,423372,1782864386257949,False,True
405665,1156.63000000,0.02600000,423373,423373,1782864386258288,False,True
405666,1156.31000000,0.03600000,423374,423374,1782864413055748,True,True
405667,1156.31000000,0.03600000,423375,423375,1782864413055924,True,True
405668,1156.31000000,0.01400000,423376,423376,1782864413056402,True,True
405669,1155.84000000,0.00500000,423377,423377,1782864417238357,True,True
405670,1155.82000000,0.08600000,423378,423378,1782864417238357,True,True
405671,1155.28000000,0.03600000,423379,423379,1782864424803774,True,True
405672,1155.28000000,0.05000000,423380,423380,1782864424803865,True,True
405673,1155.02000000,0.10000000,423381,423382,1782864430467798,False,True
405674,1155.08000000,0.03500000,423383,423383,1782864444992713,True,True
405675,1155.08000000,0.03500000,423384,423384,1782864444993139,True,True
405676,1155.08000000,0.01600000,423385,423385,1782864446394073,True,True
405677,1154.55000000,0.03500000,423386,423387,1782864449257161,True,True
405678,1154.55000000,0.03500000,423388,423388,1782864449257373,True,True
405679,1154.55000000,0.02100000,423389,423389,1782864449257568,True,True
405680,1154.44000000,0.02100000,423390,423390,1782864450832604,False,True
405681,1154.27000000,0.09900000,423391,423391,1782864472747322,False,True
405682,1154.61000000,0.03500000,423392,423392,1782864484260395,False,True
405683,1154.61000000,0.03500000,423393,423393,1782864484260446,False,True
405684,1154.61000000,0.02900000,423394,423394,1782864484260457,False,True
405685,1154.03000000,0.03400000,423395,423395,1782864497144006,True,True
405686,1154.03000000,0.05200000,423396,423396,1782864497145231,True,True
405687,1153.98000000,0.02400000,423397,423397,1782864503244928,False,True
405688,1154.25000000,0.03500000,423398,423398,1782864508071093,False,True
405689,1154.25000000,0.03500000,423399,423399,1782864508072281,False,True
405690,1154.25000000,0.02100000,423400,423400,1782864508072310,False,True
405691,1154.74000000,0.09100000,423401,423401,1782864512731479,False,True
405692,1154.89000000,0.03400000,423402,423402,1782864519618541,False,True
405693,1154.89000000,0.03400000,423403,423403,1782864519619365,False,True
405694,1154.89000000,0.02800000,423404,423404,1782864519619832,False,True
405695,1154.30000000,0.03500000,423405,423405,1782864546314760,True,True
405696,1154.30000000,0.03500000,423406,423406,1782864546315090,True,True
405697,1154.30000000,0.03500000,423407,423407,1782864546315775,True,True
405698,1154.30000000,0.03500000,423408,423408,1782864546316412,True,True
405699,1154.30000000,0.03500000,423409,423409,1782864546316676,True,True
405700,1154.30000000,0.03500000,423410,423410,1782864546321445,True,True
405701,1154.30000000,0.03500000,423411,423411,1782864546357129,True,True
405702,1154.30000000,0.03500000,423412,423412,1782864546357199,True,True
405703,1154.30000000,0.01400000,423413,423413,1782864546358138,True,True
405704,1154.92000000,0.14100000,423414,423414,1782864642040259,True,True
405705,1153.98000000,0.47800000,423415,423415,1782864785574645,False,True
405706,1154.38000000,0.29400000,423416,423416,1782864785574645,False,True
405707,1154.91000000,0.03700000,423417,423417,1782864785574645,False,True
405708,1153.51000000,0.03700000,423418,423418,1782864818304790,True,True
405709,1153.51000000,0.03700000,423419,423419,1782864818304872,True,True
405710,1153.51000000,0.03700000,423420,423420,1782864818304892,True,True
405711,1153.51000000,0.14900000,423421,423421,1782864818305630,True,True
405712,1153.51000000,0.03700000,423422,423422,1782864818305728,True,True
405713,1153.51000000,0.03700000,423423,423423,1782864818305929,True,True
405714,1153.51000000,0.03700000,423424,423424,1782864818305935,True,True
405715,1153.51000000,0.14900000,423425,423425,1782864818306049,True,True
405716,1153.51000000,0.00600000,423426,423426,1782864818306297,True,True
405717,1153.44000000,0.03100000,423427,423427,1782864818306297,True,True
405718,1153.44000000,0.03700000,423428,423428,1782864818306348,True,True
405719,1153.44000000,0.01800000,423429,423429,1782864818306579,True,True
405720,1153.26000000,0.00500000,423430,423430,1782864838811099,True,True
405721,1153.76000000,0.03700000,423431,423431,1782864848958664,False,True
405722,1153.76000000,0.03700000,423432,423432,1782864848958802,False,True
405723,1153.76000000,0.03700000,423433,423433,1782864848958980,False,True
405724,1153.76000000,0.03700000,423434,423434,1782864848959183,False,True
405725,1153.76000000,0.14600000,423435,423435,1782864848959373,False,True
405726,1153.97000000,0.03800000,423436,423436,1782864849006597,False,True
405727,1153.97000000,0.03800000,423437,423437,1782864849006701,False,True
405728,1153.97000000,0.03800000,423438,423438,1782864849006813,False,True
405729,1153.97000000,0.03800000,423439,423439,1782864849007533,False,True
405730,1153.97000000,0.03800000,423440,423440,1782864849007644,False,True
405731,1153.97000000,0.03800000,423441,423441,1782864849007756,False,True
405732,1153.97000000,0.06600000,423442,423442,1782864849007775,False,True
405733,1153.98000000,0.08600000,423443,423443,1782864849007775,False,True
405734,1153.98000000,0.03800000,423444,423444,1782864849007879,False,True
405735,1153.98000000,0.03800000,423445,423445,1782864849008882,False,True
405736,1153.98000000,0.15200000,423446,423446,1782864849009018,False,True
405737,1153.97000000,0.15200000,423447,423447,1782864849009556,False,True
405738,1153.97000000,0.03800000,423448,423448,1782864849010537,False,True
405739,1153.97000000,0.03800000,423449,423449,1782864849010595,False,True
405740,1153.97000000,0.03800000,423450,423450,1782864849010708,False,True
405741,1152.52000000,0.03600000,423451,423451,1782864893636201,True,True
405742,1152.52000000,0.03600000,423452,423452,1782864893636473,True,True
405743,1152.52000000,0.01400000,423453,423453,1782864893637501,True,True
405744,1152.40000000,0.03600000,423454,423454,1782864893637927,True,True
405745,1152.40000000,0.03600000,423455,423455,1782864893638364,True,True
405746,1152.40000000,0.03600000,423456,423456,1782864893638397,True,True
405747,1152.40000000,0.14400000,423457,423457,1782864893638927,True,True
405748,1152.40000000,0.03600000,423458,423458,1782864893639244,True,True
405749,1152.40000000,0.14400000,423459,423459,1782864893640426,True,True
405750,1152.40000000,0.03600000,423460,423460,1782864893640525,True,True
405751,1152.00000000,0.01200000,423461,423461,1782864921375313,True,True
405752,1151.97000000,0.00500000,423462,423462,1782864921386248,True,True
405753,1152.21000000,0.01700000,423463,423463,1782864922403424,False,True
405754,1151.88000000,0.08000000,423464,423464,1782864925188318,True,True
405755,1151.88000000,0.00600000,423465,423465,1782864925189426,True,True
405756,1151.17000000,0.01600000,423466,423466,1782864928554801,True,True
405757,1151.72000000,0.01600000,423467,423467,1782864933406428,False,True
405758,1151.37000000,0.01600000,423468,423468,1782864935816309,True,True
405759,1151.37000000,0.06900000,423469,423469,1782864938517428,True,True
405760,1151.44000000,0.01600000,423470,423470,1782864939303992,False,True
405761,1151.42000000,0.11800000,423471,423471,1782864939624122,False,True
405762,1151.43000000,0.05600000,423472,423472,1782864939624122,False,True
405763,1150.31000000,0.01600000,423473,423473,1782864944029605,True,True
405764,1150.93000000,0.01600000,423474,423474,1782864946608214,False,True
405765,1150.42000000,0.01600000,423475,423475,1782864948901908,True,True
405766,1150.73000000,0.01600000,423476,423476,1782864952291590,False,True
405767,1150.00000000,0.01600000,423477,423477,1782864957004181,True,True
405768,1150.27000000,0.03600000,423478,423478,1782864959528841,False,True
405769,1150.27000000,0.03600000,423479,423479,1782864959528868,False,True
405770,1150.27000000,0.03600000,423480,423480,1782864959529361,False,True
405771,1150.27000000,0.03600000,423481,423481,1782864959529384,False,True
405772,1150.27000000,0.03600000,423482,423482,1782864959529535,False,True
405773,1150.27000000,0.03600000,423483,423483,1782864959529757,False,True
405774,1150.27000000,0.03600000,423484,423484,1782864959530562,False,True
405775,1150.27000000,0.03600000,423485,423485,1782864959530788,False,True
405776,1150.27000000,0.00600000,423486,423486,1782864959530825,False,True
405777,1152.15000000,0.14000000,423487,423487,1782864991668423,False,True
405778,1152.15000000,0.03500000,423488,423488,1782864991668458,False,True
405779,1152.15000000,0.03500000,423489,423489,1782864991668665,False,True
405780,1152.15000000,0.03500000,423490,423490,1782864991668830,False,True
405781,1152.15000000,0.01800000,423491,423491,1782864991668914,False,True
405782,1152.48000000,0.01600000,423492,423492,1782865063894416,False,True
405783,1151.80000000,0.01600000,423493,423493,1782865068041377,True,True
405784,1152.57000000,0.01600000,423494,423494,1782865071375609,False,True
405785,1151.43000000,0.01600000,423495,423495,1782865076584194,True,True
405786,1151.74000000,0.01600000,423496,423496,1782865079109067,False,True
405787,1150.98000000,0.01600000,423497,423497,1782865082271699,True,True
405788,1151.39000000,0.01600000,423498,423498,1782865087279821,False,True
405789,1150.79000000,0.01600000,423499,423499,1782865090508899,True,True
405790,1149.44000000,0.00500000,423500,423500,1782865172736520,True,True
405791,1148.87000000,0.08100000,423501,423501,1782865240132603,True,True
405792,1149.66000000,0.03400000,423502,423502,1782865241713812,False,True
405793,1148.77000000,0.04000000,423503,423503,1782865294984343,False,True
405794,1148.77000000,0.04000000,423504,423504,1782865294984804,False,True
405795,1148.77000000,0.12200000,423505,423505,1782865294985234,False,True
405796,1148.77000000,0.04000000,423506,423506,1782865294985320,False,True
405797,1148.77000000,0.05300000,423507,423507,1782865294985352,False,True
405798,1148.39000000,0.00800000,423508,423508,1782865326692309,False,True
405799,1148.17000000,0.00800000,423509,423509,1782865332488458,True,True
405800,1148.72000000,0.00800000,423510,423510,1782865337184851,False,True
405801,1148.16000000,0.00500000,423511,423511,1782865342612396,True,True
405802,1148.00000000,0.00300000,423512,423512,1782865342612396,True,True
405803,1148.23000000,0.00800000,423513,423513,1782865346933249,False,True
405804,1148.00000000,0.04300000,423514,423514,1782865350913350,True,True
405805,1148.00000000,0.04300000,423515,423515,1782865350913682,True,True
405806,1148.00000000,0.13000000,423516,423516,1782865350914291,True,True
405807,1148.00000000,0.04300000,423517,423517,1782865350914335,True,True
405808,1148.00000000,0.13000000,423518,423518,1782865350915291,True,True
405809,1148.00000000,0.04300000,423519,423519,1782865350915303,True,True
405810,1148.00000000,0.04300000,423520,423520,1782865350915348,True,True
405811,1148.00000000,0.13000000,423521,423521,1782865350915369,True,True
405812,1148.00000000,0.04300000,423522,423522,1782865350915388,True,True
405813,1148.00000000,0.04300000,423523,423523,1782865350916029,True,True
405814,1148.00000000,0.04300000,423524,423524,1782865350916331,True,True
405815,1148.00000000,0.04300000,423525,423525,1782865350917290,True,True
405816,1148.00000000,0.00800000,423526,423526,1782865353811500,True,True
405817,1148.00000000,0.04000000,423527,423527,1782865356445770,True,True
405818,1148.09000000,0.00800000,423528,423528,1782865357307744,False,True
405819,1148.00000000,0.04000000,423529,423529,1782865360027680,True,True
405820,1148.00000000,0.08000000,423530,423530,1782865360049415,True,True
405821,1148.00000000,0.29000000,423531,423531,1782865360065521,True,True
405822,1148.00000000,0.80000000,423532,423532,1782865360083406,True,True
405823,1148.00000000,1.60000000,423533,423533,1782865360113599,True,True
405824,1148.00000000,0.04300000,423534,423534,1782865360114887,True,True
405825,1148.00000000,0.04300000,423535,423535,1782865360115060,True,True
405826,1148.00000000,0.04300000,423536,423536,1782865360116191,True,True
405827,1148.00000000,0.00800000,423537,423537,1782865360377700,True,True
405828,1148.00000000,0.08000000,423538,423538,1782865362352583,True,True
405829,1148.00000000,0.29000000,423539,423539,1782865362361517,True,True
405830,1148.00000000,0.80000000,423540,423540,1782865362375660,True,True
405831,1148.00000000,1.50500000,423541,423541,1782865362384106,True,True
405832,1148.18000000,0.00800000,423542,423542,1782865364314255,False,True
405833,1147.65000000,0.00800000,423543,423543,1782865367138882,True,True
405834,1147.95000000,0.00800000,423544,423544,1782865375669683,False,True
405835,1147.61000000,0.00800000,423545,423545,1782865378024835,True,True
405836,1148.25000000,0.13100000,423546,423546,1782865378543634,False,True
405837,1148.25000000,0.04300000,423547,423547,1782865378543642,False,True
405838,1148.25000000,0.04300000,423548,423548,1782865378543679,False,True
405839,1148.25000000,0.04300000,423549,423549,1782865378544535,False,True
405840,1148.25000000,0.03500000,423550,423550,1782865378544610,False,True
405841,1148.46000000,0.04300000,423551,423551,1782865378578391,False,True
405842,1148.46000000,0.04300000,423552,423552,1782865378579295,False,True
405843,1148.46000000,0.04300000,423553,423553,1782865378579397,False,True
405844,1148.46000000,0.13100000,423554,423554,1782865378579414,False,True
405845,1148.46000000,0.04300000,423555,423555,1782865378580347,False,True
405846,1148.46000000,0.04300000,423556,423556,1782865378580459,False,True
405847,1148.46000000,0.04300000,423557,423557,1782865378580464,False,True
405848,1148.46000000,0.04300000,423558,423558,1782865378581374,False,True
405849,1148.46000000,0.04300000,423559,423559,1782865378581501,False,True
405850,1148.46000000,0.04300000,423560,423560,1782865378582178,False,True
405851,1148.46000000,0.04300000,423561,423561,1782865378582248,False,True
405852,1148.46000000,0.04300000,423562,423562,1782865378582885,False,True
405853,1148.46000000,0.04300000,423563,423563,1782865378582961,False,True
405854,1148.53000000,0.00800000,423564,423564,1782865380473075,False,True
405855,1148.00000000,0.00800000,423565,423565,1782865383167714,True,True
405856,1148.60000000,0.00800000,423566,423566,1782865386703555,False,True
405857,1148.41000000,0.00800000,423567,423567,1782865389824637,True,True
405858,1149.67000000,0.00800000,423568,423568,1782865395061549,False,True
405859,1149.94000000,0.13500000,423569,423569,1782865396881831,False,True
405860,1149.94000000,0.13500000,423570,423570,1782865396881869,False,True
405861,1149.94000000,0.04500000,423571,423571,1782865396891893,False,True
405862,1149.94000000,0.04500000,423572,423572,1782865396892298,False,True
405863,1149.94000000,0.04500000,423573,423573,1782865396892335,False,True
405864,1149.94000000,0.13500000,423574,423574,1782865396892822,False,True
405865,1149.94000000,0.04500000,423575,423575,1782865396892981,False,True
405866,1149.94000000,0.13500000,423576,423576,1782865396893007,False,True
405867,1149.94000000,0.13500000,423577,423577,1782865396893958,False,True
405868,1149.94000000,0.13500000,423578,423578,1782865396894113,False,True
405869,1149.60000000,0.00800000,423579,423579,1782865397738459,True,True
405870,1149.90000000,0.00800000,423580,423580,1782865400360458,False,True
405871,1148.97000000,0.00800000,423581,423581,1782865402979088,True,True
405872,1149.89000000,0.00800000,423582,423582,1782865405896752,False,True
405873,1149.20000000,0.00800000,423583,423583,1782865408978475,True,True
405874,1150.06000000,0.00800000,423584,423584,1782865414253959,False,True
405875,1149.33000000,0.00800000,423585,423585,1782865416789594,True,True
405876,1149.27000000,0.00800000,423586,423586,1782865423980848,False,True
405877,1148.12000000,0.04400000,423587,423587,1782865436009353,False,True
405878,1147.90000000,0.05200000,423588,423588,1782865440395439,True,True
405879,1148.45000000,0.05200000,423589,423589,1782865443668915,False,True
405880,1148.20000000,0.05200000,423590,423590,1782865448923727,True,True
405881,1149.07000000,0.05100000,423591,423591,1782865452047171,False,True
405882,1148.62000000,0.05100000,423592,423592,1782865457962308,True,True
405883,1149.53000000,0.05100000,423593,423593,1782865462198931,False,True
405884,1148.89000000,0.05100000,423594,423594,1782865465785854,True,True
405885,1149.67000000,0.04200000,423595,423595,1782865470082888,False,True
405886,1149.67000000,0.04200000,423596,423596,1782865470082891,False,True
405887,1149.67000000,0.04200000,423597,423597,1782865470082929,False,True
405888,1149.67000000,0.04200000,423598,423598,1782865470082957,False,True
405889,1149.67000000,0.04200000,423599,423599,1782865470082973,False,True
405890,1150.45000000,0.05100000,423600,423600,1782865470983944,False,True
405891,1148.54000000,0.05100000,423601,423601,1782865475066678,True,True
405892,1149.32000000,0.05100000,423602,423602,1782865478416931,False,True
405893,1149.33000000,0.05100000,423603,423603,1782865483866618,True,True
405894,1149.54000000,0.05100000,423604,423604,1782865489394233,False,True
405895,1149.40000000,0.05100000,423605,423605,1782865495731900,True,True
405896,1149.51000000,0.05100000,423606,423606,1782865499927771,False,True
405897,1148.79000000,0.05100000,423607,423607,1782865503353318,True,True
405898,1149.13000000,0.05100000,423608,423608,1782865506085077,False,True
405899,1148.30000000,0.05100000,423609,423609,1782865509909663,True,True
405900,1148.75000000,0.05100000,423610,423610,1782865513020239,False,True
405901,1148.01000000,0.05100000,423611,423611,1782865518290997,True,True
405902,1148.54000000,0.05100000,423612,423612,1782865521016571,False,True
405903,1148.05000000,0.05100000,423613,423613,1782865526693535,True,True
405904,1148.97000000,0.05100000,423614,423614,1782865573288685,False,True
405905,1148.57000000,0.05100000,423615,423615,1782865578392355,True,True
405906,1149.15000000,0.05100000,423616,423616,1782865583861238,False,True
405907,1148.76000000,0.05100000,423617,423617,1782865589267269,True,True
405908,1149.30000000,0.05100000,423618,423618,1782865594522078,False,True
405909,1149.10000000,0.05100000,423619,423619,1782865614762984,True,True
405910,1149.64000000,0.05100000,423620,423620,1782865620020139,False,True
405911,1149.37000000,0.05100000,423621,423621,1782865625543720,True,True
405912,1150.40000000,0.05000000,423622,423622,1782865631251051,False,True
405913,1149.94000000,0.05000000,423623,423623,1782865637830862,True,True
405914,1150.72000000,0.00500000,423624,423624,1782865654023852,False,True
405915,1151.77000000,0.11100000,423625,423625,1782865742053644,True,True
405916,1152.00000000,0.00500000,423626,423626,1782865742775357,False,True
405917,1152.60000000,0.11000000,423627,423627,1782865747546255,False,True
405918,1151.60000000,0.04400000,423628,423628,1782865774329517,True,True
405919,1151.60000000,0.04400000,423629,423629,1782865774329807,True,True
405920,1151.60000000,0.04400000,423630,423630,1782865774330050,True,True
405921,1151.60000000,0.12600000,423631,423631,1782865774330953,True,True
405922,1151.60000000,0.03700000,423632,423632,1782865774330989,True,True
405923,1151.52000000,0.04200000,423633,423633,1782865774333140,True,True
405924,1151.10000000,0.11000000,423634,423634,1782865774615056,True,True
405925,1151.73000000,0.11000000,423635,423635,1782865777893908,False,True
405926,1151.27000000,0.06000000,423636,423636,1782865778277755,True,True
405927,1151.08000000,0.04200000,423637,423637,1782865792210724,True,True
405928,1151.08000000,0.04200000,423638,423638,1782865792210924,True,True
405929,1151.08000000,0.04200000,423639,423639,1782865792211757,True,True
405930,1151.08000000,0.12600000,423640,423640,1782865792212104,True,True
405931,1151.08000000,0.04200000,423641,423641,1782865792212643,True,True
405932,1151.08000000,0.00100000,423642,423642,1782865792213515,True,True
405933,1151.07000000,0.04100000,423643,423643,1782865792213515,True,True
405934,1151.07000000,0.12600000,423644,423644,1782865792213595,True,True
405935,1151.08000000,0.04200000,423645,423645,1782865792214759,True,True
405936,1151.08000000,0.04200000,423646,423646,1782865792214796,True,True
405937,1151.10000000,0.11000000,423647,423647,1782865855562556,True,True
405938,1151.73000000,0.11000000,423648,423648,1782865859149770,False,True
405939,1151.65000000,0.11000000,423649,423649,1782865865230126,True,True
405940,1152.05000000,0.11000000,423650,423650,1782865868882465,False,True
405941,1151.52000000,0.03300000,423651,423651,1782865880454864,True,True
405942,1151.00000000,0.11000000,423652,423652,1782865880958701,True,True
405943,1151.49000000,0.11000000,423653,423653,1782865884282427,False,True
405944,1151.38000000,0.11000000,423654,423654,1782865891802905,True,True
405945,1151.58000000,0.11000000,423655,423655,1782865894915796,False,True
405946,1151.83000000,0.00400000,423656,423656,1782865948537004,False,True
405947,1151.74000000,0.11000000,423657,423657,1782865950821106,True,True
405948,1152.52000000,0.10900000,423658,423658,1782865954284189,False,True
405949,1151.29000000,0.10900000,423659,423659,1782865962987257,True,True
405950,1152.31000000,0.10900000,423660,423660,1782865969663373,False,True
405951,1151.98000000,0.49400000,423661,423661,1782866207145843,False,True
405952,1152.10000000,0.00900000,423662,423662,1782866215615623,False,True
405953,1151.98000000,0.12600000,423663,423663,1782866216373446,True,True
405954,1151.98000000,0.12600000,423664,423664,1782866216374219,True,True
405955,1151.98000000,0.04200000,423665,423665,1782866216374286,True,True
405956,1151.98000000,0.08400000,423666,423666,1782866216374319,True,True
405957,1152.10000000,0.04200000,423667,423667,1782866257309850,False,True
405958,1152.10000000,0.04200000,423668,423668,1782866257310020,False,True
405959,1152.10000000,0.12600000,423669,423669,1782866257311008,False,True
405960,1152.10000000,0.04200000,423670,423670,1782866257311044,False,True
405961,1152.10000000,0.04200000,423671,423671,1782866257311232,False,True
405962,1152.10000000,0.04200000,423672,423672,1782866257311295,False,True
405963,1152.10000000,0.04200000,423673,423673,1782866257311394,False,True
405964,1152.10000000,0.04200000,423674,423674,1782866257312136,False,True
405965,1152.10000000,0.04200000,423675,423675,1782866257312543,False,True
405966,1152.10000000,0.04200000,423676,423676,1782866257313166,False,True
405967,1152.10000000,0.04200000,423677,423677,1782866257314115,False,True
405968,1152.10000000,0.12600000,423678,423678,1782866257314166,False,True
405969,1152.10000000,0.04200000,423679,423679,1782866257314319,False,True
405970,1152.10000000,0.12600000,423680,423680,1782866257314330,False,True
405971,1152.10000000,0.03200000,423681,423681,1782866257315301,False,True
405972,1153.28000000,0.00500000,423682,423682,1782866306306245,False,True
405973,1153.95000000,0.00800000,423683,423683,1782866330051450,False,True
405974,1153.53000000,0.00700000,423684,423684,1782866336142581,True,True
405975,1153.95000000,0.00700000,423685,423685,1782866340109827,False,True
405976,1153.49000000,0.00700000,423686,423686,1782866343492407,True,True
405977,1154.21000000,0.00700000,423687,423687,1782866348223252,False,True
405978,1153.43000000,0.00700000,423688,423688,1782866351350056,True,True
405979,1154.32000000,0.00700000,423689,423689,1782866355774574,False,True
405980,1153.75000000,0.00700000,423690,423690,1782866360515760,True,True
405981,1154.59000000,0.00700000,423691,423691,1782866363913548,False,True
405982,1154.40000000,0.00700000,423692,423692,1782866369344864,True,True
405983,1154.88000000,0.00700000,423693,423693,1782866372622994,False,True
405984,1153.45000000,0.00700000,423694,423694,1782866376895949,True,True
405985,1154.01000000,0.23800000,423695,423695,1782866388611039,True,True
405986,1153.71000000,0.08400000,423696,423696,1782866444967265,True,True
405987,1154.52000000,0.00700000,423697,423697,1782866530837075,False,True
405988,1153.99000000,0.00700000,423698,423698,1782866536531950,True,True
405989,1151.97000000,0.00500000,423699,423699,1782866678725103,True,True
405990,1151.60000000,0.00500000,423700,423700,1782867021910984,False,True
405991,1151.15000000,0.00500000,423701,423701,1782867025803232,True,True
405992,1151.67000000,0.00500000,423702,423702,1782867028922142,False,True
405993,1151.15000000,0.00500000,423703,423703,1782867031654457,True,True
405994,1151.53000000,0.00500000,423704,423704,1782867034154886,False,True
405995,1150.88000000,0.00500000,423705,423705,1782867036714341,True,True
405996,1151.44000000,0.00500000,423706,423706,1782867038900446,False,True
405997,1150.99000000,0.00500000,423707,423707,1782867042503012,True,True
405998,1151.69000000,0.00500000,423708,423708,1782867044949671,False,True
405999,1150.99000000,0.00500000,423709,423709,1782867047426902,True,True
406000,1151.03000000,0.00500000,423710,423710,1782867061669395,False,True
406001,1150.57000000,0.00500000,423711,423711,1782867066176232,True,True
406002,1151.01000000,0.00500000,423712,423712,1782867068899386,False,True
406003,1150.57000000,0.00500000,423713,423713,1782867071432713,True,True
406004,1150.95000000,0.00500000,423714,423714,1782867074149929,False,True
406005,1150.57000000,0.00500000,423715,423715,1782867076238534,True,True
406006,1150.91000000,0.00500000,423716,423716,1782867081883138,False,True
406007,1150.85000000,0.00500000,423717,423717,1782867084354563,True,True
406008,1151.42000000,0.00500000,423718,423718,1782867091452491,False,True
406009,1150.98000000,0.00500000,423719,423719,1782867094096545,True,True
406010,1151.75000000,0.45300000,423720,423720,1782867132748706,False,True
406011,1151.29000000,0.45200000,423721,423721,1782867179476678,True,True
406012,1150.74000000,0.12100000,423722,423722,1782867183490480,True,True
406013,1150.74000000,0.04000000,423723,423723,1782867183490520,True,True
406014,1150.74000000,0.04000000,423724,423724,1782867183490699,True,True
406015,1150.74000000,0.09400000,423725,423725,1782867183490757,True,True
406016,1150.65000000,0.04000000,423726,423726,1782867183495901,False,True
406017,1149.44000000,0.00500000,423727,423727,1782867244940182,True,True
406018,1149.77000000,0.46300000,423728,423728,1782867443251908,True,True
406019,1149.44000000,0.03800000,423729,423729,1782867443253083,False,True
406020,1149.44000000,0.03800000,423730,423730,1782867443253175,False,True
406021,1149.44000000,0.03800000,423731,423731,1782867443900194,False,True
406022,1149.44000000,0.03800000,423732,423732,1782867443900213,False,True
406023,1149.44000000,0.03800000,423733,423733,1782867443900735,False,True
406024,1149.44000000,0.11500000,423734,423734,1782867443901165,False,True
406025,1149.44000000,0.03800000,423735,423735,1782867443901280,False,True
406026,1149.44000000,0.03800000,423736,423736,1782867443901734,False,True
406027,1149.44000000,0.03800000,423737,423737,1782867443902524,False,True
406028,1149.44000000,0.03800000,423738,423738,1782867443914163,False,True
406029,1149.44000000,0.11500000,423739,423739,1782867443915187,False,True
406030,1149.44000000,0.03800000,423740,423740,1782867443915331,False,True
406031,1149.44000000,0.03800000,423741,423741,1782867443926096,False,True
406032,1149.44000000,0.03800000,423742,423742,1782867443926992,False,True
406033,1149.44000000,0.03800000,423743,423743,1782867443927332,False,True
406034,1149.44000000,0.03800000,423744,423744,1782867455693467,False,True
406035,1149.44000000,0.11500000,423745,423745,1782867455694527,False,True
406036,1149.44000000,0.11500000,423746,423746,1782867455694774,False,True
406037,1149.44000000,0.03800000,423747,423747,1782867455694792,False,True
406038,1149.44000000,0.39000000,423748,423748,1782867459542259,False,True
406039,1149.44000000,0.19300000,423749,423749,1782867459542504,False,True
406040,1148.52000000,0.05000000,423750,423750,1782867664396640,False,True
406041,1149.20000000,0.47900000,423751,423751,1782867718467455,True,True
406042,1149.16000000,0.29600000,423752,423752,1782867718467455,True,True
406043,1149.06000000,0.25100000,423753,423753,1782867718467455,True,True
406044,1148.73000000,0.39300000,423754,423754,1782867718467455,True,True
406045,1148.50000000,0.65600000,423755,423755,1782867718467455,True,True
406046,1149.22000000,0.03700000,423756,423756,1782867755014994,True,True
406047,1149.22000000,0.11200000,423757,423757,1782867755016086,True,True
406048,1149.22000000,0.11200000,423758,423758,1782867755016351,True,True
406049,1149.22000000,0.03500000,423759,423759,1782867755017101,True,True
406050,1149.89000000,0.08600000,423760,423760,1782867779331181,False,True
406051,1149.35000000,0.08500000,423761,423761,1782867781719008,True,True
406052,1148.95000000,0.01900000,423762,423762,1782867855802010,True,True
406053,1148.54000000,0.12000000,423763,423763,1782867876687227,True,True
406054,1148.54000000,0.12000000,423764,423764,1782867876688208,True,True
406055,1148.54000000,0.05600000,423765,423765,1782867876688231,True,True
406056,1148.16000000,0.00500000,423766,423766,1782867895897795,True,True
406057,1147.24000000,0.04100000,423767,423767,1782868008716632,True,True
406058,1147.24000000,0.12300000,423768,423768,1782868008716663,True,True
406059,1147.24000000,0.04100000,423769,423769,1782868008717771,True,True
406060,1147.24000000,0.04100000,423770,423770,1782868008717892,True,True
406061,1147.24000000,0.04100000,423771,423771,1782868008718125,True,True
406062,1147.24000000,0.04100000,423772,423772,1782868008719333,True,True
406063,1147.24000000,0.12300000,423773,423773,1782868008720497,True,True
406064,1147.24000000,0.04100000,423774,423774,1782868008721324,True,True
406065,1147.24000000,0.04100000,423775,423775,1782868008721465,True,True
406066,1147.24000000,0.04100000,423776,423776,1782868008722533,True,True
406067,1147.24000000,0.12300000,423777,423777,1782868008722555,True,True
406068,1147.24000000,0.04100000,423778,423778,1782868008723585,True,True
406069,1147.24000000,0.04100000,423779,423779,1782868009521224,True,True
406070,1147.24000000,0.12300000,423780,423780,1782868009522075,True,True
406071,1147.24000000,0.04100000,423781,423781,1782868009522293,True,True
406072,1147.24000000,0.04100000,423782,423782,1782868009522469,True,True
406073,1147.24000000,0.04100000,423783,423783,1782868009522517,True,True
406074,1147.24000000,0.12300000,423784,423784,1782868009523964,True,True
406075,1147.24000000,0.04100000,423785,423785,1782868009525376,True,True
406076,1147.24000000,0.12300000,423786,423786,1782868009525582,True,True
406077,1147.24000000,0.04100000,423787,423787,1782868009526054,True,True
406078,1147.32000000,0.12300000,423788,423788,1782868020152001,False,True
406079,1147.32000000,0.12300000,423789,423789,1782868020152080,False,True
406080,1147.32000000,0.04100000,423790,423790,1782868020152241,False,True
406081,1147.32000000,0.00900000,423791,423791,1782868020152518,False,True
406082,1147.40000000,0.01500000,423792,423792,1782868020152518,False,True
406083,1147.24000000,0.40200000,423793,423793,1782868024559935,True,True
406084,1147.24000000,0.12600000,423794,423794,1782868051419261,True,True
406085,1147.24000000,0.04200000,423795,423795,1782868051420408,True,True
406086,1147.24000000,0.45500000,423796,423796,1782868051420479,True,True
406087,1147.24000000,0.04200000,423797,423797,1782868051420645,True,True
406088,1147.24000000,0.04200000,423798,423798,1782868051420924,True,True
406089,1147.24000000,0.12600000,423799,423799,1782868051421407,True,True
406090,1147.24000000,0.12600000,423800,423800,1782868051421451,True,True
406091,1147.24000000,0.04200000,423801,423801,1782868051421544,True,True
406092,1147.24000000,0.04200000,423802,423802,1782868051421731,True,True
406093,1147.24000000,0.04200000,423803,423803,1782868051421759,True,True
406094,1147.24000000,0.45500000,423804,423804,1782868051421872,True,True
406095,1147.24000000,0.04200000,423805,423805,1782868051421876,True,True
406096,1147.24000000,0.04200000,423806,423806,1782868051421999,True,True
406097,1147.24000000,0.12600000,423807,423807,1782868051423023,True,True
406098,1147.24000000,0.04200000,423808,423808,1782868051423037,True,True
406099,1147.24000000,0.04200000,423809,423809,1782868051423151,True,True
406100,1147.24000000,0.04200000,423810,423810,1782868051423156,True,True
406101,1147.24000000,0.04200000,423811,423811,1782868051423165,True,True
406102,1147.24000000,0.04200000,423812,423812,1782868051423195,True,True
406103,1147.24000000,0.12600000,423813,423813,1782868051423274,True,True
406104,1147.24000000,0.04000000,423814,423814,1782868051535756,True,True
406105,1147.24000000,0.08000000,423815,423815,1782868051548332,True,True
406106,1147.24000000,0.29000000,423816,423816,1782868051558023,True,True
406107,1147.24000000,0.80000000,423817,423817,1782868051565466,True,True
406108,1147.24000000,0.41600000,423818,423818,1782868051573519,True,True
406109,1146.88000000,0.00500000,423819,423819,1782868051938576,True,True
406110,1146.94000000,0.30500000,423820,423820,1782868059049036,True,True
406111,1145.60000000,0.00500000,423821,423821,1782868122021035,True,True
406112,1145.22000000,0.00800000,423822,423822,1782868166065965,False,True
406113,1145.27000000,0.04300000,423823,423823,1782868166067099,False,True
406114,1145.27000000,0.04300000,423824,423824,1782868166067229,False,True
406115,1145.27000000,0.04300000,423825,423825,1782868166067373,False,True
406116,1145.27000000,0.04300000,423826,423826,1782868166068166,False,True
406117,1145.27000000,0.04300000,423827,423827,1782868166068593,False,True
406118,1145.27000000,0.04300000,423828,423828,1782868166068675,False,True
406119,1145.27000000,0.03800000,423829,423829,1782868166069110,False,True
406120,1145.56000000,0.04300000,423830,423830,1782868167855007,False,True
406121,1145.56000000,0.04300000,423831,423831,1782868167856082,False,True
406122,1145.56000000,0.13100000,423832,423832,1782868167856298,False,True
406123,1145.56000000,0.01900000,423833,423833,1782868167857279,False,True
406124,1145.58000000,0.02400000,423834,423834,1782868167857279,False,True
406125,1145.85000000,0.04300000,423835,423835,1782868186774399,False,True
406126,1145.85000000,0.04300000,423836,423836,1782868186774547,False,True
406127,1145.85000000,0.04300000,423837,423837,1782868186774812,False,True
406128,1145.85000000,0.04300000,423838,423838,1782868186774917,False,True
406129,1145.85000000,0.04300000,423839,423839,1782868186775029,False,True
406130,1145.85000000,0.08100000,423840,423840,1782868186775053,False,True
406131,1145.00000000,0.00500000,423841,423841,1782868217460284,True,True
406132,1144.32000000,0.00500000,423842,423842,1782868241344581,True,True
406133,1143.04000000,0.00500000,423843,423843,1782868254315368,True,True
406134,1142.71000000,0.13000000,423844,423844,1782868254321156,True,True
406135,1142.71000000,0.04300000,423845,423845,1782868254321767,True,True
406136,1142.71000000,0.04300000,423846,423846,1782868254321802,True,True
406137,1142.71000000,0.13000000,423847,423847,1782868254322073,True,True
406138,1142.56000000,0.04100000,423848,423848,1782868260072897,True,True
406139,1142.56000000,0.12500000,423849,423849,1782868260073008,True,True
406140,1142.56000000,0.04100000,423850,423850,1782868260073025,True,True
406141,1142.56000000,0.12600000,423851,423851,1782868260073559,True,True
406142,1143.81000000,0.03600000,423852,423852,1782868315613794,False,True
406143,1143.81000000,0.03600000,423853,423853,1782868315615065,False,True
406144,1143.81000000,0.03600000,423854,423854,1782868315615231,False,True
406145,1143.81000000,0.03600000,423855,423855,1782868315615285,False,True
406146,1143.81000000,0.03600000,423856,423856,1782868315615322,False,True
406147,1143.81000000,0.03600000,423857,423857,1782868315615564,False,True
406148,1143.81000000,0.03600000,423858,423858,1782868315616133,False,True
406149,1143.81000000,0.03600000,423859,423859,1782868315616321,False,True
406150,1143.81000000,0.03600000,423860,423860,1782868315616357,False,True
406151,1143.88000000,0.03500000,423861,423861,1782868363055970,True,True
406152,1143.88000000,0.03500000,423862,423862,1782868363071856,True,True
406153,1143.88000000,0.03500000,423863,423863,1782868363071966,True,True
406154,1143.88000000,0.03500000,423864,423864,1782868363072292,True,True
406155,1142.00000000,0.06300000,423865,423865,1782868418088505,True,True
406156,1142.00000000,0.06300000,423866,423866,1782868420229956,True,True
406157,1142.00000000,0.04900000,423867,423867,1782868420231119,True,True
406158,1141.73000000,0.00500000,423868,423868,1782868422758783,True,True
406159,1142.78000000,0.06100000,423869,423869,1782868437622163,False,True
406160,1142.78000000,0.12300000,423870,423870,1782868437623165,False,True
406161,1142.78000000,0.12300000,423871,423871,1782868437623235,False,True
406162,1142.78000000,0.12300000,423872,423872,1782868437623598,False,True
406163,1142.78000000,0.04200000,423873,423873,1782868437623644,False,True
406164,1144.27000000,0.00500000,423874,423874,1782868493112559,False,True
406165,1145.54000000,0.00500000,423875,423875,1782868510560800,False,True
406166,1145.97000000,0.01700000,423876,423876,1782868510659354,False,True
406167,1144.80000000,0.12000000,423877,423877,1782868520244769,True,True
406168,1144.80000000,0.06000000,423878,423878,1782868520245114,True,True
406169,1144.80000000,0.06000000,423879,423879,1782868520245523,True,True
406170,1143.04000000,0.00500000,423880,423880,1782868580528166,True,True
406171,1141.76000000,0.00500000,423881,423881,1782868584936011,True,True
406172,1140.46000000,0.00500000,423882,423882,1782868608767542,True,True
406173,1140.09000000,0.46800000,423883,423883,1782868608767542,True,True
406174,1139.90000000,0.31500000,423884,423884,1782868608767542,True,True
406175,1139.57000000,2.05900000,423885,423885,1782868608767542,True,True
406176,1142.07000000,0.03300000,423886,423886,1782868630484969,False,True
406177,1142.07000000,0.03300000,423887,423887,1782868630485497,False,True
406178,1142.07000000,0.03300000,423888,423888,1782868630485515,False,True
406179,1142.07000000,0.13400000,423889,423889,1782868630485523,False,True
406180,1142.07000000,0.03300000,423890,423890,1782868630485892,False,True
406181,1142.07000000,0.03300000,423891,423891,1782868630486249,False,True
406182,1142.07000000,0.01600000,423892,423892,1782868630486252,False,True
406183,1142.44000000,0.09600000,423893,423893,1782868632241662,False,True
406184,1142.54000000,0.25400000,423894,423894,1782868632241662,False,True
406185,1142.52000000,0.08700000,423895,423895,1782868639886964,False,True
406186,1139.33000000,0.00900000,423896,423896,1782868658457581,True,True
406187,1139.19000000,0.00500000,423897,423897,1782868658719840,True,True
406188,1139.01000000,0.11300000,423898,423898,1782868662412304,False,True
406189,1139.02000000,0.06200000,423899,423899,1782868662412304,False,True
406190,1140.53000000,0.26300000,423900,423900,1782868693612931,False,True
406191,1141.73000000,0.00500000,423901,423901,1782868741084235,False,True
406192,1143.00000000,0.00500000,423902,423902,1782868873804197,False,True
406193,1143.60000000,0.03300000,423903,423903,1782868879659345,False,True
406194,1143.60000000,0.03300000,423904,423904,1782868879659400,False,True
406195,1143.60000000,0.03300000,423905,423905,1782868879659622,False,True
406196,1143.60000000,0.03300000,423906,423906,1782868879659625,False,True
406197,1143.77000000,0.03300000,423907,423907,1782868879659971,False,True
406198,1143.77000000,0.03300000,423908,423908,1782868879660048,False,True
406199,1143.77000000,0.13500000,423909,423909,1782868879660091,False,True
406200,1143.77000000,0.03300000,423910,423910,1782868879660235,False,True
406201,1143.77000000,0.08100000,423911,423911,1782868879660325,False,True
406202,1143.88000000,0.03300000,423912,423912,1782868879660697,False,True
406203,1144.01000000,0.10000000,423913,423913,1782868883431823,False,True
406204,1143.36000000,0.03400000,423914,423914,1782868895016640,True,True
406205,1143.36000000,0.03400000,423915,423915,1782868895016722,True,True
406206,1143.36000000,0.13700000,423916,423916,1782868895017712,True,True
406207,1143.36000000,0.11000000,423917,423917,1782868895018843,True,True
406208,1143.45000000,0.03500000,423918,423918,1782868942144893,False,True
406209,1143.45000000,0.03500000,423919,423919,1782868942144899,False,True
406210,1143.45000000,0.03500000,423920,423920,1782868942144988,False,True
406211,1144.27000000,0.00500000,423921,423921,1782868950233638,False,True
406212,1144.94000000,0.06100000,423922,423922,1782868990099350,True,True
406213,1144.94000000,0.03800000,423923,423924,1782869038757219,True,True
406214,1144.94000000,0.06100000,423925,423925,1782869038757237,True,True
406215,1145.12000000,0.09700000,423926,423927,1782869046065007,True,True
406216,1144.57000000,0.04000000,423928,423928,1782869052567740,True,True
406217,1144.57000000,0.02300000,423929,423929,1782869052620736,True,True
406218,1143.98000000,0.02300000,423930,423930,1782869057774805,True,True
406219,1143.66000000,0.09800000,423931,423931,1782869074474219,True,True
406220,1143.66000000,0.01900000,423932,423932,1782869074475818,True,True
406221,1143.41000000,0.06300000,423933,423933,1782869082378131,True,True
406222,1143.41000000,0.01200000,423934,423934,1782869082386423,True,True
406223,1142.99000000,0.09500000,423935,423935,1782869088345955,True,True
406224,1142.99000000,0.01900000,423936,423936,1782869088358528,True,True
406225,1142.47000000,0.02000000,423937,423937,1782869098851487,True,True
406226,1142.12000000,0.09500000,423938,423938,1782869100831250,True,True
406227,1142.12000000,0.01900000,423939,423939,1782869100847810,True,True
406228,1142.41000000,0.03900000,423940,423940,1782869105075754,False,True
406229,1142.41000000,0.03900000,423941,423941,1782869105075859,False,True
406230,1142.41000000,0.03900000,423942,423942,1782869105076423,False,True
406231,1142.41000000,0.03900000,423943,423943,1782869105076559,False,True
406232,1142.41000000,0.03900000,423944,423944,1782869105076665,False,True
406233,1142.41000000,0.03900000,423945,423945,1782869105076733,False,True
406234,1142.41000000,0.03900000,423946,423946,1782869105076783,False,True
406235,1142.41000000,0.03900000,423947,423947,1782869105076975,False,True
406236,1142.41000000,0.00300000,423948,423948,1782869105077811,False,True
406237,1142.56000000,0.03800000,423949,423949,1782869106682483,False,True
406238,1142.56000000,0.03800000,423950,423950,1782869106683961,False,True
406239,1142.56000000,0.03800000,423951,423951,1782869106685234,False,True
406240,1142.56000000,0.03800000,423952,423952,1782869106685470,False,True
406241,1142.56000000,0.03800000,423953,423953,1782869106686307,False,True
406242,1142.56000000,0.03800000,423954,423954,1782869106686554,False,True
406243,1142.56000000,0.03800000,423955,423955,1782869106686612,False,True
406244,1142.56000000,0.04900000,423956,423956,1782869106687656,False,True
406245,1142.67000000,0.03900000,423957,423957,1782869107964628,False,True
406246,1142.74000000,0.03900000,423958,423958,1782869122319611,True,True
406247,1142.74000000,0.05800000,423959,423959,1782869122320799,True,True
406248,1142.42000000,0.05500000,423960,423961,1782869125024044,True,True
406249,1142.34000000,0.20000000,423962,423962,1782869127741571,False,True
406250,1142.34000000,0.04000000,423963,423963,1782869127996858,False,True
406251,1142.34000000,0.04000000,423964,423964,1782869127997681,False,True
406252,1142.34000000,0.03500000,423965,423965,1782869127998037,False,True
406253,1141.73000000,0.00500000,423966,423966,1782869155510713,True,True
406254,1140.46000000,0.00500000,423967,423967,1782869166186049,True,True
406255,1140.13000000,0.04000000,423968,423968,1782869169802515,True,True
406256,1140.13000000,0.12100000,423969,423969,1782869169802801,True,True
406257,1140.13000000,0.04000000,423970,423970,1782869169802834,True,True
406258,1140.13000000,0.04000000,423971,423971,1782869169802839,True,True
406259,1140.13000000,0.04000000,423972,423972,1782869169802957,True,True
406260,1140.13000000,0.04200000,423973,423973,1782869170278840,True,True
406261,1140.13000000,0.12600000,423974,423974,1782869170279299,True,True
406262,1140.13000000,1.60000000,423975,423975,1782869170303607,True,True
406263,1140.70000000,0.12500000,423976,423976,1782869174943278,False,True
406264,1140.70000000,0.09400000,423977,423977,1782869174944043,False,True
406265,1140.98000000,0.04100000,423978,423978,1782869174972726,False,True
406266,1140.98000000,0.04100000,423979,423979,1782869174973686,False,True
406267,1140.58000000,0.03800000,423980,423980,1782869191635000,False,True
406268,1140.58000000,0.03800000,423981,423981,1782869191636027,False,True
406269,1140.58000000,0.03800000,423982,423982,1782869191636077,False,True
406270,1140.58000000,0.11500000,423983,423983,1782869191636116,False,True
406271,1140.58000000,0.08600000,423984,423984,1782869191636121,False,True
406272,1140.00000000,0.03700000,423985,423985,1782869222124000,True,True
406273,1140.00000000,0.02300000,423986,423986,1782869222124618,True,True
406274,1139.97000000,0.11100000,423987,423987,1782869222124800,True,True
406275,1139.97000000,0.03700000,423988,423988,1782869222125241,True,True
406276,1139.97000000,0.03700000,423989,423989,1782869222125309,True,True
406277,1139.97000000,0.11100000,423990,423990,1782869222125484,True,True
406278,1140.62000000,0.05100000,423991,423991,1782869242124559,False,True
406279,1139.70000000,0.10000000,423992,423992,1782869255190407,False,True
406280,1140.35000000,0.03700000,423993,423993,1782869302388275,False,True
406281,1141.44000000,0.01700000,423994,423994,1782869384980449,True,True
406282,1143.00000000,0.00500000,423995,423995,1782869409156597,False,True
406283,1143.73000000,0.04500000,423996,423996,1782869475404958,True,True
406284,1143.73000000,0.04500000,423997,423997,1782869475404980,True,True
406285,1143.73000000,0.13500000,423998,423998,1782869475405162,True,True
406286,1143.73000000,0.09000000,423999,423999,1782869475406287,True,True
406287,1143.00000000,0.04000000,424000,424000,1782869479818845,True,True
406288,1143.00000000,0.04500000,424001,424001,1782869479820013,True,True
406289,1143.00000000,0.13500000,424002,424002,1782869479820106,True,True
406290,1143.00000000,0.04500000,424003,424003,1782869479820332,True,True
406291,1143.00000000,0.04500000,424004,424004,1782869479821637,True,True
406292,1143.00000000,0.04500000,424005,424005,1782869479821817,True,True
406293,1143.00000000,0.08000000,424006,424006,1782869479836123,True,True
406294,1143.00000000,0.13500000,424007,424007,1782869479837080,True,True
406295,1143.00000000,0.13500000,424008,424008,1782869479837488,True,True
406296,1143.00000000,0.04500000,424009,424009,1782869479838620,True,True
406297,1143.00000000,0.04500000,424010,424010,1782869479838856,True,True
406298,1143.00000000,0.20500000,424011,424011,1782869479843431,True,True
406299,1142.09000000,0.13500000,424012,424012,1782869521449502,False,True
406300,1142.09000000,0.02400000,424013,424013,1782869521450670,False,True
406301,1142.81000000,0.04500000,424014,424014,1782869564775400,True,True
406302,1142.81000000,0.13500000,424015,424015,1782869564775460,True,True
406303,1142.81000000,0.13500000,424016,424016,1782869564777673,True,True
406304,1142.50000000,0.04500000,424017,424017,1782869577710707,False,True
406305,1142.50000000,0.04500000,424018,424018,1782869577710789,False,True
406306,1142.50000000,0.04500000,424019,424019,1782869577712148,False,True
406307,1142.50000000,0.13600000,424020,424020,1782869577712328,False,True
406308,1142.50000000,0.04500000,424021,424021,1782869577714128,False,True
406309,1142.50000000,0.04500000,424022,424022,1782869577714502,False,True
406310,1142.50000000,0.04500000,424023,424023,1782869577715251,False,True
406311,1142.50000000,0.04500000,424024,424024,1782869577715297,False,True
406312,1142.50000000,0.04500000,424025,424025,1782869577716605,False,True
406313,1142.50000000,0.04500000,424026,424026,1782869577717845,False,True
406314,1141.50000000,0.09800000,424027,424027,1782869642679964,False,True
406315,1141.51000000,0.29600000,424028,424028,1782869642679964,False,True
406316,1140.46000000,0.00500000,424029,424029,1782869684980670,True,True
406317,1139.80000000,0.04500000,424030,424030,1782869718377736,True,True
406318,1139.80000000,0.02500000,424031,424031,1782869718378449,True,True
406319,1140.49000000,0.04400000,424032,424032,1782869735260045,False,True
406320,1140.49000000,0.04400000,424033,424033,1782869735260290,False,True
406321,1140.49000000,0.04400000,424034,424034,1782869735261128,False,True
406322,1140.71000000,0.13500000,424035,424035,1782869738809443,False,True
406323,1140.71000000,0.13500000,424036,424036,1782869738809511,False,True
406324,1140.71000000,0.04500000,424037,424037,1782869738809895,False,True
406325,1140.71000000,0.13500000,424038,424038,1782869738809975,False,True
406326,1140.71000000,0.04500000,424039,424039,1782869738809989,False,True
406327,1140.71000000,0.13500000,424040,424040,1782869738810039,False,True
406328,1140.71000000,0.13500000,424041,424041,1782869738810411,False,True
406329,1143.00000000,0.00500000,424042,424042,1782869810700620,False,True
406330,1143.22000000,0.04500000,424043,424043,1782869868487133,True,True
406331,1144.27000000,0.00500000,424044,424044,1782869895957852,False,True
406332,1144.90000000,0.04500000,424045,424045,1782869978114985,True,True
406333,1144.90000000,0.13500000,424046,424046,1782869978114988,True,True
406334,1144.90000000,0.04500000,424047,424047,1782869978115046,True,True
406335,1144.90000000,0.04500000,424048,424048,1782869978115142,True,True
406336,1144.90000000,0.04500000,424049,424049,1782869978153859,True,True
406337,1144.74000000,0.04400000,424050,424050,1782869992876133,True,True
406338,1144.74000000,0.13400000,424051,424051,1782869992877263,True,True
406339,1144.74000000,0.13400000,424052,424052,1782869992878522,True,True
406340,1144.74000000,0.00300000,424053,424053,1782869992878699,True,True
406341,1144.19000000,0.04400000,424054,424054,1782870024906793,True,True
406342,1144.19000000,0.04400000,424055,424055,1782870024906915,True,True
406343,1144.19000000,0.04400000,424056,424056,1782870024907018,True,True
406344,1143.76000000,0.04400000,424057,424057,1782870031568254,True,True
406345,1143.76000000,0.04400000,424058,424058,1782870031570798,True,True
406346,1143.76000000,0.13300000,424059,424059,1782870031571988,True,True
406347,1143.76000000,0.04400000,424060,424060,1782870031572017,True,True
406348,1143.76000000,0.04400000,424061,424061,1782870031572041,True,True
406349,1143.76000000,0.00600000,424062,424062,1782870031572112,True,True
406350,1143.54000000,0.01000000,424063,424063,1782870050080227,True,True
406351,1143.48000000,0.01600000,424064,424064,1782870050080227,True,True
406352,1144.66000000,0.13300000,424065,424065,1782870077434856,False,True
406353,1144.66000000,0.04400000,424066,424066,1782870077435019,False,True
406354,1144.66000000,0.04400000,424067,424067,1782870077435048,False,True
406355,1144.66000000,0.04400000,424068,424068,1782870077435144,False,True
406356,1144.66000000,0.00700000,424069,424069,1782870077435195,False,True
406357,1143.64000000,0.04400000,424070,424070,1782870107862057,False,True
406358,1143.64000000,0.04400000,424071,424071,1782870107862176,False,True
406359,1143.64000000,0.04400000,424072,424072,1782870107863016,False,True
406360,1143.64000000,0.04400000,424073,424073,1782870107863306,False,True
406361,1143.64000000,0.04400000,424074,424074,1782870107863321,False,True
406362,1143.64000000,0.04400000,424075,424075,1782870107863509,False,True
406363,1143.11000000,0.12200000,424076,424076,1782870138336023,False,True
406364,1143.11000000,0.12200000,424077,424077,1782870138336888,False,True
406365,1143.11000000,0.12200000,424078,424078,1782870138337259,False,True
406366,1143.11000000,0.04000000,424079,424079,1782870138368917,False,True
406367,1143.16000000,0.01500000,424080,424080,1782870236713090,True,True
406368,1143.11000000,0.01400000,424081,424082,1782870250758125,True,True
406369,1142.93000000,0.49500000,424083,424083,1782870266283867,True,True
406370,1142.87000000,0.31500000,424084,424084,1782870266283867,True,True
406371,1142.56000000,0.12000000,424085,424085,1782870271103414,False,True
406372,1142.56000000,0.04000000,424086,424086,1782870271103538,False,True
406373,1142.56000000,0.04000000,424087,424087,1782870271103656,False,True
406374,1142.56000000,0.04000000,424088,424088,1782870271104183,False,True
406375,1142.56000000,0.12000000,424089,424089,1782870271104220,False,True
406376,1142.56000000,0.04000000,424090,424090,1782870271104235,False,True
406377,1142.56000000,0.12600000,424091,424091,1782870271104825,False,True
406378,1142.56000000,0.04200000,424092,424092,1782870271105046,False,True
406379,1142.56000000,0.04200000,424093,424093,1782870271105840,False,True
406380,1142.56000000,0.12600000,424094,424094,1782870271107058,False,True
406381,1142.56000000,0.12600000,424095,424095,1782870271107218,False,True
406382,1142.56000000,0.12600000,424096,424096,1782870271107231,False,True
406383,1142.56000000,0.12600000,424097,424097,1782870271107357,False,True
406384,1142.56000000,0.04200000,424098,424098,1782870271108586,False,True
406385,1142.56000000,0.04200000,424099,424099,1782870271108846,False,True
406386,1142.47000000,0.04200000,424100,424100,1782870320596550,True,True
406387,1142.47000000,0.04200000,424101,424101,1782870320596791,True,True
406388,1142.47000000,0.04200000,424102,424102,1782870320597303,True,True
406389,1142.47000000,0.04200000,424103,424103,1782870320597876,True,True
406390,1142.47000000,0.04200000,424104,424104,1782870320598945,True,True
406391,1142.47000000,0.04200000,424105,424105,1782870320631206,True,True
406392,1142.47000000,0.04200000,424106,424106,1782870320632269,True,True
406393,1142.47000000,0.02100000,424107,424107,1782870320632319,True,True
406394,1142.48000000,0.04100000,424108,424108,1782870321528161,True,True
406395,1142.48000000,0.12500000,424109,424109,1782870321528232,True,True
406396,1142.48000000,0.04100000,424110,424110,1782870321529495,True,True
406397,1142.48000000,0.04100000,424111,424111,1782870322359764,True,True
406398,1142.48000000,0.04100000,424112,424112,1782870322360705,True,True
406399,1142.48000000,0.02600000,424113,424113,1782870322360936,True,True
406400,1142.21000000,0.04100000,424114,424114,1782870322379933,True,True
406401,1142.21000000,0.04100000,424115,424115,1782870322380132,True,True
406402,1142.21000000,0.04100000,424116,424116,1782870322408980,True,True
406403,1142.21000000,0.04100000,424117,424117,1782870322409010,True,True
406404,1142.21000000,0.12500000,424118,424118,1782870322409096,True,True
406405,1142.22000000,0.00800000,424119,424119,1782870328055876,True,True
406406,1142.99000000,0.31500000,424120,424120,1782870339275243,True,True
406407,1142.94000000,0.47400000,424121,424121,1782870339275243,True,True
406408,1142.50000000,0.04200000,424122,424122,1782870339300806,False,True
406409,1142.50000000,0.04200000,424123,424123,1782870339301013,False,True
406410,1142.50000000,0.04200000,424124,424124,1782870339301703,False,True
406411,1142.50000000,0.12600000,424125,424125,1782870339301895,False,True
406412,1142.50000000,0.04100000,424126,424126,1782870339302906,False,True
406413,1142.50000000,0.12500000,424127,424127,1782870339303945,False,True
406414,1142.50000000,0.04100000,424128,424128,1782870339304060,False,True
406415,1142.50000000,0.04100000,424129,424129,1782870339304296,False,True
406416,1142.50000000,0.04100000,424130,424130,1782870339304331,False,True
406417,1142.50000000,0.04100000,424131,424131,1782870339305446,False,True
406418,1142.50000000,0.04100000,424132,424132,1782870339305604,False,True
406419,1142.50000000,0.04100000,424133,424133,1782870339328054,False,True
406420,1142.50000000,0.04100000,424134,424134,1782870339329080,False,True
406421,1142.50000000,0.12500000,424135,424135,1782870339329222,False,True
406422,1142.50000000,0.03200000,424136,424136,1782870339330060,False,True
406423,1142.81000000,0.00800000,424137,424137,1782870403533455,False,True
406424,1142.36000000,0.00700000,424138,424138,1782870412997669,True,True
406425,1142.00000000,0.03800000,424139,424139,1782870474597598,True,True
406426,1142.00000000,0.11500000,424140,424140,1782870474597602,True,True
406427,1142.00000000,0.03800000,424141,424141,1782870474597662,True,True
406428,1142.00000000,0.03800000,424142,424142,1782870474598011,True,True
406429,1142.00000000,0.03800000,424143,424143,1782870474598936,True,True
406430,1142.00000000,0.03800000,424144,424144,1782870474598978,True,True
406431,1142.00000000,0.03800000,424145,424145,1782870474599013,True,True
406432,1142.00000000,0.03800000,424146,424146,1782870474600085,True,True
406433,1142.00000000,0.03800000,424147,424147,1782870474600139,True,True
406434,1142.00000000,0.03800000,424148,424148,1782870474600180,True,True
406435,1142.00000000,0.03800000,424149,424149,1782870474600268,True,True
406436,1142.00000000,0.03800000,424150,424150,1782870474600506,True,True
406437,1142.00000000,0.03800000,424151,424151,1782870474601289,True,True
406438,1142.00000000,0.03800000,424152,424152,1782870474602252,True,True
406439,1142.00000000,0.03800000,424153,424153,1782870474603079,True,True
406440,1142.00000000,0.03800000,424154,424154,1782870474604046,True,True
406441,1142.00000000,0.03800000,424155,424155,1782870474604433,True,True
406442,1142.00000000,0.03800000,424156,424156,1782870474605666,True,True
406443,1142.00000000,0.03800000,424157,424157,1782870479698955,True,True
406444,1142.00000000,0.03800000,424158,424158,1782870479699001,True,True
406445,1142.00000000,0.03900000,424159,424159,1782870479699154,True,True
406446,1142.40000000,0.00700000,424160,424160,1782870485894293,False,True
406447,1141.76000000,0.00500000,424161,424161,1782870488478588,True,True
406448,1141.60000000,0.00200000,424162,424162,1782870488478588,True,True
406449,1142.56000000,0.00700000,424163,424163,1782870490721399,False,True
406450,1141.82000000,0.00700000,424164,424164,1782870493012213,True,True
406451,1142.32000000,0.00700000,424165,424165,1782870495541576,False,True
406452,1141.30000000,0.00700000,424166,424166,1782870497893454,True,True
406453,1140.46000000,0.00500000,424167,424167,1782870525135709,True,True
406454,1140.31000000,0.03700000,424168,424168,1782870558936452,False,True
406455,1140.01000000,0.49000000,424169,424169,1782870612880399,False,True
406456,1140.22000000,0.31500000,424170,424170,1782870612880399,False,True
406457,1141.00000000,0.14400000,424171,424171,1782870612881350,True,True
406458,1141.00000000,0.14400000,424172,424172,1782870612881361,True,True
406459,1141.00000000,0.14400000,424173,424173,1782870612881404,True,True
406460,1141.00000000,0.14400000,424174,424174,1782870612881522,True,True
406461,1141.00000000,0.03600000,424175,424175,1782870612881552,True,True
406462,1141.00000000,0.14400000,424176,424176,1782870612881557,True,True
406463,1141.00000000,0.03600000,424177,424177,1782870612881594,True,True
406464,1141.00000000,0.03600000,424178,424178,1782870612881724,True,True
406465,1141.00000000,0.11900000,424179,424179,1782870612881833,True,True
406466,1139.65000000,0.47400000,424180,424180,1782870634671016,False,True
406467,1139.68000000,0.31400000,424181,424181,1782870634671016,False,True
406468,1139.20000000,0.49700000,424182,424182,1782870647373494,True,True
406469,1139.19000000,0.00500000,424183,424183,1782870647373494,True,True
406470,1139.00000000,0.03500000,424184,424184,1782870647428477,False,True
406471,1139.00000000,0.03500000,424185,424185,1782870647428586,False,True
406472,1139.00000000,0.01500000,424186,424186,1782870647428720,False,True
406473,1139.49000000,0.02700000,424187,424187,1782870664773990,True,True
406474,1139.92000000,0.02500000,424188,424188,1782870699773877,True,True
406475,1139.87000000,0.04100000,424189,424189,1782870724774207,True,True
406476,1140.08000000,0.00500000,424190,424190,1782870755200469,False,True
406477,1139.49000000,0.00500000,424191,424191,1782870757873270,True,True
406478,1140.41000000,0.00500000,424192,424192,1782870760921780,False,True
406479,1139.73000000,0.00500000,424193,424193,1782870764087184,True,True
406480,1140.41000000,0.00500000,424194,424194,1782870768326570,False,True
406481,1139.86000000,0.04300000,424195,424195,1782870769773747,True,True
406482,1139.86000000,0.00500000,424196,424196,1782870771497549,True,True
406483,1140.41000000,0.00500000,424197,424197,1782870774465118,False,True
406484,1139.86000000,0.00500000,424198,424198,1782870777517414,True,True
406485,1140.41000000,0.00500000,424199,424199,1782870781151826,False,True
406486,1140.20000000,0.01600000,424200,424200,1782870784773580,True,True
406487,1140.30000000,0.00500000,424201,424201,1782870785697359,True,True
406488,1141.12000000,0.00500000,424202,424202,1782870800151555,False,True
406489,1140.92000000,0.02100000,424203,424203,1782870804773867,True,True
406490,1140.96000000,0.00500000,424204,424204,1782870805608711,True,True
406491,1141.72000000,0.00500000,424205,424205,1782870810195165,False,True
406492,1141.28000000,0.00500000,424206,424206,1782870812896258,True,True
406493,1141.73000000,0.00500000,424207,424207,1782870815597918,False,True
406494,1141.41000000,0.00500000,424208,424208,1782870818054278,True,True
406495,1141.91000000,0.00500000,424209,424209,1782870820717493,False,True
406496,1141.35000000,0.00500000,424210,424210,1782870823118481,True,True
406497,1141.37000000,0.03800000,424211,424211,1782870824774109,True,True
406498,1141.91000000,0.00500000,424212,424212,1782870825481232,False,True
406499,1141.23000000,0.00500000,424213,424213,1782870828061602,True,True
406500,1141.76000000,0.00500000,424214,424214,1782870830578170,False,True
406501,1141.07000000,0.00500000,424215,424215,1782870833974043,True,True
406502,1140.29000000,0.03800000,424216,424216,1782870844775019,True,True
406503,1140.89000000,0.02500000,424217,424217,1782870869434168,False,True
406504,1140.05000000,0.01800000,424218,424218,1782870884775031,True,True
406505,1140.62000000,0.01600000,424219,424219,1782870904791848,True,True
406506,1140.84000000,0.03800000,424220,424220,1782870924774074,True,True
406507,1142.00000000,0.02400000,424221,424221,1782870964774565,True,True
406508,1142.14000000,0.02300000,424222,424222,1782870999782214,True,True
406509,1141.11000000,0.00900000,424223,424223,1782871024791709,True,True
406510,1141.30000000,0.01100000,424224,424224,1782871039774167,True,True
406511,1140.55000000,0.01800000,424225,424225,1782871064774342,True,True
406512,1140.31000000,0.02100000,424226,424226,1782871084775162,True,True
406513,1139.93000000,0.01200000,424227,424227,1782871119774160,True,True
406514,1140.60000000,0.01800000,424228,424228,1782871144773996,True,True
406515,1140.10000000,0.01000000,424229,424229,1782871174782337,True,True
406516,1141.65000000,0.03800000,424230,424230,1782871180112461,False,True
406517,1141.65000000,0.03800000,424231,424231,1782871180112485,False,True
406518,1141.65000000,0.03800000,424232,424232,1782871180112791,False,True
406519,1141.65000000,0.03800000,424233,424233,1782871180113237,False,True
406520,1141.65000000,0.03800000,424234,424234,1782871180113244,False,True
406521,1141.65000000,0.03800000,424235,424235,1782871180113294,False,True
406522,1141.65000000,0.11600000,424236,424236,1782871180113437,False,True
406523,1140.81000000,0.02800000,424237,424237,1782871204774193,True,True
406524,1140.45000000,0.03600000,424238,424238,1782871241456688,True,True
406525,1139.86000000,0.01900000,424239,424239,1782871249790228,True,True
406526,1139.19000000,0.00500000,424240,424240,1782871257416431,True,True
406527,1139.02000000,0.02300000,424241,424241,1782871264774577,True,True
406528,1139.02000000,0.06400000,424242,424242,1782871278519381,True,True
406529,1138.46000000,0.03600000,424243,424243,1782871289013695,True,True
406530,1138.46000000,0.03600000,424244,424244,1782871289013759,True,True
406531,1138.46000000,0.01500000,424245,424245,1782871296819461,True,True
406532,1138.05000000,0.02000000,424246,424246,1782871309789332,True,True
406533,1138.05000000,0.03600000,424247,424247,1782871310033485,True,True
406534,1138.05000000,0.03100000,424248,424248,1782871310033696,True,True
406535,1138.00000000,0.07600000,424249,424249,1782871310033859,True,True
406536,1137.92000000,0.00500000,424250,424250,1782871310034981,True,True
406537,1137.81000000,0.03600000,424251,424251,1782871321067355,True,True
406538,1137.81000000,0.03600000,424252,424252,1782871321067532,True,True
406539,1137.81000000,0.01500000,424253,424253,1782871321067866,True,True
406540,1137.19000000,0.03500000,424254,424254,1782871323917924,True,True
406541,1137.19000000,0.03500000,424255,424255,1782871323918000,True,True
406542,1137.19000000,0.01700000,424256,424256,1782871323919103,True,True
406543,1136.66000000,0.01400000,424257,424257,1782871324774932,True,True
406544,1136.68000000,0.03500000,424258,424258,1782871326427277,True,True
406545,1136.68000000,0.03500000,424259,424259,1782871326427330,True,True
406546,1136.68000000,0.01700000,424260,424260,1782871326427456,True,True
406547,1136.65000000,0.00500000,424261,424261,1782871326427456,True,True
406548,1136.06000000,0.03400000,424262,424262,1782871330912578,True,True
406549,1136.06000000,0.03400000,424263,424263,1782871330912586,True,True
406550,1136.06000000,0.02000000,424264,424264,1782871330912870,True,True
406551,1135.93000000,0.01100000,424265,424265,1782871349781336,True,True
406552,1136.68000000,0.03500000,424266,424266,1782871354001244,False,True
406553,1136.26000000,0.04000000,424267,424267,1782871366420679,True,True
406554,1136.26000000,0.04800000,424268,424268,1782871366432641,True,True
406555,1135.46000000,0.01600000,424269,424269,1782871369789004,True,True
406556,1135.60000000,0.02500000,424270,424270,1782871384773989,True,True
406557,1135.47000000,0.03500000,424271,424271,1782871387931006,True,True
406558,1135.47000000,0.03500000,424272,424272,1782871387931050,True,True
406559,1135.47000000,0.01800000,424273,424273,1782871387931270,True,True
406560,1135.38000000,0.00500000,424274,424274,1782871387931270,True,True
406561,1135.12000000,0.03500000,424275,424275,1782871388290192,False,True
406562,1135.12000000,0.03500000,424276,424276,1782871388290307,False,True
406563,1135.12000000,0.14100000,424277,424277,1782871388290312,False,True
406564,1135.12000000,0.03500000,424278,424278,1782871388290330,False,True
406565,1135.12000000,0.07000000,424279,424279,1782871388290464,False,True
406566,1136.04000000,0.03400000,424280,424280,1782871398663702,False,True
406567,1136.04000000,0.13900000,424281,424281,1782871398663841,False,True
406568,1136.04000000,0.03400000,424282,424282,1782871398663910,False,True
406569,1136.04000000,0.10900000,424283,424283,1782871398663945,False,True
406570,1136.28000000,0.03400000,424284,424284,1782871398664071,False,True
406571,1136.28000000,0.03400000,424285,424285,1782871398664112,False,True
406572,1136.83000000,0.03400000,424286,424286,1782871398768903,False,True
406573,1136.83000000,0.03400000,424287,424287,1782871398769985,False,True
406574,1136.83000000,0.03400000,424288,424288,1782871398770107,False,True
406575,1136.83000000,0.03400000,424289,424289,1782871398770254,False,True
406576,1136.83000000,0.03400000,424290,424290,1782871398770414,False,True
406577,1136.83000000,0.13700000,424291,424291,1782871398770505,False,True
406578,1135.14000000,0.03100000,424292,424292,1782871419773998,True,True
406579,1135.53000000,0.01800000,424293,424293,1782871444774122,True,True
406580,1134.93000000,0.03300000,424294,424294,1782871454353512,True,True
406581,1134.93000000,0.03300000,424295,424295,1782871454354937,True,True
406582,1134.93000000,0.02200000,424296,424296,1782871454354948,True,True
406583,1135.30000000,0.03700000,424297,424297,1782871464774332,True,True
406584,1134.11000000,0.00500000,424298,424298,1782871500463922,True,True
406585,1133.52000000,0.02300000,424299,424299,1782871504774063,True,True
406586,1133.54000000,0.08800000,424300,424300,1782871516536605,True,True
406587,1133.15000000,0.08800000,424301,424301,1782871522573656,True,True
406588,1132.84000000,0.06600000,424302,424303,1782871526401785,True,True
406589,1132.84000000,0.02700000,424304,424304,1782871526403394,True,True
406590,1132.82000000,0.02500000,424305,424305,1782871534781571,True,True
406591,1132.83000000,0.03200000,424306,424306,1782871564800319,True,True
406592,1132.83000000,0.03400000,424307,424307,1782871573553494,True,True
406593,1132.83000000,0.02200000,424308,424308,1782871573556090,True,True
406594,1133.85000000,0.03400000,424309,424309,1782871594146960,False,True
406595,1133.85000000,0.03400000,424310,424310,1782871594147174,False,True
406596,1134.11000000,0.00500000,424311,424311,1782871595660908,False,True
406597,1134.40000000,0.25900000,424312,424312,1782871595660908,False,True
406598,1132.54000000,0.01700000,424313,424313,1782871604774201,True,True
406599,1133.27000000,0.03300000,424314,424314,1782871607941184,False,True
406600,1133.27000000,0.03300000,424315,424315,1782871607941277,False,True
406601,1133.27000000,0.03300000,424316,424316,1782871607941282,False,True
406602,1133.70000000,0.03300000,424317,424317,1782871607941851,False,True
406603,1133.70000000,0.13500000,424318,424318,1782871607942025,False,True
406604,1133.70000000,0.13500000,424319,424319,1782871607942085,False,True
406605,1133.70000000,0.03300000,424320,424320,1782871607942116,False,True
406606,1133.70000000,0.03300000,424321,424321,1782871607942136,False,True
406607,1133.70000000,0.13500000,424322,424322,1782871607942252,False,True
406608,1133.70000000,0.03300000,424323,424323,1782871607942265,False,True
406609,1133.70000000,0.03300000,424324,424324,1782871607942279,False,True
406610,1133.70000000,0.03300000,424325,424325,1782871607942334,False,True
406611,1133.70000000,0.03300000,424326,424326,1782871607942342,False,True
406612,1133.70000000,0.03300000,424327,424327,1782871607942365,False,True
406613,1133.70000000,0.03300000,424328,424328,1782871607942385,False,True
406614,1133.70000000,0.13500000,424329,424329,1782871607942494,False,True
406615,1133.70000000,0.03300000,424330,424330,1782871607942517,False,True
406616,1133.70000000,0.03300000,424331,424331,1782871607942683,False,True
406617,1133.11000000,0.04700000,424332,424332,1782871624774712,True,True
406618,1132.84000000,0.04500000,424333,424333,1782871664774298,True,True
406619,1132.64000000,0.00600000,424334,424334,1782871665120206,True,True
406620,1132.27000000,0.02300000,424335,424335,1782871684774114,True,True
406621,1132.26000000,0.08800000,424336,424336,1782871693135484,True,True
406622,1132.01000000,0.00900000,424337,424337,1782871705769924,True,True
406623,1131.60000000,0.03500000,424338,424338,1782871719774147,True,True
406624,1131.60000000,0.03700000,424339,424339,1782871726877983,True,True
406625,1131.60000000,0.01600000,424340,424340,1782871726901218,True,True
406626,1131.57000000,0.02600000,424341,424341,1782871744774324,True,True
406627,1131.49000000,0.48500000,424342,424342,1782871752357921,True,True
406628,1131.48000000,0.00500000,424343,424343,1782871752357921,True,True
406629,1131.26000000,0.08800000,424344,424344,1782871752357921,True,True
406630,1131.07000000,0.31700000,424345,424345,1782871752357921,True,True
406631,1131.00000000,0.16600000,424346,424346,1782871752687068,False,True
406632,1131.00000000,0.03600000,424347,424347,1782871752689512,False,True
406633,1131.00000000,0.03600000,424348,424348,1782871752690410,False,True
406634,1131.00000000,0.03600000,424349,424349,1782871752690559,False,True
406635,1131.00000000,0.03600000,424350,424350,1782871752690602,False,True
406636,1131.00000000,0.03600000,424351,424351,1782871752690684,False,True
406637,1131.00000000,0.03600000,424352,424352,1782871752691014,False,True
406638,1131.00000000,0.03600000,424353,424353,1782871752691057,False,True
406639,1131.00000000,0.14600000,424354,424354,1782871752692021,False,True
406640,1131.00000000,0.03600000,424355,424355,1782871752693217,False,True
406641,1131.00000000,0.16600000,424356,424356,1782871752834882,False,True
406642,1131.00000000,0.16600000,424357,424357,1782871752927789,False,True
406643,1131.00000000,0.03700000,424358,424358,1782871752928781,False,True
406644,1131.00000000,0.03700000,424359,424359,1782871752928898,False,True
406645,1131.00000000,0.03700000,424360,424360,1782871752928938,False,True
406646,1131.00000000,0.03700000,424361,424361,1782871752930423,False,True
406647,1131.00000000,0.03700000,424362,424362,1782871752930506,False,True
406648,1131.00000000,0.14600000,424363,424363,1782871753080114,False,True
406649,1131.00000000,0.03700000,424364,424364,1782871783146868,False,True
406650,1131.00000000,0.03700000,424365,424365,1782871783146900,False,True
406651,1130.78000000,0.02700000,424366,424366,1782871784775521,True,True
406652,1130.78000000,0.02600000,424367,424367,1782871784775521,True,True
406653,1131.00000000,0.09800000,424368,424368,1782871791621989,False,True
406654,1131.00000000,0.03700000,424369,424369,1782871791637981,False,True
406655,1131.00000000,0.03700000,424370,424370,1782871791638046,False,True
406656,1131.00000000,0.03700000,424371,424371,1782871791638379,False,True
406657,1131.00000000,0.03700000,424372,424372,1782871791638776,False,True
406658,1131.00000000,0.03700000,424373,424373,1782871791639910,False,True
406659,1131.00000000,0.03700000,424374,424374,1782871791663459,False,True
406660,1131.00000000,0.03700000,424375,424375,1782871791663692,False,True
406661,1131.00000000,0.03700000,424376,424376,1782871791663831,False,True
406662,1131.00000000,0.03700000,424377,424377,1782871791664390,False,True
406663,1131.00000000,0.03700000,424378,424378,1782871791664406,False,True
406664,1131.00000000,0.03700000,424379,424379,1782871791664734,False,True
406665,1131.00000000,0.03700000,424380,424380,1782871791664765,False,True
406666,1131.00000000,0.03700000,424381,424381,1782871791665884,False,True
406667,1131.00000000,0.03700000,424382,424382,1782871791665889,False,True
406668,1131.00000000,0.03700000,424383,424383,1782871791665959,False,True
406669,1131.00000000,0.03700000,424384,424384,1782871791666022,False,True
406670,1131.00000000,0.03700000,424385,424385,1782871791667407,False,True
406671,1131.00000000,0.11300000,424386,424387,1782871791675157,False,True
406672,1131.00000000,0.03700000,424388,424388,1782871791675810,False,True
406673,1131.00000000,0.06500000,424389,424389,1782871791743948,False,True
406674,1131.00000000,0.04300000,424390,424390,1782871791940731,False,True
406675,1131.00000000,0.02900000,424391,424391,1782871792354678,False,True
406676,1131.00000000,0.04000000,424392,424392,1782871797903514,False,True
406677,1131.00000000,0.03000000,424393,424393,1782871797903911,False,True
406678,1131.00000000,0.04000000,424394,424394,1782871797903977,False,True
406679,1131.00000000,0.04000000,424395,424395,1782871797904229,False,True
406680,1131.00000000,0.04000000,424396,424396,1782871797904491,False,True
406681,1131.00000000,0.04000000,424397,424397,1782871797904708,False,True
406682,1131.00000000,0.08000000,424398,424398,1782871797913416,False,True
406683,1131.00000000,0.08000000,424399,424399,1782871797913675,False,True
406684,1131.00000000,0.08000000,424400,424400,1782871797913824,False,True
406685,1131.00000000,0.08000000,424401,424401,1782871797914464,False,True
406686,1131.00000000,0.08000000,424402,424402,1782871797914730,False,True
406687,1131.00000000,0.29000000,424403,424403,1782871797918778,False,True
406688,1131.00000000,0.29000000,424404,424404,1782871797919512,False,True
406689,1131.00000000,0.29000000,424405,424405,1782871797919764,False,True
406690,1131.00000000,0.29000000,424406,424406,1782871797922596,False,True
406691,1131.00000000,0.29000000,424407,424407,1782871797922862,False,True
406692,1131.00000000,0.80000000,424408,424409,1782871797932870,False,True
406693,1131.00000000,0.80000000,424410,424410,1782871797933714,False,True
406694,1131.00000000,0.46000000,424411,424411,1782871797941465,False,True
406695,1131.00000000,0.03700000,424412,424412,1782871797957905,False,True
406696,1131.00000000,0.03700000,424413,424413,1782871797959284,False,True
406697,1131.00000000,0.11300000,424414,424414,1782871797959348,False,True
406698,1131.00000000,0.03700000,424415,424415,1782871797959405,False,True
406699,1131.00000000,0.11300000,424416,424416,1782871797959509,False,True
406700,1131.00000000,0.03700000,424417,424417,1782871797959869,False,True
406701,1131.00000000,0.03700000,424418,424418,1782871797959948,False,True
406702,1131.00000000,0.46000000,424419,424419,1782871797963323,False,True
406703,1131.00000000,0.03700000,424420,424420,1782871797971306,False,True
406704,1131.00000000,0.03700000,424421,424421,1782871797971346,False,True
406705,1131.00000000,0.03700000,424422,424422,1782871797971374,False,True
406706,1131.00000000,0.11300000,424423,424423,1782871797972166,False,True
406707,1131.00000000,0.44000000,424424,424424,1782871797972244,False,True
406708,1131.00000000,0.07900000,424425,424425,1782871797972250,False,True
406709,1131.96000000,0.27200000,424426,424426,1782871798628897,False,True
406710,1131.88000000,0.03800000,424427,424427,1782871804775497,True,True
406711,1131.84000000,0.14800000,424428,424428,1782871809099014,True,True
406712,1131.84000000,0.03700000,424429,424429,1782871809099221,True,True
406713,1131.84000000,0.03700000,424430,424430,1782871809100450,True,True
406714,1131.84000000,0.03700000,424431,424431,1782871809100484,True,True
406715,1131.84000000,0.03700000,424432,424432,1782871809101408,True,True
406716,1131.84000000,0.02100000,424433,424433,1782871809101765,True,True
406717,1131.42000000,0.10400000,424434,424434,1782871815381238,True,True
406718,1131.41000000,0.70700000,424435,424435,1782871815381238,True,True
406719,1131.40000000,0.29300000,424436,424436,1782871815381238,True,True
406720,1131.37000000,0.31700000,424437,424437,1782871815381238,True,True
406721,1131.00000000,1.60000000,424438,424438,1782871815384769,False,True
406722,1131.00000000,0.80000000,424439,424439,1782871815384936,False,True
406723,1131.00000000,0.80000000,424440,424440,1782871815385405,False,True
406724,1131.00000000,0.80000000,424441,424441,1782871815385697,False,True
406725,1131.00000000,0.03600000,424442,424442,1782871815385960,False,True
406726,1131.00000000,0.03600000,424443,424443,1782871815385971,False,True
406727,1131.00000000,0.03600000,424444,424444,1782871815385991,False,True
406728,1131.00000000,0.54000000,424445,424445,1782871815386067,False,True
406729,1131.00000000,0.03600000,424446,424446,1782871815386071,False,True
406730,1131.00000000,0.03600000,424447,424447,1782871815386105,False,True
406731,1131.00000000,0.03600000,424448,424448,1782871815386222,False,True
406732,1130.99000000,0.03500000,424449,424449,1782871817776260,True,True
406733,1130.99000000,0.03500000,424450,424450,1782871817776329,True,True
406734,1130.99000000,0.03500000,424451,424451,1782871817776391,True,True
406735,1130.99000000,0.14100000,424452,424452,1782871817776409,True,True
406736,1130.99000000,0.03500000,424453,424453,1782871817776553,True,True
406737,1130.99000000,0.03500000,424454,424454,1782871817776987,True,True
406738,1130.99000000,0.03500000,424455,424455,1782871817777117,True,True
406739,1130.99000000,0.03500000,424456,424456,1782871817777307,True,True
406740,1130.99000000,0.03500000,424457,424457,1782871817777367,True,True
406741,1130.99000000,0.03500000,424458,424458,1782871817777682,True,True
406742,1130.99000000,0.14100000,424459,424459,1782871817778567,True,True
406743,1130.99000000,0.14100000,424460,424460,1782871817778626,True,True
406744,1130.99000000,0.14100000,424461,424461,1782871817778716,True,True
406745,1130.99000000,0.03500000,424462,424462,1782871817779679,True,True
406746,1130.99000000,0.14100000,424463,424463,1782871817779700,True,True
406747,1130.99000000,0.03500000,424464,424464,1782871817779743,True,True
406748,1130.99000000,0.03500000,424465,424465,1782871817779938,True,True
406749,1130.99000000,0.31700000,424466,424466,1782871817911601,True,True
406750,1131.00000000,0.03500000,424467,424467,1782871821023105,False,True
406751,1131.00000000,0.03500000,424468,424468,1782871821023973,False,True
406752,1131.00000000,0.03500000,424469,424469,1782871821024281,False,True
406753,1131.00000000,0.11500000,424470,424470,1782871821024379,False,True
406754,1131.00000000,0.03500000,424471,424471,1782871827899178,False,True
406755,1131.00000000,0.03500000,424472,424472,1782871827900134,False,True
406756,1131.00000000,1.40200000,424473,424473,1782871827903700,False,True
406757,1131.00000000,1.76000000,424474,424474,1782871830432107,False,True
406758,1131.00000000,0.03500000,424475,424475,1782871830432738,False,True
406759,1131.00000000,0.14100000,424476,424476,1782871830433343,False,True
406760,1131.00000000,0.03500000,424477,424477,1782871830441294,False,True
406761,1131.00000000,0.03500000,424478,424478,1782871830441742,False,True
406762,1131.00000000,0.14100000,424479,424479,1782871830442394,False,True
406763,1131.00000000,0.03500000,424480,424480,1782871830442596,False,True
406764,1131.00000000,0.03500000,424481,424481,1782871830442808,False,True
406765,1130.92000000,0.03500000,424482,424482,1782871840307607,True,True
406766,1130.92000000,0.03500000,424483,424483,1782871840308644,True,True
406767,1130.92000000,0.03500000,424484,424484,1782871840308988,True,True
406768,1130.92000000,0.14100000,424485,424485,1782871840309097,True,True
406769,1130.92000000,0.14100000,424486,424486,1782871840310006,True,True
406770,1130.92000000,0.03500000,424487,424487,1782871840310178,True,True
406771,1130.92000000,0.03500000,424488,424488,1782871840310934,True,True
406772,1130.92000000,0.03500000,424489,424489,1782871840311046,True,True
406773,1130.92000000,0.03500000,424490,424490,1782871840311133,True,True
406774,1130.92000000,0.03500000,424491,424491,1782871840311222,True,True
406775,1130.92000000,0.03500000,424492,424492,1782871840311333,True,True
406776,1130.92000000,0.03500000,424493,424493,1782871840312037,True,True
406777,1130.92000000,0.03500000,424494,424494,1782871840312089,True,True
406778,1130.92000000,0.03500000,424495,424495,1782871840312132,True,True
406779,1130.92000000,0.03500000,424496,424496,1782871840312219,True,True
406780,1130.92000000,0.03500000,424497,424497,1782871840844552,True,True
406781,1130.92000000,0.14100000,424498,424498,1782871840845198,True,True
406782,1130.92000000,0.03500000,424499,424499,1782871840846120,True,True
406783,1130.92000000,0.14100000,424500,424500,1782871840847535,True,True
406784,1130.92000000,0.03500000,424501,424501,1782871841511749,True,True
406785,1130.92000000,0.03500000,424502,424502,1782871841514814,True,True
406786,1130.92000000,0.03500000,424503,424503,1782871841515042,True,True
406787,1130.92000000,0.03500000,424504,424504,1782871841520411,True,True
406788,1130.92000000,0.03500000,424505,424505,1782871841521216,True,True
406789,1130.92000000,0.03500000,424506,424506,1782871841521412,True,True
406790,1130.92000000,0.03500000,424507,424507,1782871841521556,True,True
406791,1130.92000000,0.14100000,424508,424508,1782871844487317,True,True
406792,1130.92000000,0.03500000,424509,424509,1782871844487489,True,True
406793,1130.92000000,0.07900000,424510,424510,1782871844487730,True,True
406794,1130.89000000,0.06200000,424511,424511,1782871844487730,True,True
406795,1130.89000000,0.14100000,424512,424512,1782871844487736,True,True
406796,1130.89000000,0.11400000,424513,424513,1782871844488348,True,True
406797,1130.78000000,0.02700000,424514,424514,1782871844488348,True,True
406798,1130.90000000,0.04000000,424515,424515,1782871844962251,True,True
406799,1130.90000000,0.04000000,424516,424516,1782871844962575,True,True
406800,1130.78000000,0.00800000,424517,424517,1782871846374768,True,True
406801,1130.22000000,0.00500000,424518,424518,1782871848174574,True,True
406802,1130.99000000,0.02800000,424519,424519,1782871865551073,False,True
406803,1130.24000000,0.02700000,424520,424520,1782871876703598,True,True
406804,1131.00000000,0.03500000,424521,424521,1782871880154157,False,True
406805,1131.00000000,0.14300000,424522,424522,1782871880154642,False,True
406806,1131.00000000,0.03500000,424523,424523,1782871880154978,False,True
406807,1131.00000000,0.03400000,424524,424524,1782871880156034,False,True
406808,1131.00000000,0.03400000,424525,424525,1782871880156142,False,True
406809,1131.00000000,0.13700000,424526,424526,1782871880156168,False,True
406810,1131.00000000,0.13700000,424527,424527,1782871880156360,False,True
406811,1131.00000000,0.03400000,424528,424528,1782871880157951,False,True
406812,1130.73000000,0.03400000,424529,424529,1782871883555266,True,True
406813,1130.73000000,0.03400000,424530,424530,1782871883555367,True,True
406814,1130.73000000,0.03400000,424531,424531,1782871883555371,True,True
406815,1130.73000000,0.03400000,424532,424532,1782871883555418,True,True
406816,1130.73000000,0.03300000,424533,424533,1782871886053613,True,True
406817,1130.73000000,0.13500000,424534,424534,1782871886054666,True,True
406818,1130.73000000,0.01300000,424535,424535,1782871886054681,True,True
406819,1130.38000000,0.01600000,424536,424536,1782871900919186,False,True
406820,1130.15000000,0.01600000,424537,424537,1782871908678218,True,True
406821,1131.00000000,0.03400000,424538,424538,1782871911254744,False,True
406822,1131.00000000,0.03400000,424539,424539,1782871911254942,False,True
406823,1131.00000000,0.03400000,424540,424540,1782871911256161,False,True
406824,1131.00000000,0.03400000,424541,424541,1782871911258546,False,True
406825,1131.00000000,0.03400000,424542,424542,1782871911258601,False,True
406826,1131.00000000,0.03400000,424543,424543,1782871911258647,False,True
406827,1131.00000000,0.03400000,424544,424544,1782871911259771,False,True
406828,1131.00000000,0.03400000,424545,424545,1782871911260871,False,True
406829,1131.00000000,0.03400000,424546,424546,1782871911261657,False,True
406830,1131.00000000,0.13800000,424547,424547,1782871911261729,False,True
406831,1131.00000000,0.03400000,424548,424548,1782871911261806,False,True
406832,1130.56000000,0.03400000,424549,424549,1782871916279484,True,True
406833,1130.56000000,0.03400000,424550,424550,1782871916280667,True,True
406834,1130.56000000,0.03400000,424551,424551,1782871916280671,True,True
406835,1130.56000000,0.03400000,424552,424552,1782871916280930,True,True
406836,1130.56000000,0.03400000,424553,424553,1782871916281016,True,True
406837,1130.56000000,0.03400000,424554,424554,1782871916281094,True,True
406838,1130.56000000,0.03400000,424555,424555,1782871916281779,True,True
406839,1130.56000000,0.03400000,424556,424556,1782871916282935,True,True
406840,1130.56000000,0.03400000,424557,424557,1782871916283106,True,True
406841,1130.56000000,0.01100000,424558,424558,1782871916283157,True,True
406842,1130.01000000,0.03400000,424559,424559,1782871919001830,True,True
406843,1130.01000000,0.03400000,424560,424560,1782871919003031,True,True
406844,1130.01000000,0.13700000,424561,424561,1782871919003326,True,True
406845,1130.01000000,0.03400000,424562,424562,1782871919003884,True,True
406846,1130.01000000,0.03400000,424563,424563,1782871919004028,True,True
406847,1130.01000000,0.03400000,424564,424564,1782871919004034,True,True
406848,1130.01000000,0.01000000,424565,424565,1782871919005001,True,True
406849,1130.00000000,0.12700000,424566,424566,1782871919005001,True,True
406850,1130.00000000,0.03400000,424567,424568,1782871919005461,True,True
406851,1130.00000000,0.03400000,424569,424569,1782871919006567,True,True
406852,1130.00000000,0.03400000,424570,424570,1782871919011146,True,True
406853,1130.00000000,0.03400000,424571,424571,1782871919011510,True,True
406854,1130.00000000,0.01000000,424572,424572,1782871919012260,True,True
406855,1129.89000000,0.04000000,424573,424573,1782871932105081,True,True
406856,1129.89000000,0.04000000,424574,424574,1782871932105330,True,True
406857,1129.74000000,0.31800000,424575,424575,1782871940259563,True,True
406858,1129.60000000,0.36600000,424576,424576,1782871940259563,True,True
406859,1129.22000000,0.08800000,424577,424577,1782871940259563,True,True
406860,1129.02000000,1.59100000,424578,424578,1782871940259563,True,True
406861,1129.00000000,0.13400000,424579,424579,1782871940260580,False,True
406862,1129.00000000,0.13400000,424580,424580,1782871940260724,False,True
406863,1129.00000000,0.13400000,424581,424581,1782871940260731,False,True
406864,1129.00000000,0.13400000,424582,424582,1782871940260764,False,True
406865,1129.00000000,0.00300000,424583,424583,1782871940260781,False,True
406866,1131.00000000,0.98500000,424584,424584,1782871957041480,False,True
406867,1131.00000000,0.12900000,424585,424585,1782871957042533,False,True
406868,1131.00000000,0.03200000,424586,424586,1782871957042553,False,True
406869,1131.00000000,0.03200000,424587,424587,1782871957042913,False,True
406870,1131.00000000,0.03200000,424588,424588,1782871957047440,False,True
406871,1131.00000000,0.03200000,424589,424589,1782871957047599,False,True
406872,1131.00000000,0.24000000,424590,424590,1782871957639200,False,True
406873,1131.00000000,0.01700000,424591,424591,1782871957661070,False,True
406874,1131.00000000,0.03200000,424592,424592,1782871959486011,False,True
406875,1131.00000000,0.03200000,424593,424593,1782871959486028,False,True
406876,1131.00000000,0.03200000,424594,424594,1782871959486069,False,True
406877,1131.00000000,0.03200000,424595,424595,1782871959486561,False,True
406878,1131.00000000,0.01500000,424596,424596,1782871959487231,False,True
406879,1131.54000000,0.07000000,424597,424597,1782871959487231,False,True
406880,1131.34000000,0.07000000,424598,424598,1782871991587280,True,True
406881,1131.22000000,0.52600000,424599,424599,1782871991587280,True,True
406882,1132.11000000,0.31800000,424600,424600,1782872023210643,True,True
406883,1132.11000000,0.06100000,424601,424601,1782872023217031,True,True
406884,1132.11000000,0.06100000,424602,424602,1782872023217098,True,True
406885,1132.11000000,0.12200000,424603,424603,1782872023217250,True,True
406886,1132.11000000,0.06100000,424604,424604,1782872023217530,True,True
406887,1132.11000000,0.01300000,424605,424605,1782872023218419,True,True
406888,1131.97000000,0.12200000,424606,424606,1782872023220494,True,True
406889,1131.97000000,0.12200000,424607,424607,1782872023220540,True,True
406890,1131.97000000,0.04000000,424608,424608,1782872023232216,True,True
406891,1131.97000000,0.03400000,424609,424609,1782872023232473,True,True
406892,1131.83000000,0.12100000,424610,424610,1782872039383896,True,True
406893,1131.83000000,0.12100000,424611,424611,1782872039384221,True,True
406894,1131.83000000,0.08000000,424612,424612,1782872067654918,True,True
406895,1131.83000000,0.08000000,424613,424613,1782872067655320,True,True
406896,1131.83000000,0.04000000,424614,424614,1782872067664623,True,True
406897,1132.05000000,0.44100000,424615,424615,1782872115729912,True,True
406898,1131.24000000,0.29000000,424616,424616,1782872119417883,True,True
406899,1131.24000000,0.02800000,424617,424617,1782872119418357,True,True
406900,1131.22000000,0.30200000,424618,424618,1782872119418357,True,True
406901,1132.74000000,0.00500000,424619,424619,1782872144945253,False,True
406902,1133.67000000,0.06200000,424620,424620,1782872150984264,False,True
406903,1133.67000000,0.12500000,424621,424621,1782872150985018,False,True
406904,1133.67000000,0.06200000,424622,424622,1782872150985468,False,True
406905,1133.67000000,0.06200000,424623,424623,1782872150986189,False,True
406906,1133.67000000,0.06200000,424624,424624,1782872150986800,False,True
406907,1133.67000000,0.06800000,424625,424625,1782872150987937,False,True
406908,1133.41000000,0.06200000,424626,424626,1782872159298792,True,True
406909,1133.41000000,0.06200000,424627,424627,1782872159298970,True,True
406910,1133.41000000,0.12400000,424628,424628,1782872159299134,True,True
406911,1133.41000000,0.06200000,424629,424629,1782872159299604,True,True
406912,1133.41000000,0.00800000,424630,424630,1782872159312721,True,True
406913,1134.00000000,0.00500000,424631,424631,1782872163626253,False,True
406914,1134.14000000,0.06300000,424632,424632,1782872172129376,True,True
406915,1134.14000000,0.06300000,424633,424633,1782872172130630,True,True
406916,1134.14000000,0.06300000,424634,424634,1782872172130796,True,True
406917,1134.14000000,0.06300000,424635,424635,1782872172132114,True,True
406918,1134.14000000,0.06300000,424636,424636,1782872172133375,True,True
406919,1134.14000000,0.00300000,424637,424637,1782872172134473,True,True
406920,1133.98000000,0.06000000,424638,424638,1782872192371958,True,True
406921,1133.98000000,0.06000000,424639,424639,1782872192385663,True,True
406922,1133.98000000,0.06000000,424640,424640,1782872192410120,True,True
406923,1133.98000000,0.06000000,424641,424641,1782872192411169,True,True
406924,1134.77000000,0.06300000,424642,424642,1782872242321832,True,True
406925,1134.77000000,0.25500000,424643,424643,1782872242321870,True,True
406926,1135.13000000,0.00900000,424644,424644,1782872263697615,False,True
406927,1135.26000000,0.00500000,424645,424645,1782872281271598,False,True
406928,1135.57000000,0.12900000,424646,424646,1782872294439942,False,True
406929,1135.57000000,0.06400000,424647,424647,1782872294440225,False,True
406930,1135.57000000,0.06400000,424648,424648,1782872294440923,False,True
406931,1135.57000000,0.12900000,424649,424649,1782872294441073,False,True
406932,1135.57000000,0.09200000,424650,424650,1782872294441166,False,True
406933,1135.81000000,0.12100000,424651,424651,1782872305429637,True,True
406934,1135.81000000,0.06000000,424652,424652,1782872305430433,True,True
406935,1135.81000000,0.12100000,424653,424653,1782872305430460,True,True
406936,1135.81000000,0.01600000,424654,424654,1782872305431513,True,True
406937,1135.84000000,0.06000000,424655,424655,1782872311272141,False,True
406938,1135.84000000,0.12100000,424656,424656,1782872311273314,False,True
406939,1135.84000000,0.06000000,424657,424657,1782872311273426,False,True
406940,1135.84000000,0.06000000,424658,424658,1782872311273831,False,True
406941,1135.68000000,0.06000000,424659,424659,1782872330429571,True,True
406942,1135.68000000,0.06000000,424660,424660,1782872330431008,True,True
406943,1135.68000000,0.06000000,424661,424661,1782872330432676,True,True
406944,1135.68000000,0.12000000,424662,424662,1782872330435471,True,True
406945,1135.68000000,0.01800000,424663,424663,1782872330436619,True,True
406946,1135.78000000,0.48600000,424664,424664,1782872333208047,False,True
406947,1136.52000000,0.00500000,424665,424665,1782872333208047,False,True
406948,1136.64000000,0.13200000,424666,424667,1782872333208047,False,True
406949,1136.65000000,0.00100000,424668,424668,1782872333208047,False,True
406950,1135.50000000,0.04000000,424669,424669,1782872343222695,True,True
406951,1135.50000000,0.04000000,424670,424670,1782872343223304,True,True
406952,1135.50000000,0.08000000,424671,424671,1782872343234319,True,True
406953,1135.50000000,0.08000000,424672,424672,1782872343235076,True,True
406954,1135.50000000,0.07700000,424673,424673,1782872343242592,True,True
406955,1134.95000000,0.12100000,424674,424674,1782872418233439,True,True
406956,1134.95000000,0.06000000,424675,424675,1782872418234412,True,True
406957,1135.79000000,0.11900000,424676,424676,1782872450676547,False,True
406958,1137.92000000,0.00500000,424677,424677,1782872486605213,False,True
406959,1135.38000000,0.00500000,424678,424678,1782872709462447,True,True
406960,1134.11000000,0.00500000,424679,424679,1782872735967702,True,True
406961,1135.57000000,0.19000000,424680,424680,1782872823549755,True,True
406962,1135.00000000,0.04000000,424681,424681,1782872871553090,True,True
406963,1135.00000000,0.04000000,424682,424682,1782872871553549,True,True
406964,1135.00000000,0.03900000,424683,424683,1782872871559482,True,True
406965,1135.00000000,0.03900000,424684,424684,1782872871559523,True,True
406966,1135.00000000,0.03900000,424685,424685,1782872871559626,True,True
406967,1135.00000000,0.11700000,424686,424686,1782872871559711,True,True
406968,1135.00000000,0.03900000,424687,424687,1782872871559835,True,True
406969,1135.00000000,0.03900000,424688,424688,1782872871559842,True,True
406970,1135.00000000,0.03900000,424689,424689,1782872871559871,True,True
406971,1135.00000000,0.03900000,424690,424690,1782872871559990,True,True
406972,1135.00000000,0.11700000,424691,424691,1782872871560311,True,True
