330130185,41.94000000,3.75700000,584660182,584660187,1782864001075260,False,True
330130186,41.95000000,0.98600000,584660188,584660188,1782864004837452,False,True
330130187,41.95000000,1.68300000,584660189,584660189,1782864013446607,False,True
330130188,41.95000000,1.28700000,584660190,584660190,1782864018110492,False,True
330130189,41.95000000,0.30500000,584660191,584660191,1782864019019379,False,True
330130190,41.95000000,4.34900000,584660192,584660196,1782864024882366,False,True
330130191,41.96000000,6.56300000,584660197,584660198,1782864029247760,False,True
330130192,41.96000000,3.63200000,584660199,584660204,1782864029254554,False,True
330130193,41.97000000,6.00000000,584660205,584660205,1782864029979095,False,True
330130194,41.97000000,1.37600000,584660206,584660206,1782864035028829,False,True
330130195,41.97000000,0.19500000,584660207,584660207,1782864035418828,False,True
330130196,41.97000000,1.79000000,584660208,584660208,1782864041149873,False,True
330130197,41.97000000,1.64100000,584660209,584660209,1782864041946913,False,True
330130198,41.97000000,12.67300000,584660210,584660218,1782864050484266,False,True
330130199,41.98000000,0.83600000,584660219,584660224,1782864052109804,False,True
330130200,41.97000000,5.32900000,584660225,584660230,1782864052189675,True,True
330130201,41.97000000,0.37200000,584660231,584660233,1782864052191083,True,True
330130202,41.96000000,1.42200000,584660234,584660244,1782864053269014,True,True
330130203,41.96000000,3.83100000,584660245,584660246,1782864053271338,False,True
330130204,41.96000000,0.58500000,584660247,584660247,1782864057777835,False,True
330130205,41.96000000,1.90600000,584660248,584660248,1782864057987109,False,True
330130206,41.95000000,7.95400000,584660249,584660249,1782864058145034,True,True
330130207,41.96000000,1.58600000,584660250,584660250,1782864060731531,False,True
330130208,41.96000000,0.26200000,584660251,584660251,1782864067404237,False,True
330130209,41.95000000,3.99600000,584660252,584660252,1782864075695644,True,True
330130210,41.95000000,0.75900000,584660253,584660253,1782864077085484,True,True
330130211,41.95000000,6.01000000,584660254,584660264,1782864077579978,True,True
330130212,41.95000000,0.74900000,584660265,584660270,1782864077581440,True,True
330130213,41.95000000,6.40100000,584660271,584660272,1782864078673335,False,True
330130214,41.95000000,2.17200000,584660273,584660276,1782864087247926,False,True
330130215,41.95000000,0.59100000,584660277,584660277,1782864091833654,False,True
330130216,41.94000000,1.23800000,584660278,584660285,1782864094457405,True,True
330130217,41.94000000,0.87300000,584660286,584660292,1782864094459540,True,True
330130218,41.94000000,0.19100000,584660293,584660293,1782864095795780,False,True
330130219,41.94000000,0.14000000,584660294,584660294,1782864099017711,False,True
330130220,41.94000000,0.35800000,584660295,584660297,1782864102484558,False,True
330130221,41.93000000,1.31300000,584660298,584660298,1782864103263626,True,True
330130222,41.94000000,0.64600000,584660299,584660299,1782864108473434,False,True
330130223,41.94000000,3.43000000,584660300,584660304,1782864117010094,False,True
330130224,41.94000000,3.45200000,584660305,584660308,1782864120567604,False,True
330130225,41.94000000,0.12600000,584660309,584660309,1782864120568702,False,True
330130226,41.95000000,3.37800000,584660310,584660313,1782864124850425,False,True
330130227,41.96000000,0.46100000,584660314,584660314,1782864131800042,False,True
330130228,41.95000000,6.48300000,584660315,584660315,1782864131840873,True,True
330130229,41.95000000,0.66800000,584660316,584660316,1782864131939092,True,True
330130230,41.96000000,0.15300000,584660317,584660317,1782864132184885,False,True
330130231,41.96000000,2.91800000,584660318,584660318,1782864132331034,False,True
330130232,41.95000000,21.03000000,584660319,584660325,1782864138689259,True,True
330130233,41.95000000,9.76900000,584660326,584660327,1782864138691225,True,True
330130234,41.95000000,0.50200000,584660328,584660331,1782864138692339,True,True
330130235,41.95000000,14.42000000,584660332,584660333,1782864146011225,False,True
330130236,41.95000000,1.67400000,584660334,584660334,1782864147318286,False,True
330130237,41.95000000,0.35700000,584660335,584660335,1782864147711448,False,True
330130238,41.94000000,0.18000000,584660336,584660336,1782864149818279,True,True
330130239,41.95000000,7.48300000,584660337,584660342,1782864154706203,False,True
330130240,41.96000000,7.07900000,584660343,584660344,1782864154706203,False,True
330130241,41.95000000,0.14900000,584660345,584660345,1782864157145073,True,True
330130242,41.95000000,0.47000000,584660346,584660346,1782864170121096,True,True
330130243,41.95000000,3.90500000,584660347,584660351,1782864171707592,True,True
330130244,41.95000000,3.90500000,584660352,584660353,1782864171710936,True,True
330130245,41.95000000,0.74900000,584660354,584660359,1782864171713189,True,True
330130246,41.95000000,0.27900000,584660360,584660360,1782864187597473,False,True
330130247,41.94000000,0.30900000,584660361,584660363,1782864189381069,True,True
330130248,41.94000000,0.37800000,584660364,584660367,1782864191115881,True,True
330130249,41.95000000,0.23900000,584660368,584660368,1782864191396271,False,True
330130250,41.95000000,0.20800000,584660369,584660369,1782864196603925,False,True
330130251,41.94000000,19.55600000,584660370,584660377,1782864198805091,True,True
330130252,41.93000000,0.30400000,584660378,584660378,1782864199579150,True,True
330130253,41.93000000,30.45600000,584660379,584660389,1782864205841147,True,True
330130254,41.93000000,0.24800000,584660390,584660391,1782864205842717,True,True
330130255,41.92000000,1.37500000,584660392,584660402,1782864207250096,True,True
330130256,41.92000000,3.57800000,584660403,584660407,1782864212178652,False,True
330130257,41.92000000,15.18800000,584660408,584660410,1782864214813530,True,True
330130258,41.93000000,3.75300000,584660411,584660416,1782864220958738,False,True
330130259,41.93000000,0.25200000,584660417,584660418,1782864220971589,False,True
330130260,41.93000000,0.37800000,584660419,584660421,1782864220975981,False,True
330130261,41.94000000,0.21000000,584660422,584660422,1782864223513629,False,True
330130262,41.94000000,0.16500000,584660423,584660423,1782864225899868,False,True
330130263,41.93000000,1.55800000,584660424,584660424,1782864233849356,True,True
330130264,41.94000000,0.47700000,584660425,584660425,1782864236473230,False,True
330130265,41.93000000,0.22000000,584660426,584660426,1782864251096049,True,True
330130266,41.94000000,6.64000000,584660427,584660428,1782864251562928,False,True
330130267,41.94000000,0.25700000,584660429,584660430,1782864251600111,False,True
330130268,41.94000000,0.94300000,584660431,584660435,1782864251636982,False,True
330130269,41.94000000,0.73900000,584660436,584660437,1782864251648692,False,True
330130270,41.94000000,0.64100000,584660438,584660438,1782864251675212,False,True
330130271,41.94000000,0.59500000,584660439,584660439,1782864251700218,False,True
330130272,41.94000000,0.59500000,584660440,584660440,1782864251725013,False,True
330130273,41.94000000,0.60100000,584660441,584660441,1782864251750441,False,True
330130274,41.94000000,0.72500000,584660442,584660446,1782864251750487,False,True
330130275,41.94000000,4.99500000,584660447,584660447,1782864256968165,True,True
330130276,41.95000000,0.18300000,584660448,584660448,1782864257771203,False,True
330130277,41.95000000,1.58400000,584660449,584660449,1782864260854276,False,True
330130278,41.95000000,0.33600000,584660450,584660450,1782864267618239,False,True
330130279,41.94000000,0.19200000,584660451,584660451,1782864267622114,True,True
330130280,41.95000000,0.73400000,584660452,584660453,1782864273717524,False,True
330130281,41.95000000,3.95200000,584660454,584660461,1782864281299343,False,True
330130282,41.95000000,4.06600000,584660462,584660462,1782864285915615,True,True
330130283,41.95000000,0.45000000,584660463,584660463,1782864293282662,True,True
330130284,41.96000000,0.17900000,584660464,584660464,1782864294177823,False,True
330130285,41.96000000,25.72500000,584660465,584660473,1782864298009851,False,True
330130286,41.96000000,6.20000000,584660474,584660474,1782864298014834,False,True
330130287,41.96000000,0.37200000,584660475,584660477,1782864298086991,False,True
330130288,41.96000000,0.25200000,584660478,584660479,1782864298100355,False,True
330130289,41.96000000,0.21800000,584660480,584660480,1782864298773309,True,True
330130290,41.97000000,1.80000000,584660481,584660481,1782864311657388,False,True
330130291,41.97000000,0.62000000,584660482,584660482,1782864312015932,False,True
330130292,41.97000000,1.00000000,584660483,584660483,1782864314197311,False,True
330130293,41.96000000,4.01100000,584660484,584660485,1782864314916480,True,True
330130294,41.97000000,0.47700000,584660486,584660486,1782864316046011,False,True
330130295,41.97000000,4.72600000,584660487,584660488,1782864318820767,False,True
330130296,41.96000000,0.35700000,584660489,584660491,1782864326179240,True,True
330130297,41.97000000,55.11500000,584660492,584660501,1782864327010090,False,True
330130298,41.97000000,0.52400000,584660502,584660502,1782864327512193,False,True
330130299,41.96000000,5.71000000,584660503,584660504,1782864335777262,True,True
330130300,41.96000000,25.97500000,584660505,584660517,1782864336630710,True,True
330130301,41.95000000,4.00000000,584660518,584660518,1782864336632361,True,True
330130302,41.96000000,0.14000000,584660519,584660519,1782864336866714,False,True
330130303,41.95000000,4.00000000,584660520,584660527,1782864344009642,True,True
330130304,41.95000000,22.97900000,584660528,584660534,1782864344020982,True,True
330130305,41.94000000,0.14300000,584660535,584660535,1782864357118296,True,True
330130306,41.94000000,1.02900000,584660536,584660536,1782864359167940,True,True
330130307,41.94000000,1.43000000,584660537,584660537,1782864363266847,True,True
330130308,41.95000000,3.54800000,584660538,584660538,1782864365676658,False,True
330130309,41.94000000,43.84000000,584660539,584660550,1782864370901988,True,True
330130310,41.94000000,4.00000000,584660551,584660554,1782864370903381,True,True
330130311,41.94000000,5.14400000,584660555,584660555,1782864370903494,True,True
330130312,41.93000000,1.38700000,584660556,584660557,1782864370903918,True,True
330130313,41.93000000,3.20800000,584660558,584660568,1782864370904573,True,True
330130314,41.93000000,0.93900000,584660569,584660569,1782864370904869,True,True
330130315,41.93000000,7.65900000,584660570,584660576,1782864371019009,True,True
330130316,41.93000000,2.73000000,584660577,584660584,1782864371175580,True,True
330130317,41.92000000,47.65400000,584660585,584660598,1782864375079727,True,True
330130318,41.91000000,4.00000000,584660599,584660602,1782864375080718,True,True
330130319,41.91000000,10.36700000,584660603,584660613,1782864375118784,True,True
330130320,41.91000000,14.31600000,584660614,584660615,1782864375120844,False,True
330130321,41.91000000,2.38600000,584660616,584660616,1782864379077210,False,True
330130322,41.90000000,18.05500000,584660617,584660629,1782864379120279,True,True
330130323,41.89000000,0.26100000,584660630,584660630,1782864379120383,True,True
330130324,41.89000000,4.00000000,584660631,584660631,1782864379120881,True,True
330130325,41.90000000,0.27400000,584660632,584660632,1782864382184312,False,True
330130326,41.89000000,0.83100000,584660633,584660633,1782864382466911,True,True
330130327,41.90000000,4.77300000,584660634,584660635,1782864385945149,False,True
330130328,41.89000000,2.51800000,584660636,584660636,1782864389238283,True,True
330130329,41.90000000,0.23400000,584660637,584660637,1782864389518232,False,True
330130330,41.89000000,34.42800000,584660638,584660650,1782864390318239,True,True
330130331,41.89000000,0.60600000,584660651,584660653,1782864390318345,True,True
330130332,41.89000000,62.17000000,584660654,584660663,1782864395133666,False,True
330130333,41.90000000,2.19600000,584660664,584660667,1782864397721600,False,True
330130334,41.89000000,24.21900000,584660668,584660673,1782864407995134,True,True
330130335,41.89000000,7.49900000,584660674,584660676,1782864407995353,True,True
330130336,41.88000000,1.38400000,584660677,584660686,1782864410552132,True,True
330130337,41.89000000,0.28400000,584660687,584660687,1782864411567249,False,True
330130338,41.88000000,0.48800000,584660688,584660691,1782864412373210,True,True
330130339,41.88000000,0.39300000,584660692,584660695,1782864412373486,True,True
330130340,41.87000000,0.18600000,584660696,584660697,1782864412818913,True,True
330130341,41.88000000,0.23900000,584660698,584660698,1782864414819663,False,True
330130342,41.87000000,4.15500000,584660699,584660707,1782864418597679,True,True
330130343,41.87000000,0.71700000,584660708,584660709,1782864420494593,True,True
330130344,41.87000000,2.71700000,584660710,584660710,1782864422475467,True,True
330130345,41.88000000,3.97100000,584660711,584660712,1782864428172028,False,True
330130346,41.87000000,0.93400000,584660713,584660713,1782864429546127,True,True
330130347,41.88000000,1.19400000,584660714,584660714,1782864435771330,False,True
330130348,41.88000000,6.61300000,584660715,584660716,1782864435871315,False,True
330130349,41.88000000,1.59000000,584660717,584660718,1782864438361743,False,True
330130350,41.87000000,0.15800000,584660719,584660719,1782864440447161,True,True
330130351,41.87000000,0.33000000,584660720,584660720,1782864440727762,True,True
330130352,41.87000000,4.00000000,584660721,584660721,1782864442091905,True,True
330130353,41.88000000,13.74700000,584660722,584660729,1782864444141486,False,True
330130354,41.87000000,31.94500000,584660730,584660735,1782864453627342,True,True
330130355,41.88000000,2.68700000,584660736,584660736,1782864455377427,False,True
330130356,41.87000000,0.48800000,584660737,584660740,1782864458406092,True,True
330130357,41.88000000,0.76400000,584660741,584660742,1782864459821002,False,True
330130358,41.88000000,2.38800000,584660743,584660743,1782864466670311,False,True
330130359,41.88000000,0.47400000,584660744,584660744,1782864468597681,False,True
330130360,41.88000000,29.40100000,584660745,584660760,1782864480876592,False,True
330130361,41.89000000,0.80400000,584660761,584660766,1782864480878383,False,True
330130362,41.89000000,25.37100000,584660767,584660776,1782864482752833,True,True
330130363,41.90000000,5.90300000,584660777,584660777,1782864486024753,False,True
330130364,41.89000000,24.42500000,584660778,584660784,1782864487496407,True,True
330130365,41.89000000,0.12600000,584660785,584660785,1782864487497495,True,True
330130366,41.88000000,0.48800000,584660786,584660786,1782864487498167,True,True
330130367,41.88000000,31.57500000,584660787,584660787,1782864487498212,True,True
330130368,41.88000000,31.21800000,584660788,584660799,1782864487498298,True,True
330130369,41.87000000,4.00000000,584660800,584660800,1782864487498509,True,True
330130370,41.88000000,17.71400000,584660801,584660802,1782864500847868,False,True
330130371,41.88000000,2.38700000,584660803,584660804,1782864503084509,False,True
330130372,41.87000000,4.15400000,584660805,584660805,1782864503479684,True,True
330130373,41.88000000,0.38800000,584660806,584660806,1782864504685513,False,True
330130374,41.88000000,3.08800000,584660807,584660807,1782864507675209,False,True
330130375,41.88000000,0.71500000,584660808,584660808,1782864510246481,False,True
330130376,41.88000000,50.00000000,584660809,584660817,1782864519283753,False,True
330130377,41.87000000,0.97400000,584660818,584660818,1782864524508736,True,True
330130378,41.87000000,1.56600000,584660819,584660819,1782864525974674,True,True
330130379,41.87000000,1.11600000,584660820,584660820,1782864528232260,True,True
330130380,41.88000000,3.87300000,584660821,584660828,1782864529775293,False,True
330130381,41.89000000,0.80100000,584660829,584660834,1782864538890213,False,True
330130382,41.89000000,3.24600000,584660835,584660837,1782864541879236,False,True
330130383,41.89000000,2.37400000,584660838,584660838,1782864549616030,False,True
330130384,41.88000000,1.07400000,584660839,584660839,1782864553330382,True,True
330130385,41.89000000,0.64200000,584660840,584660840,1782864571337845,False,True
330130386,41.88000000,6.24800000,584660841,584660845,1782864579117028,True,True
330130387,41.88000000,0.12600000,584660846,584660846,1782864579117173,True,True
330130388,41.87000000,0.48800000,584660847,584660847,1782864579122369,True,True
330130389,41.88000000,0.52500000,584660848,584660848,1782864585286628,False,True
330130390,41.88000000,8.11200000,584660849,584660849,1782864585403765,False,True
330130391,41.87000000,0.19300000,584660850,584660850,1782864588266040,True,True
330130392,41.87000000,18.53400000,584660851,584660851,1782864588590818,True,True
330130393,41.87000000,73.72700000,584660852,584660858,1782864588592676,True,True
330130394,41.87000000,0.12600000,584660859,584660859,1782864588593411,True,True
330130395,41.86000000,3.80700000,584660860,584660870,1782864588597496,True,True
330130396,41.86000000,0.48800000,584660871,584660871,1782864588608882,True,True
330130397,41.86000000,4.53000000,584660872,584660877,1782864590475263,True,True
330130398,41.85000000,0.47000000,584660878,584660878,1782864591006380,True,True
330130399,41.86000000,0.23200000,584660879,584660879,1782864594650717,False,True
330130400,41.85000000,0.48800000,584660880,584660882,1782864599395306,True,True
330130401,41.85000000,0.18400000,584660883,584660883,1782864610787352,True,True
330130402,41.86000000,4.87900000,584660884,584660885,1782864615511699,False,True
330130403,41.85000000,0.51600000,584660886,584660890,1782864630293435,True,True
330130404,41.85000000,0.30700000,584660891,584660893,1782864631048367,True,True
330130405,41.86000000,0.29000000,584660894,584660894,1782864631418890,False,True
330130406,41.85000000,0.16300000,584660895,584660895,1782864631518670,True,True
330130407,41.85000000,0.18100000,584660896,584660896,1782864631895947,True,True
330130408,41.86000000,35.12700000,584660897,584660911,1782864640792974,False,True
330130409,41.86000000,0.12400000,584660912,584660912,1782864640794302,False,True
330130410,41.87000000,3.90500000,584660913,584660921,1782864658152773,False,True
330130411,41.87000000,0.55000000,584660922,584660923,1782864658154164,False,True
330130412,41.87000000,3.35500000,584660924,584660924,1782864658154549,False,True
330130413,41.87000000,0.55000000,584660925,584660928,1782864658156221,False,True
330130414,41.87000000,0.56000000,584660929,584660933,1782864658197741,False,True
330130415,41.87000000,0.74900000,584660934,584660939,1782864658200721,False,True
330130416,41.87000000,1.24400000,584660940,584660940,1782864669629649,True,True
330130417,41.87000000,1.51600000,584660941,584660941,1782864676776865,True,True
330130418,41.88000000,0.20100000,584660942,584660943,1782864703193169,False,True
330130419,41.87000000,28.28400000,584660944,584660952,1782864710851276,True,True
330130420,41.87000000,0.50100000,584660953,584660956,1782864710853054,True,True
330130421,41.87000000,0.51900000,584660957,584660957,1782864711973460,False,True
330130422,41.86000000,0.25400000,584660958,584660958,1782864714477390,True,True
330130423,41.86000000,1.98400000,584660959,584660959,1782864719256070,True,True
330130424,41.87000000,2.39000000,584660960,584660960,1782864720392353,False,True
330130425,41.87000000,1.54600000,584660961,584660962,1782864730044882,False,True
330130426,41.87000000,0.23800000,584660963,584660963,1782864731505116,False,True
330130427,41.86000000,4.77100000,584660964,584660964,1782864732884229,True,True
330130428,41.87000000,2.28000000,584660965,584660965,1782864737826561,False,True
330130429,41.87000000,1.39900000,584660966,584660966,1782864749246427,False,True
330130430,41.86000000,0.15700000,584660967,584660967,1782864758560799,True,True
330130431,41.86000000,16.93600000,584660968,584660974,1782864758562644,True,True
330130432,41.86000000,3.90500000,584660975,584660975,1782864758569016,True,True
330130433,41.86000000,32.33800000,584660976,584660982,1782864758575781,True,True
330130434,41.86000000,8.45000000,584660983,584660985,1782864758578586,True,True
330130435,41.85000000,4.00000000,584660986,584660987,1782864758602662,True,True
330130436,41.85000000,2.00800000,584660988,584660992,1782864773242001,True,True
330130437,41.86000000,0.47900000,584660993,584660993,1782864776573969,False,True
330130438,41.85000000,26.48900000,584660994,584661001,1782864778921561,True,True
330130439,41.85000000,0.12600000,584661002,584661002,1782864778924594,True,True
330130440,41.85000000,0.37500000,584661003,584661005,1782864778925982,True,True
330130441,41.84000000,0.68100000,584661006,584661010,1782864784514180,True,True
330130442,41.85000000,3.90500000,584661011,584661011,1782864796337373,False,True
330130443,41.85000000,3.90500000,584661012,584661016,1782864796339128,False,True
330130444,41.85000000,3.90500000,584661017,584661018,1782864796341183,False,True
330130445,41.85000000,1.18400000,584661019,584661025,1782864796341776,False,True
330130446,41.86000000,0.81200000,584661026,584661026,1782864807485139,False,True
330130447,41.85000000,3.36200000,584661027,584661027,1782864809681651,True,True
330130448,41.86000000,15.94900000,584661028,584661036,1782864812094436,False,True
330130449,41.86000000,0.12400000,584661037,584661037,1782864812096883,False,True
330130450,41.87000000,1.37500000,584661038,584661048,1782864812275938,False,True
330130451,41.88000000,0.62900000,584661049,584661053,1782864820325593,False,True
330130452,41.87000000,9.98400000,584661054,584661054,1782864825308448,True,True
330130453,41.87000000,2.16600000,584661055,584661055,1782864833157320,True,True
330130454,41.88000000,3.07500000,584661056,584661056,1782864833977378,False,True
330130455,41.88000000,0.47600000,584661057,584661057,1782864834846802,False,True
330130456,41.88000000,3.99700000,584661058,584661066,1782864835450159,False,True
330130457,41.88000000,0.21000000,584661067,584661067,1782864837273434,True,True
330130458,41.89000000,0.51000000,584661068,584661068,1782864845077740,False,True
330130459,41.89000000,1.58900000,584661069,584661069,1782864846185164,False,True
330130460,41.89000000,0.86000000,584661070,584661070,1782864853071039,False,True
330130461,41.89000000,5.00000000,584661071,584661071,1782864858471955,False,True
330130462,41.89000000,0.34900000,584661072,584661072,1782864865420860,False,True
330130463,41.89000000,0.14600000,584661073,584661074,1782864867218410,False,True
330130464,41.89000000,1.27500000,584661075,584661083,1782864873473950,False,True
330130465,41.88000000,0.13600000,584661084,584661084,1782864888177452,True,True
330130466,41.88000000,0.45300000,584661085,584661085,1782864893269449,True,True
330130467,41.88000000,5.33100000,584661086,584661091,1782864894175221,True,True
330130468,41.88000000,3.74900000,584661092,584661098,1782864901250214,False,True
330130469,41.89000000,1.50300000,584661099,584661100,1782864909746199,False,True
330130470,41.89000000,0.38400000,584661101,584661101,1782864910016121,False,True
330130471,41.88000000,0.97200000,584661102,584661102,1782864910471475,True,True
330130472,41.89000000,17.36300000,584661103,584661112,1782864914365016,False,True
330130473,41.90000000,1.68000000,584661113,584661124,1782864914502274,False,True
330130474,41.90000000,4.10600000,584661125,584661126,1782864919000222,True,True
330130475,41.90000000,5.32900000,584661127,584661132,1782864925377047,True,True
330130476,41.90000000,0.62500000,584661133,584661137,1782864925380029,True,True
330130477,41.90000000,0.30000000,584661138,584661138,1782864929389319,False,True
330130478,41.90000000,6.35100000,584661139,584661140,1782864937722088,False,True
330130479,41.89000000,0.62400000,584661141,584661145,1782864944575439,True,True
330130480,41.88000000,5.58600000,584661146,584661153,1782864948300552,True,True
330130481,41.87000000,4.69300000,584661154,584661161,1782864960945573,True,True
330130482,41.87000000,0.12300000,584661162,584661162,1782864960946744,True,True
330130483,41.87000000,0.47300000,584661163,584661163,1782864963337330,False,True
330130484,41.87000000,3.35800000,584661164,584661167,1782864965379392,False,True
330130485,41.86000000,1.62900000,584661168,584661173,1782864968185572,True,True
330130486,41.86000000,1.78700000,584661174,584661174,1782864971141608,True,True
330130487,41.87000000,0.12800000,584661175,584661175,1782864973233200,False,True
330130488,41.87000000,0.28600000,584661176,584661176,1782864975508476,False,True
330130489,41.87000000,0.14400000,584661177,584661177,1782864976072929,False,True
330130490,41.87000000,0.82200000,584661178,584661178,1782864981267001,False,True
330130491,41.87000000,2.24600000,584661179,584661184,1782864982175034,False,True
330130492,41.88000000,1.59500000,584661185,584661185,1782864984135771,False,True
330130493,41.87000000,0.84900000,584661186,584661186,1782864993564448,True,True
330130494,41.88000000,0.16300000,584661187,584661187,1782864994033763,False,True
330130495,41.88000000,9.16600000,584661188,584661188,1782864998581360,False,True
330130496,41.87000000,7.83400000,584661189,584661190,1782864999282097,True,True
330130497,41.88000000,4.09900000,584661191,584661197,1782865007215675,False,True
330130498,41.87000000,2.26300000,584661198,584661198,1782865009748128,True,True
330130499,41.88000000,1.19200000,584661199,584661200,1782865009767586,False,True
330130500,41.88000000,1.34100000,584661201,584661201,1782865012811789,False,True
330130501,41.88000000,0.39700000,584661202,584661202,1782865017616506,False,True
330130502,41.88000000,0.17400000,584661203,584661203,1782865029496035,False,True
330130503,41.88000000,0.13800000,584661204,584661205,1782865041151090,False,True
330130504,41.88000000,5.61800000,584661206,584661206,1782865042816484,False,True
330130505,41.88000000,15.50500000,584661207,584661212,1782865056331721,False,True
330130506,41.88000000,0.50200000,584661213,584661216,1782865056333746,False,True
330130507,41.89000000,1.20300000,584661217,584661217,1782865060716131,False,True
330130508,41.88000000,1.38300000,584661218,584661218,1782865073816088,True,True
330130509,41.88000000,2.04300000,584661219,584661224,1782865074098083,True,True
330130510,41.87000000,4.77500000,584661225,584661225,1782865074100259,True,True
330130511,41.87000000,0.50700000,584661226,584661226,1782865074484535,True,True
330130512,41.87000000,0.25200000,584661227,584661227,1782865075673681,True,True
330130513,41.88000000,2.62700000,584661228,584661228,1782865082643645,False,True
330130514,41.87000000,2.39200000,584661229,584661232,1782865083109410,True,True
330130515,41.87000000,6.54000000,584661233,584661236,1782865096277719,True,True
330130516,41.87000000,1.79100000,584661237,584661237,1782865103911964,True,True
330130517,41.88000000,0.47800000,584661238,584661238,1782865115884661,False,True
330130518,41.87000000,2.18200000,584661239,584661239,1782865122783658,True,True
330130519,41.88000000,7.25600000,584661240,584661240,1782865125515883,False,True
330130520,41.87000000,2.17700000,584661241,584661241,1782865128657491,True,True
330130521,41.87000000,2.17700000,584661242,584661242,1782865134295259,True,True
330130522,41.88000000,0.59700000,584661243,584661243,1782865138573871,False,True
330130523,41.87000000,25.08600000,584661244,584661249,1782865138686196,True,True
330130524,41.87000000,0.37800000,584661250,584661252,1782865138690452,True,True
330130525,41.86000000,1.12700000,584661253,584661261,1782865139032550,True,True
330130526,41.85000000,2.17700000,584661262,584661262,1782865140108167,True,True
330130527,41.86000000,2.38300000,584661263,584661264,1782865143232514,False,True
330130528,41.86000000,0.31100000,584661265,584661265,1782865143685051,False,True
330130529,41.85000000,2.17700000,584661266,584661266,1782865146474814,True,True
330130530,41.85000000,2.18200000,584661267,584661267,1782865146512458,True,True
330130531,41.85000000,3.90500000,584661268,584661268,1782865151337010,True,True
330130532,41.85000000,3.90500000,584661269,584661276,1782865151340148,True,True
330130533,41.85000000,0.25400000,584661277,584661279,1782865151341949,True,True
330130534,41.84000000,2.18200000,584661280,584661285,1782865152495490,True,True
330130535,41.85000000,11.10100000,584661286,584661286,1782865153429705,False,True
330130536,41.84000000,0.38300000,584661287,584661287,1782865156210038,True,True
330130537,41.85000000,0.21900000,584661288,584661288,1782865158811855,False,True
330130538,41.84000000,2.18200000,584661289,584661293,1782865159253911,True,True
330130539,41.84000000,2.07900000,584661294,584661294,1782865165222534,True,True
330130540,41.85000000,6.62300000,584661295,584661296,1782865166559762,False,True
330130541,41.85000000,0.32900000,584661297,584661299,1782865166575110,False,True
330130542,41.85000000,1.20600000,584661300,584661301,1782865166586856,False,True
330130543,41.85000000,0.69200000,584661302,584661307,1782865166600050,False,True
330130544,41.85000000,0.05300000,584661308,584661308,1782865166601013,False,True
330130545,41.86000000,0.44100000,584661309,584661309,1782865168419496,False,True
330130546,41.85000000,10.01500000,584661310,584661310,1782865180919276,True,True
330130547,41.85000000,5.08400000,584661311,584661314,1782865182076916,True,True
330130548,41.84000000,0.56600000,584661315,584661315,1782865182430141,True,True
330130549,41.85000000,4.93700000,584661316,584661316,1782865183434249,False,True
330130550,41.85000000,5.04400000,584661317,584661317,1782865187820342,False,True
330130551,41.85000000,1.19000000,584661318,584661318,1782865191771494,False,True
330130552,41.85000000,1.31400000,584661319,584661319,1782865197748059,False,True
330130553,41.85000000,0.96000000,584661320,584661320,1782865199000051,False,True
330130554,41.84000000,2.26800000,584661321,584661325,1782865203881896,True,True
330130555,41.85000000,9.25700000,584661326,584661326,1782865204599281,False,True
330130556,41.85000000,0.58900000,584661327,584661327,1782865204853623,False,True
330130557,41.84000000,0.16400000,584661328,584661328,1782865208974386,True,True
330130558,41.85000000,0.23900000,584661329,584661329,1782865221111627,False,True
330130559,41.84000000,65.11000000,584661330,584661337,1782865224278612,True,True
330130560,41.84000000,61.96200000,584661338,584661338,1782865229611124,False,True
330130561,41.84000000,56.00000000,584661339,584661339,1782865229611132,False,True
330130562,41.84000000,56.00000000,584661340,584661340,1782865229611165,False,True
330130563,41.84000000,85.80800000,584661341,584661347,1782865229612394,False,True
330130564,41.85000000,6.81300000,584661348,584661359,1782865231088200,False,True
330130565,41.85000000,3.74800000,584661360,584661366,1782865231089732,False,True
330130566,41.86000000,0.16300000,584661367,584661367,1782865231118168,False,True
330130567,41.85000000,3.62400000,584661368,584661369,1782865235508027,True,True
330130568,41.86000000,6.18800000,584661370,584661379,1782865237774332,False,True
330130569,41.85000000,7.17000000,584661380,584661381,1782865244156034,True,True
330130570,41.85000000,1.20100000,584661382,584661382,1782865245735255,True,True
330130571,41.86000000,8.97000000,584661383,584661390,1782865272774195,False,True
330130572,41.85000000,13.24200000,584661391,584661392,1782865277180775,True,True
330130573,41.85000000,0.52400000,584661393,584661393,1782865281168644,True,True
330130574,41.85000000,4.76000000,584661394,584661397,1782865281527908,True,True
330130575,41.85000000,3.90500000,584661398,584661399,1782865281880749,True,True
330130576,41.85000000,5.32000000,584661400,584661404,1782865281885249,True,True
330130577,41.85000000,0.12600000,584661405,584661405,1782865281886845,True,True
330130578,41.84000000,4.39800000,584661406,584661406,1782865285211831,True,True
330130579,41.85000000,1.83500000,584661407,584661407,1782865286681620,False,True
330130580,41.84000000,9.54300000,584661408,584661416,1782865292248711,True,True
330130581,41.84000000,0.12600000,584661417,584661417,1782865292249585,True,True
330130582,41.84000000,5.58300000,584661418,584661418,1782865297774481,False,True
330130583,41.84000000,0.54600000,584661419,584661419,1782865302966251,False,True
330130584,41.83000000,2.51300000,584661420,584661428,1782865306510307,True,True
330130585,41.84000000,4.00000000,584661429,584661429,1782865308573169,False,True
330130586,41.83000000,0.15700000,584661430,584661430,1782865312601075,True,True
330130587,41.83000000,16.61600000,584661431,584661432,1782865312605804,True,True
330130588,41.83000000,13.69200000,584661433,584661437,1782865312605929,True,True
330130589,41.82000000,20.89800000,584661438,584661443,1782865312605929,True,True
330130590,41.82000000,2.90200000,584661444,584661451,1782865312614012,True,True
330130591,41.82000000,0.32600000,584661452,584661453,1782865312632510,True,True
330130592,41.81000000,4.00000000,584661454,584661454,1782865312643183,True,True
330130593,41.82000000,0.87400000,584661455,584661461,1782865313125085,False,True
330130594,41.83000000,0.99700000,584661462,584661469,1782865314100190,False,True
330130595,41.83000000,0.46400000,584661470,584661470,1782865314571523,True,True
330130596,41.83000000,5.33100000,584661471,584661476,1782865316492552,True,True
330130597,41.82000000,3.90500000,584661477,584661477,1782865316494810,True,True
330130598,41.82000000,15.27400000,584661478,584661487,1782865316497535,True,True
330130599,41.82000000,3.25800000,584661488,584661488,1782865317291695,False,True
330130600,41.82000000,2.70200000,584661489,584661489,1782865327492129,False,True
330130601,41.81000000,0.70300000,584661490,584661495,1782865328514010,True,True
330130602,41.81000000,5.33100000,584661496,584661501,1782865329555463,True,True
330130603,41.81000000,4.05200000,584661502,584661510,1782865332175094,False,True
330130604,41.82000000,3.13100000,584661511,584661511,1782865332774049,False,True
330130605,41.82000000,2.70100000,584661512,584661518,1782865346977416,False,True
330130606,41.82000000,4.34200000,584661519,584661524,1782865356333720,False,True
330130607,41.82000000,0.24900000,584661525,584661526,1782865356334329,False,True
330130608,41.82000000,1.67600000,584661527,584661527,1782865361023359,True,True
330130609,41.82000000,0.48800000,584661528,584661528,1782865362485924,True,True
330130610,41.82000000,0.70000000,584661529,584661529,1782865370873468,True,True
330130611,41.82000000,5.00000000,584661530,584661531,1782865374964668,True,True
330130612,41.82000000,0.25700000,584661532,584661532,1782865384484840,True,True
330130613,41.82000000,0.22400000,584661533,584661533,1782865385060691,True,True
330130614,41.83000000,1.19500000,584661534,584661534,1782865395677693,False,True
330130615,41.82000000,1.16100000,584661535,584661535,1782865395951183,True,True
330130616,41.82000000,0.40700000,584661536,584661538,1782865408019752,True,True
330130617,41.83000000,2.35000000,584661539,584661539,1782865409777310,False,True
330130618,41.83000000,3.90500000,584661540,584661540,1782865413553854,False,True
330130619,41.83000000,7.98900000,584661541,584661550,1782865413555372,False,True
330130620,41.83000000,3.52600000,584661551,584661555,1782865413555871,False,True
330130621,41.84000000,0.22300000,584661556,584661556,1782865415473486,False,True
330130622,41.83000000,0.50100000,584661557,584661560,1782865422925341,True,True
330130623,41.82000000,8.85300000,584661561,584661564,1782865424370373,True,True
330130624,41.82000000,1.97800000,584661565,584661565,1782865437820880,True,True
330130625,41.83000000,0.64600000,584661566,584661566,1782865446134866,False,True
330130626,41.83000000,2.30300000,584661567,584661567,1782865449821448,False,True
330130627,41.82000000,0.80400000,584661568,584661568,1782865450191048,True,True
330130628,41.82000000,0.57500000,584661569,584661569,1782865451527520,True,True
330130629,41.82000000,5.94000000,584661570,584661570,1782865453044221,True,True
330130630,41.82000000,1.35500000,584661571,584661571,1782865454343208,True,True
330130631,41.83000000,0.44600000,584661572,584661572,1782865456429876,False,True
330130632,41.83000000,0.66900000,584661573,584661573,1782865457258183,False,True
330130633,41.83000000,0.21300000,584661574,584661574,1782865469322311,False,True
330130634,41.83000000,0.47800000,584661575,584661575,1782865475177840,False,True
330130635,41.82000000,0.71700000,584661576,584661576,1782865480911572,True,True
330130636,41.83000000,1.03400000,584661577,584661578,1782865480933658,False,True
330130637,41.83000000,6.14300000,584661579,584661584,1782865481562028,False,True
330130638,41.83000000,1.07000000,584661585,584661585,1782865481575252,False,True
330130639,41.83000000,0.69700000,584661586,584661591,1782865481575301,False,True
330130640,41.84000000,0.95600000,584661592,584661592,1782865486343266,False,True
330130641,41.84000000,1.50200000,584661593,584661593,1782865491223658,False,True
330130642,41.83000000,17.05200000,584661594,584661598,1782865493140603,True,True
330130643,41.83000000,0.50100000,584661599,584661602,1782865493142392,True,True
330130644,41.83000000,1.19500000,584661603,584661603,1782865497577711,False,True
330130645,41.82000000,17.40500000,584661604,584661609,1782865498427130,True,True
330130646,41.83000000,0.95600000,584661610,584661611,1782865502549373,False,True
330130647,41.82000000,0.32600000,584661612,584661612,1782865510887696,True,True
330130648,41.83000000,0.83700000,584661613,584661613,1782865512633641,False,True
330130649,41.83000000,3.56400000,584661614,584661614,1782865515889836,False,True
330130650,41.83000000,0.91900000,584661615,584661615,1782865516825293,False,True
330130651,41.83000000,1.27600000,584661616,584661616,1782865517996575,False,True
330130652,41.83000000,2.29600000,584661617,584661617,1782865522811821,False,True
330130653,41.83000000,1.60900000,584661618,584661618,1782865529845857,False,True
330130654,41.83000000,0.35900000,584661619,584661619,1782865532170211,False,True
330130655,41.82000000,20.52500000,584661620,584661626,1782865539907774,True,True
330130656,41.82000000,0.12600000,584661627,584661627,1782865539908195,True,True
330130657,41.81000000,22.97000000,584661628,584661629,1782865539909152,True,True
330130658,41.81000000,29.89800000,584661630,584661641,1782865539910146,True,True
330130659,41.80000000,64.87000000,584661642,584661658,1782865539910220,True,True
330130660,41.80000000,3.90500000,584661659,584661660,1782865539916490,True,True
330130661,41.80000000,4.45200000,584661661,584661661,1782865539918723,True,True
330130662,41.80000000,9.23800000,584661662,584661662,1782865539919320,True,True
330130663,41.81000000,33.10100000,584661663,584661666,1782865539923494,False,True
330130664,41.80000000,14.11800000,584661667,584661669,1782865539928189,True,True
330130665,41.79000000,4.47200000,584661670,584661670,1782865539942977,True,True
330130666,41.79000000,12.59400000,584661671,584661679,1782865539957895,True,True
330130667,41.79000000,3.94100000,584661680,584661681,1782865539982208,True,True
330130668,41.80000000,7.58100000,584661682,584661683,1782865539997314,False,True
330130669,41.80000000,4.38300000,584661684,584661685,1782865540002883,False,True
330130670,41.79000000,1.15000000,584661686,584661692,1782865540032099,True,True
330130671,41.78000000,8.29000000,584661693,584661693,1782865540082275,True,True
330130672,41.78000000,1.50800000,584661694,584661694,1782865540393362,True,True
330130673,41.79000000,1.19600000,584661695,584661696,1782865540441734,False,True
330130674,41.79000000,6.05300000,584661697,584661697,1782865540689608,False,True
330130675,41.79000000,0.56800000,584661698,584661698,1782865540700099,False,True
330130676,41.79000000,0.70000000,584661699,584661699,1782865540725136,False,True
330130677,41.79000000,1.00400000,584661700,584661700,1782865540750281,False,True
330130678,41.79000000,4.24900000,584661701,584661709,1782865540750373,False,True
330130679,41.80000000,0.33200000,584661710,584661712,1782865543234610,False,True
330130680,41.80000000,3.90500000,584661713,584661720,1782865548289514,False,True
330130681,41.80000000,2.30800000,584661721,584661721,1782865548289674,False,True
330130682,41.80000000,0.66200000,584661722,584661727,1782865548294122,False,True
330130683,41.80000000,0.33400000,584661728,584661730,1782865548298698,False,True
330130684,41.80000000,0.24700000,584661731,584661732,1782865548300784,False,True
330130685,41.80000000,3.08400000,584661733,584661733,1782865551466359,True,True
330130686,41.81000000,1.82900000,584661734,584661734,1782865553773852,False,True
330130687,41.81000000,7.17300000,584661735,584661735,1782865556971447,False,True
330130688,41.81000000,1.46300000,584661736,584661736,1782865558868858,False,True
330130689,41.80000000,30.92300000,584661737,584661740,1782865559346808,True,True
330130690,41.80000000,0.15700000,584661741,584661741,1782865562171626,True,True
330130691,41.80000000,10.79800000,584661742,584661744,1782865562177742,True,True
330130692,41.80000000,1.11800000,584661745,584661753,1782865562634120,False,True
330130693,41.81000000,0.63600000,584661754,584661758,1782865563850691,False,True
330130694,41.80000000,0.50100000,584661759,584661762,1782865566401147,True,True
330130695,41.79000000,2.97000000,584661763,584661767,1782865566541695,True,True
330130696,41.80000000,0.13100000,584661768,584661768,1782865570209492,False,True
330130697,41.80000000,0.19700000,584661769,584661769,1782865571861419,False,True
330130698,41.79000000,0.15700000,584661770,584661770,1782865581677546,True,True
330130699,41.79000000,0.50100000,584661771,584661774,1782865581826918,True,True
330130700,41.79000000,0.24200000,584661775,584661775,1782865587918325,False,True
330130701,41.78000000,0.95600000,584661776,584661782,1782865589777567,True,True
330130702,41.78000000,3.61100000,584661783,584661783,1782865592819664,True,True
330130703,41.79000000,0.47900000,584661784,584661784,1782865606815913,False,True
330130704,41.78000000,1.43500000,584661785,584661785,1782865610564236,True,True
330130705,41.79000000,0.16700000,584661786,584661786,1782865612261719,False,True
330130706,41.78000000,0.15700000,584661787,584661787,1782865618300512,True,True
330130707,41.78000000,18.30900000,584661788,584661790,1782865618307853,True,True
330130708,41.78000000,2.58400000,584661791,584661792,1782865618919619,False,True
330130709,41.78000000,0.30700000,584661793,584661793,1782865619065580,False,True
330130710,41.78000000,0.50400000,584661794,584661795,1782865626174206,False,True
330130711,41.78000000,4.40800000,584661796,584661796,1782865626493035,False,True
330130712,41.78000000,20.02400000,584661797,584661798,1782865626494455,False,True
330130713,41.78000000,3.86200000,584661799,584661806,1782865626514366,False,True
330130714,41.79000000,5.14600000,584661807,584661817,1782865626630605,False,True
330130715,41.79000000,0.74900000,584661818,584661823,1782865626633286,False,True
330130716,41.79000000,6.22000000,584661824,584661825,1782865632311427,True,True
330130717,41.80000000,3.62400000,584661826,584661838,1782865632563133,False,True
330130718,41.81000000,0.77800000,584661839,584661840,1782865632619955,False,True
330130719,41.81000000,14.17100000,584661841,584661841,1782865635402432,False,True
330130720,41.81000000,2.99800000,584661842,584661850,1782865637125259,False,True
330130721,41.82000000,3.07400000,584661851,584661851,1782865646552802,False,True
330130722,41.81000000,2.68600000,584661852,584661852,1782865657371744,True,True
330130723,41.82000000,6.36800000,584661853,584661863,1782865660081549,False,True
330130724,41.82000000,3.38000000,584661864,584661872,1782865666375254,False,True
330130725,41.83000000,0.95300000,584661873,584661873,1782865666387083,False,True
330130726,41.82000000,0.24400000,584661874,584661874,1782865670995924,True,True
330130727,41.82000000,0.30600000,584661875,584661875,1782865671334820,True,True
330130728,41.82000000,1.62600000,584661876,584661876,1782865673634063,True,True
330130729,41.82000000,2.36200000,584661877,584661877,1782865675171638,True,True
330130730,41.82000000,0.18900000,584661878,584661878,1782865676718493,True,True
330130731,41.83000000,0.13400000,584661879,584661879,1782865684616290,False,True
330130732,41.83000000,0.15100000,584661880,584661880,1782865687487655,False,True
330130733,41.83000000,0.34500000,584661881,584661881,1782865689174783,False,True
330130734,41.82000000,0.39500000,584661882,584661882,1782865690093516,True,True
330130735,41.83000000,3.39100000,584661883,584661894,1782865692166727,False,True
330130736,41.84000000,4.83200000,584661895,584661908,1782865695194883,False,True
330130737,41.85000000,3.71300000,584661909,584661909,1782865695566540,False,True
330130738,41.85000000,0.47700000,584661910,584661910,1782865705753273,False,True
330130739,41.85000000,0.22800000,584661911,584661911,1782865707718281,False,True
330130740,41.84000000,0.27100000,584661912,584661912,1782865707821157,True,True
330130741,41.84000000,0.27700000,584661913,584661913,1782865708973168,True,True
330130742,41.85000000,0.88400000,584661914,584661914,1782865709640675,False,True
330130743,41.85000000,1.53900000,584661915,584661915,1782865710593148,False,True
330130744,41.85000000,1.24200000,584661916,584661916,1782865710848290,False,True
330130745,41.84000000,1.24000000,584661917,584661917,1782865716469518,True,True
330130746,41.85000000,0.42700000,584661918,584661918,1782865719566978,False,True
330130747,41.85000000,0.16800000,584661919,584661919,1782865721684928,False,True
330130748,41.85000000,3.58300000,584661920,584661920,1782865722516165,False,True
330130749,41.85000000,7.99700000,584661921,584661930,1782865732755467,False,True
330130750,41.85000000,1.19800000,584661931,584661934,1782865732756522,False,True
330130751,41.86000000,0.89800000,584661935,584661935,1782865733644837,False,True
330130752,41.85000000,0.81300000,584661936,584661936,1782865735327608,True,True
330130753,41.85000000,3.39100000,584661937,584661938,1782865736287228,True,True
330130754,41.86000000,0.46200000,584661939,584661942,1782865738677413,False,True
330130755,41.86000000,0.11900000,584661943,584661944,1782865753068589,False,True
330130756,41.86000000,1.09900000,584661945,584661948,1782865756717601,False,True
330130757,41.86000000,3.58200000,584661949,584661950,1782865760370433,False,True
330130758,41.86000000,0.95600000,584661951,584661951,1782865763411786,False,True
330130759,41.86000000,13.56400000,584661952,584661953,1782865765254444,False,True
330130760,41.85000000,0.21400000,584661954,584661954,1782865765912283,True,True
330130761,41.86000000,17.95000000,584661955,584661956,1782865767272940,False,True
330130762,41.85000000,2.54000000,584661957,584661957,1782865780415617,True,True
330130763,41.86000000,1.33200000,584661958,584661960,1782865792558439,False,True
330130764,41.86000000,0.83600000,584661961,584661961,1782865798534778,False,True
330130765,41.85000000,0.35800000,584661962,584661962,1782865799315699,True,True
330130766,41.85000000,0.15600000,584661963,584661963,1782865805113982,True,True
330130767,41.86000000,1.56800000,584661964,584661968,1782865818264516,False,True
330130768,41.86000000,0.23800000,584661969,584661969,1782865822283936,False,True
330130769,41.86000000,0.71700000,584661970,584661970,1782865828915841,False,True
330130770,41.86000000,0.55800000,584661971,584661971,1782865829270988,False,True
330130771,41.86000000,0.20100000,584661972,584661972,1782865833018589,False,True
330130772,41.86000000,2.93700000,584661973,584661978,1782865838290967,False,True
330130773,41.87000000,3.90500000,584661979,584661981,1782865844377783,False,True
330130774,41.87000000,3.24000000,584661982,584661989,1782865844384249,False,True
330130775,41.87000000,0.24700000,584661990,584661991,1782865844386552,False,True
330130776,41.88000000,0.54200000,584661992,584661992,1782865847458004,False,True
330130777,41.87000000,3.44100000,584661993,584661993,1782865848760286,True,True
330130778,41.88000000,0.16800000,584661994,584661994,1782865850276963,False,True
330130779,41.88000000,6.00200000,584661995,584662000,1782865852804186,False,True
330130780,41.88000000,1.31800000,584662001,584662004,1782865852815202,False,True
330130781,41.88000000,0.98900000,584662005,584662005,1782865852848168,False,True
330130782,41.88000000,2.16600000,584662006,584662016,1782865852850740,False,True
330130783,41.88000000,1.43400000,584662017,584662017,1782865854612148,True,True
330130784,41.89000000,0.58100000,584662018,584662018,1782865857773341,False,True
330130785,41.89000000,2.51800000,584662019,584662019,1782865859007228,False,True
330130786,41.89000000,3.79000000,584662020,584662031,1782865861956507,False,True
330130787,41.89000000,0.37300000,584662032,584662034,1782865861956927,False,True
330130788,41.90000000,3.44700000,584662035,584662046,1782865865464572,False,True
330130789,41.90000000,0.74900000,584662047,584662052,1782865865466642,False,True
330130790,41.91000000,2.45700000,584662053,584662064,1782865866073077,False,True
330130791,41.91000000,0.46800000,584662065,584662067,1782865866073178,False,True
330130792,41.92000000,1.98900000,584662068,584662068,1782865866073178,False,True
330130793,41.92000000,0.77000000,584662069,584662069,1782865866073646,False,True
330130794,41.92000000,3.71800000,584662070,584662082,1782865867054154,False,True
330130795,41.93000000,0.19700000,584662083,584662083,1782865868023666,False,True
330130796,41.92000000,0.15100000,584662084,584662085,1782865870170568,True,True
330130797,41.93000000,3.94000000,584662086,584662099,1782865870950662,False,True
330130798,41.94000000,1.25200000,584662100,584662109,1782865871450509,False,True
330130799,41.95000000,3.43900000,584662110,584662121,1782865872554413,False,True
330130800,41.95000000,3.90500000,584662122,584662122,1782865873477769,True,True
330130801,41.95000000,0.24600000,584662123,584662124,1782865873481264,True,True
330130802,41.94000000,3.90500000,584662125,584662128,1782865874662708,True,True
330130803,41.94000000,3.90500000,584662129,584662129,1782865874664387,True,True
330130804,41.94000000,1.52200000,584662130,584662134,1782865874726821,True,True
330130805,41.93000000,0.67900000,584662135,584662139,1782865878117732,True,True
330130806,41.92000000,0.36600000,584662140,584662140,1782865879612336,True,True
330130807,41.93000000,3.51200000,584662141,584662142,1782865881011708,False,True
330130808,41.92000000,3.58800000,584662143,584662147,1782865883331730,True,True
330130809,41.92000000,0.49600000,584662148,584662151,1782865884250353,False,True
330130810,41.92000000,1.00000000,584662152,584662153,1782865888921869,True,True
330130811,41.93000000,7.15400000,584662154,584662155,1782865889216233,False,True
330130812,41.93000000,5.78900000,584662156,584662156,1782865889823138,False,True
330130813,41.93000000,0.25800000,584662157,584662157,1782865891928524,False,True
330130814,41.93000000,0.74000000,584662158,584662158,1782865895612064,False,True
330130815,41.93000000,51.67400000,584662159,584662173,1782865900000110,False,True
330130816,41.94000000,25.63100000,584662174,584662176,1782865900000110,False,True
330130817,41.93000000,4.83200000,584662177,584662178,1782865900509842,True,True
330130818,41.92000000,6.64300000,584662179,584662180,1782865900658425,True,True
330130819,41.93000000,0.73600000,584662181,584662186,1782865914610333,False,True
330130820,41.92000000,7.86400000,584662187,584662193,1782865916906611,True,True
330130821,41.92000000,0.12600000,584662194,584662194,1782865916907695,True,True
330130822,41.91000000,0.75500000,584662195,584662200,1782865919176514,True,True
330130823,41.91000000,0.87400000,584662201,584662207,1782865919675231,False,True
330130824,41.92000000,1.03300000,584662208,584662208,1782865924888326,False,True
330130825,41.92000000,0.15200000,584662209,584662209,1782865929391391,False,True
330130826,41.92000000,0.79300000,584662210,584662210,1782865940816541,False,True
330130827,41.91000000,3.90500000,584662211,584662211,1782865941673618,True,True
330130828,41.91000000,0.50100000,584662212,584662215,1782865941725255,True,True
330130829,41.90000000,0.19700000,584662216,584662217,1782865948117969,True,True
330130830,41.91000000,0.27300000,584662218,584662218,1782865948119329,False,True
330130831,41.91000000,2.74300000,584662219,584662225,1782865949616382,False,True
330130832,41.92000000,2.30300000,584662226,584662226,1782865949677184,False,True
330130833,41.92000000,3.90500000,584662227,584662233,1782865952187546,False,True
330130834,41.92000000,6.01300000,584662234,584662238,1782865952187934,False,True
330130835,41.92000000,1.43200000,584662239,584662242,1782865952189583,False,True
330130836,41.93000000,1.26300000,584662243,584662253,1782865953075230,False,True
330130837,41.93000000,1.77200000,584662254,584662254,1782865953351200,True,True
330130838,41.93000000,0.29300000,584662255,584662255,1782865955250604,True,True
330130839,41.93000000,1.43200000,584662256,584662256,1782865962123557,True,True
330130840,41.93000000,3.52300000,584662257,584662259,1782865962124302,True,True
330130841,41.93000000,1.52600000,584662260,584662261,1782865965270816,False,True
330130842,41.92000000,0.49200000,584662262,584662265,1782865969136418,True,True
330130843,41.93000000,0.11900000,584662266,584662266,1782865971788488,False,True
330130844,41.93000000,0.80700000,584662267,584662267,1782865979335410,False,True
330130845,41.93000000,0.71600000,584662268,584662273,1782866007377142,False,True
330130846,41.93000000,0.11900000,584662274,584662275,1782866008242212,False,True
330130847,41.92000000,2.34000000,584662276,584662276,1782866011105661,True,True
330130848,41.93000000,2.91000000,584662277,584662285,1782866016925300,False,True
330130849,41.94000000,0.30700000,584662286,584662287,1782866025510459,False,True
330130850,41.93000000,1.08900000,584662288,584662288,1782866054268576,True,True
330130851,41.94000000,1.03700000,584662289,584662296,1782866065256471,False,True
330130852,41.94000000,1.58500000,584662297,584662297,1782866074727509,False,True
330130853,41.93000000,5.50000000,584662298,584662302,1782866076519731,True,True
330130854,41.94000000,1.66900000,584662303,584662305,1782866080596594,False,True
330130855,41.93000000,1.28700000,584662306,584662306,1782866093720883,True,True
330130856,41.94000000,1.72800000,584662307,584662307,1782866102524521,False,True
330130857,41.93000000,0.33500000,584662308,584662308,1782866103496492,True,True
330130858,41.94000000,0.69800000,584662309,584662309,1782866106671567,False,True
330130859,41.94000000,5.37800000,584662310,584662311,1782866113019539,False,True
330130860,41.93000000,1.76300000,584662312,584662312,1782866115435072,True,True
330130861,41.94000000,0.23800000,584662313,584662313,1782866119234415,False,True
330130862,41.93000000,0.58900000,584662314,584662314,1782866120615555,True,True
330130863,41.93000000,5.44600000,584662315,584662320,1782866128650215,True,True
330130864,41.93000000,1.26800000,584662321,584662321,1782866136729489,False,True
330130865,41.92000000,0.48000000,584662322,584662325,1782866145608647,True,True
330130866,41.92000000,0.25000000,584662326,584662326,1782866146595876,True,True
330130867,41.92000000,16.42200000,584662327,584662329,1782866147269826,True,True
330130868,41.91000000,30.77700000,584662330,584662333,1782866147269826,True,True
330130869,41.91000000,0.96000000,584662334,584662334,1782866147613581,True,True
330130870,41.91000000,0.96000000,584662335,584662335,1782866151626364,True,True
330130871,41.92000000,0.47600000,584662336,584662336,1782866165016233,False,True
330130872,41.92000000,0.97000000,584662337,584662342,1782866183846228,False,True
330130873,41.92000000,0.89700000,584662343,584662343,1782866187086961,False,True
330130874,41.92000000,0.19200000,584662344,584662344,1782866189417954,False,True
330130875,41.91000000,0.21100000,584662345,584662345,1782866189419838,True,True
330130876,41.92000000,1.33500000,584662346,584662352,1782866190195807,False,True
330130877,41.92000000,0.54100000,584662353,584662357,1782866192196228,False,True
330130878,41.92000000,3.28200000,584662358,584662359,1782866200815669,False,True
330130879,41.91000000,0.88300000,584662360,584662360,1782866212074127,True,True
330130880,41.92000000,0.44800000,584662361,584662364,1782866215378825,False,True
330130881,41.92000000,0.68500000,584662365,584662368,1782866218951281,False,True
330130882,41.92000000,0.15700000,584662369,584662369,1782866220812890,False,True
330130883,41.92000000,0.38200000,584662370,584662370,1782866223396208,False,True
330130884,41.92000000,2.07400000,584662371,584662379,1782866224755400,False,True
330130885,41.92000000,2.61300000,584662380,584662381,1782866229496063,True,True
330130886,41.92000000,0.82300000,584662382,584662382,1782866232219742,True,True
330130887,41.93000000,3.77800000,584662383,584662395,1782866237473898,False,True
330130888,41.93000000,2.38400000,584662396,584662396,1782866246291280,True,True
330130889,41.94000000,0.74100000,584662397,584662397,1782866247810874,False,True
330130890,41.93000000,2.39000000,584662398,584662398,1782866253726344,True,True
330130891,41.93000000,2.49200000,584662399,584662399,1782866257837972,True,True
330130892,41.94000000,1.90100000,584662400,584662400,1782866260656313,False,True
330130893,41.94000000,0.77300000,584662401,584662401,1782866262477365,False,True
330130894,41.94000000,0.41800000,584662402,584662402,1782866272995765,False,True
330130895,41.94000000,0.32700000,584662403,584662403,1782866278035754,False,True
330130896,41.93000000,0.41700000,584662404,584662404,1782866279846419,True,True
330130897,41.93000000,1.24800000,584662405,584662405,1782866284846849,True,True
330130898,41.93000000,0.59000000,584662406,584662406,1782866287976825,True,True
330130899,41.94000000,0.29100000,584662407,584662407,1782866295128511,False,True
330130900,41.94000000,3.90500000,584662408,584662412,1782866301880270,False,True
330130901,41.94000000,3.90500000,584662413,584662419,1782866301887279,False,True
330130902,41.94000000,1.37800000,584662420,584662424,1782866301890677,False,True
330130903,41.95000000,0.16900000,584662425,584662425,1782866310017920,False,True
330130904,41.94000000,0.91900000,584662426,584662428,1782866316542441,True,True
330130905,41.93000000,0.53000000,584662429,584662430,1782866319386822,True,True
330130906,41.94000000,0.96400000,584662431,584662431,1782866321319972,False,True
330130907,41.93000000,3.30900000,584662432,584662432,1782866324685738,True,True
330130908,41.93000000,3.90500000,584662433,584662437,1782866325941096,True,True
330130909,41.93000000,0.63000000,584662438,584662441,1782866325943368,True,True
330130910,41.92000000,0.74800000,584662442,584662447,1782866327215918,True,True
330130911,41.92000000,0.06000000,584662448,584662448,1782866327217465,True,True
330130912,41.91000000,0.93400000,584662449,584662455,1782866330114340,True,True
330130913,41.91000000,0.28600000,584662456,584662456,1782866331606991,False,True
330130914,41.91000000,0.27200000,584662457,584662457,1782866336630222,False,True
330130915,41.91000000,3.12100000,584662458,584662467,1782866349977477,False,True
330130916,41.92000000,0.48000000,584662468,584662468,1782866352082243,False,True
330130917,41.92000000,1.19200000,584662469,584662469,1782866355649942,False,True
330130918,41.91000000,2.82300000,584662470,584662471,1782866355953891,True,True
330130919,41.91000000,0.50100000,584662472,584662475,1782866357975129,True,True
330130920,41.91000000,4.77700000,584662476,584662476,1782866360322149,False,True
330130921,41.91000000,1.66400000,584662477,584662477,1782866364395820,False,True
330130922,41.90000000,4.76000000,584662478,584662482,1782866370822982,True,True
330130923,41.90000000,0.50100000,584662483,584662486,1782866370901830,True,True
330130924,41.90000000,0.44200000,584662487,584662487,1782866376602144,False,True
330130925,41.89000000,5.00000000,584662488,584662492,1782866377075857,True,True
330130926,41.89000000,0.15000000,584662493,584662493,1782866380416129,True,True
330130927,41.90000000,2.35200000,584662494,584662494,1782866384599271,False,True
330130928,41.90000000,0.15100000,584662495,584662495,1782866392962029,False,True
330130929,41.90000000,2.24300000,584662496,584662496,1782866397505212,False,True
330130930,41.90000000,0.34800000,584662497,584662497,1782866397894713,False,True
330130931,41.90000000,1.24100000,584662498,584662498,1782866417310650,False,True
330130932,41.89000000,1.24000000,584662499,584662499,1782866422807911,True,True
330130933,41.90000000,0.16500000,584662500,584662500,1782866423628861,False,True
330130934,41.90000000,0.22300000,584662501,584662501,1782866435677394,False,True
330130935,41.90000000,22.61400000,584662502,584662516,1782866441766152,False,True
330130936,41.91000000,3.41200000,584662517,584662524,1782866443916749,False,True
330130937,41.90000000,48.83600000,584662525,584662530,1782866446001965,True,True
330130938,41.91000000,1.31200000,584662531,584662531,1782866457495411,False,True
330130939,41.91000000,0.42300000,584662532,584662533,1782866458937015,False,True
330130940,41.90000000,0.50100000,584662534,584662537,1782866463825382,True,True
330130941,41.90000000,0.71000000,584662538,584662538,1782866476744296,False,True
330130942,41.90000000,0.60700000,584662539,584662539,1782866479820163,False,True
330130943,41.90000000,3.12100000,584662540,584662549,1782866492051298,False,True
330130944,41.90000000,1.26700000,584662550,584662550,1782866505386347,True,True
330130945,41.91000000,3.18700000,584662551,584662551,1782866513778406,False,True
330130946,41.91000000,0.72500000,584662552,584662552,1782866517434430,False,True
330130947,41.91000000,1.98600000,584662553,584662553,1782866519026257,False,True
330130948,41.91000000,0.24500000,584662554,584662555,1782866543616013,False,True
330130949,41.91000000,3.90500000,584662556,584662562,1782866545362191,False,True
330130950,41.91000000,2.49800000,584662563,584662568,1782866545362790,False,True
330130951,41.92000000,3.66600000,584662569,584662569,1782866548776923,False,True
330130952,41.91000000,2.00400000,584662570,584662570,1782866559544294,True,True
330130953,41.92000000,1.74100000,584662571,584662571,1782866559741238,False,True
330130954,41.92000000,1.95100000,584662572,584662572,1782866572910682,False,True
330130955,41.92000000,1.78100000,584662573,584662573,1782866573775894,False,True
330130956,41.92000000,0.63500000,584662574,584662574,1782866576352826,False,True
330130957,41.92000000,0.50300000,584662575,584662576,1782866592834456,False,True
330130958,41.92000000,0.71800000,584662577,584662577,1782866593623018,False,True
330130959,41.92000000,3.28900000,584662578,584662578,1782866593780836,False,True
330130960,41.92000000,1.91100000,584662579,584662587,1782866632947743,False,True
330130961,41.92000000,5.30000000,584662588,584662589,1782866641350759,False,True
330130962,41.92000000,2.24300000,584662590,584662590,1782866645764787,False,True
330130963,41.91000000,0.30200000,584662591,584662592,1782866648134082,True,True
330130964,41.92000000,0.58800000,584662593,584662593,1782866649271683,False,True
330130965,41.92000000,1.95900000,584662594,584662594,1782866649441504,False,True
330130966,41.91000000,0.54900000,584662595,584662595,1782866656117012,True,True
330130967,41.91000000,8.01700000,584662596,584662596,1782866658033712,True,True
330130968,41.92000000,0.84800000,584662597,584662597,1782866659967386,False,True
330130969,41.92000000,0.26200000,584662598,584662598,1782866661695953,False,True
330130970,41.92000000,0.15600000,584662599,584662600,1782866668417978,False,True
330130971,41.92000000,1.58700000,584662601,584662605,1782866668632940,False,True
330130972,41.91000000,0.50100000,584662606,584662606,1782866674211847,True,True
330130973,41.92000000,0.25900000,584662607,584662607,1782866679472726,False,True
330130974,41.92000000,13.80300000,584662608,584662616,1782866679954239,False,True
330130975,41.92000000,0.62600000,584662617,584662621,1782866679957432,False,True
330130976,41.93000000,3.65800000,584662622,584662634,1782866686250362,False,True
330130977,41.94000000,0.47700000,584662635,584662635,1782866690550736,False,True
330130978,41.94000000,1.87300000,584662636,584662637,1782866692899696,False,True
330130979,41.94000000,1.70800000,584662638,584662638,1782866699295178,False,True
330130980,41.93000000,3.90500000,584662639,584662640,1782866716185915,True,True
330130981,41.93000000,4.26400000,584662641,584662643,1782866716188649,True,True
330130982,41.92000000,12.37200000,584662644,584662647,1782866718184779,True,True
330130983,41.91000000,0.75500000,584662648,584662653,1782866718375121,True,True
330130984,41.90000000,2.81500000,584662654,584662654,1782866719307855,True,True
330130985,41.90000000,0.20600000,584662655,584662656,1782866721870250,True,True
330130986,41.90000000,2.38900000,584662657,584662661,1782866722935386,True,True
330130987,41.90000000,4.15000000,584662662,584662662,1782866725516730,True,True
330130988,41.90000000,0.37800000,584662663,584662665,1782866725517060,True,True
330130989,41.90000000,0.26300000,584662666,584662666,1782866727146125,False,True
330130990,41.89000000,103.59200000,584662667,584662678,1782866731367959,True,True
330130991,41.89000000,38.94000000,584662679,584662683,1782866731425373,True,True
330130992,41.88000000,150.40700000,584662684,584662703,1782866731425373,True,True
330130993,41.87000000,268.25800000,584662704,584662720,1782866731425373,True,True
330130994,41.86000000,116.63700000,584662721,584662733,1782866731425373,True,True
330130995,41.85000000,121.30600000,584662734,584662750,1782866731425373,True,True
330130996,41.87000000,14.75100000,584662751,584662751,1782866731427549,False,True
330130997,41.86000000,0.13200000,584662752,584662752,1782866731427577,True,True
330130998,41.87000000,0.12400000,584662753,584662753,1782866731427725,False,True
330130999,41.88000000,3.04800000,584662754,584662754,1782866731427997,False,True
330131000,41.88000000,0.26400000,584662755,584662755,1782866736684953,False,True
330131001,41.87000000,3.90500000,584662756,584662760,1782866737320020,True,True
330131002,41.87000000,1.12200000,584662761,584662761,1782866737321681,True,True
330131003,41.88000000,3.90500000,584662762,584662770,1782866742185923,False,True
330131004,41.88000000,4.76000000,584662771,584662771,1782866742186946,False,True
330131005,41.88000000,3.56300000,584662772,584662779,1782866742188239,False,True
330131006,41.89000000,0.60600000,584662780,584662780,1782866742346060,False,True
330131007,41.89000000,0.36100000,584662781,584662781,1782866744373283,False,True
330131008,41.89000000,0.12600000,584662782,584662782,1782866749031074,False,True
330131009,41.89000000,1.26600000,584662783,584662783,1782866756142695,False,True
330131010,41.88000000,0.62400000,584662784,584662784,1782866757382366,True,True
330131011,41.88000000,3.90500000,584662785,584662785,1782866784523747,True,True
330131012,41.88000000,0.55500000,584662786,584662789,1782866784525609,True,True
330131013,41.87000000,0.12600000,584662790,584662790,1782866786550566,True,True
330131014,41.86000000,1.47900000,584662791,584662791,1782866793272185,True,True
330131015,41.87000000,8.53200000,584662792,584662799,1782866804452206,False,True
330131016,41.87000000,0.25000000,584662800,584662801,1782866804453685,False,True
330131017,41.88000000,0.16100000,584662802,584662802,1782866806973447,False,True
330131018,41.88000000,1.33800000,584662803,584662803,1782866812961475,False,True
330131019,41.87000000,2.02400000,584662804,584662805,1782866821244011,True,True
330131020,41.88000000,10.76800000,584662806,584662814,1782866828652565,False,True
330131021,41.88000000,0.50200000,584662815,584662818,1782866828655080,False,True
330131022,41.88000000,2.53200000,584662819,584662820,1782866829989775,True,True
330131023,41.88000000,4.36800000,584662821,584662822,1782866831289054,True,True
330131024,41.88000000,22.83900000,584662823,584662825,1782866832520115,True,True
330131025,41.88000000,0.99300000,584662826,584662826,1782866834026921,True,True
330131026,41.88000000,3.90500000,584662827,584662827,1782866835480543,True,True
330131027,41.88000000,0.12600000,584662828,584662828,1782866835483039,True,True
330131028,41.87000000,0.41700000,584662829,584662829,1782866835596302,True,True
330131029,41.88000000,49.01100000,584662830,584662841,1782866838435814,False,True
330131030,41.88000000,0.58500000,584662842,584662843,1782866847012354,False,True
330131031,41.88000000,0.15700000,584662844,584662844,1782866847999768,False,True
330131032,41.88000000,1.78800000,584662845,584662850,1782866851819628,False,True
330131033,41.88000000,1.42100000,584662851,584662851,1782866857773346,False,True
330131034,41.88000000,4.69100000,584662852,584662853,1782866866997514,False,True
330131035,41.87000000,1.63500000,584662854,584662854,1782866872210491,True,True
330131036,41.87000000,0.80200000,584662855,584662855,1782866876834553,True,True
330131037,41.88000000,0.60100000,584662856,584662856,1782866879345141,False,True
330131038,41.88000000,0.37400000,584662857,584662857,1782866879414161,False,True
330131039,41.88000000,2.12100000,584662858,584662867,1782866879706310,False,True
330131040,41.89000000,0.82800000,584662868,584662872,1782866879924243,False,True
330131041,41.89000000,0.86300000,584662873,584662873,1782866882481238,False,True
330131042,41.89000000,0.25200000,584662874,584662874,1782866883633819,False,True
330131043,41.88000000,3.90500000,584662875,584662875,1782866888648642,True,True
330131044,41.88000000,2.12100000,584662876,584662876,1782866888653022,True,True
330131045,41.89000000,0.15700000,584662877,584662877,1782866901219509,False,True
330131046,41.89000000,1.15200000,584662878,584662881,1782866906119962,False,True
330131047,41.89000000,0.53000000,584662882,584662882,1782866907918054,False,True
330131048,41.89000000,0.24400000,584662883,584662883,1782866912562097,False,True
330131049,41.88000000,4.10600000,584662884,584662887,1782866930861222,True,True
330131050,41.89000000,3.90500000,584662888,584662891,1782866932615871,False,True
330131051,41.89000000,0.18000000,584662892,584662893,1782866932619164,False,True
330131052,41.88000000,6.92100000,584662894,584662897,1782866933234446,True,True
330131053,41.89000000,1.81400000,584662898,584662903,1782866937246335,False,True
330131054,41.89000000,0.24400000,584662904,584662905,1782866949117154,False,True
330131055,41.89000000,0.51600000,584662906,584662909,1782866954319770,False,True
330131056,41.89000000,0.35700000,584662910,584662910,1782866960577030,False,True
330131057,41.89000000,0.47400000,584662911,584662912,1782866979185514,False,True
330131058,41.89000000,0.35800000,584662913,584662916,1782866989032745,False,True
330131059,41.89000000,1.04400000,584662917,584662918,1782866994707875,False,True
330131060,41.89000000,0.79400000,584662919,584662921,1782867004508307,False,True
330131061,41.88000000,2.06700000,584662922,584662922,1782867005238868,True,True
330131062,41.89000000,0.12000000,584662923,584662923,1782867010575903,False,True
330131063,41.88000000,0.65600000,584662924,584662925,1782867016517030,True,True
330131064,41.88000000,0.26000000,584662926,584662927,1782867017788065,True,True
330131065,41.89000000,0.33400000,584662928,584662928,1782867021089902,False,True
330131066,41.89000000,0.83000000,584662929,584662931,1782867034011435,False,True
330131067,41.89000000,1.92500000,584662932,584662939,1782867035997025,False,True
330131068,41.90000000,0.77000000,584662940,584662940,1782867049896154,False,True
330131069,41.90000000,0.27700000,584662941,584662941,1782867053639081,False,True
330131070,41.90000000,0.52300000,584662942,584662942,1782867054495814,False,True
330131071,41.90000000,1.81900000,584662943,584662943,1782867060771254,False,True
330131072,41.90000000,0.23900000,584662944,584662944,1782867065319631,False,True
330131073,41.90000000,0.50200000,584662945,584662945,1782867075581615,False,True
330131074,41.90000000,0.26300000,584662946,584662946,1782867079133719,False,True
330131075,41.90000000,2.03500000,584662947,584662947,1782867080771417,False,True
330131076,41.90000000,2.66700000,584662948,584662961,1782867081231876,False,True
330131077,41.91000000,0.46900000,584662962,584662962,1782867086359485,False,True
330131078,41.91000000,2.57900000,584662963,584662963,1782867090183390,False,True
330131079,41.91000000,2.30500000,584662964,584662974,1782867093286411,False,True
330131080,41.91000000,0.50200000,584662975,584662978,1782867093289127,False,True
330131081,41.92000000,0.23800000,584662979,584662979,1782867098977257,False,True
330131082,41.92000000,1.61200000,584662980,584662980,1782867099971556,False,True
330131083,41.92000000,0.70300000,584662981,584662981,1782867105178155,False,True
330131084,41.92000000,2.36900000,584662982,584662982,1782867105771349,False,True
330131085,41.92000000,1.12500000,584662983,584662991,1782867111607038,False,True
330131086,41.92000000,0.25000000,584662992,584662993,1782867111608558,False,True
330131087,41.93000000,0.26300000,584662994,584662994,1782867118277134,False,True
330131088,41.93000000,2.30600000,584662995,584662995,1782867120771262,False,True
330131089,41.92000000,1.21900000,584662996,584662996,1782867121299706,True,True
330131090,41.93000000,0.27000000,584662997,584662997,1782867123473908,False,True
330131091,41.93000000,6.32400000,584662998,584663002,1782867124282122,False,True
330131092,41.93000000,0.66700000,584663003,584663003,1782867124299813,False,True
330131093,41.93000000,0.25600000,584663004,584663006,1782867124324546,False,True
330131094,41.93000000,1.28700000,584663007,584663015,1782867124327621,False,True
330131095,41.94000000,0.19900000,584663016,584663016,1782867131380734,False,True
330131096,41.94000000,0.47700000,584663017,584663017,1782867136119896,False,True
330131097,41.94000000,1.69700000,584663018,584663018,1782867140771297,False,True
330131098,41.94000000,0.19200000,584663019,584663019,1782867141216122,False,True
330131099,41.93000000,0.14600000,584663020,584663020,1782867147918307,True,True
330131100,41.94000000,0.96000000,584663021,584663021,1782867151490314,False,True
330131101,41.94000000,0.96000000,584663022,584663022,1782867154510071,False,True
330131102,41.94000000,0.36800000,584663023,584663023,1782867155766682,False,True
330131103,41.94000000,2.58800000,584663024,584663024,1782867155771330,False,True
330131104,41.94000000,1.98000000,584663025,584663038,1782867162129156,False,True
330131105,41.95000000,1.51600000,584663039,584663049,1782867164196255,False,True
330131106,41.95000000,2.77200000,584663050,584663050,1782867170610273,True,True
330131107,41.96000000,26.66700000,584663051,584663062,1782867173883930,False,True
330131108,41.96000000,0.99700000,584663063,584663070,1782867177934177,False,True
330131109,41.97000000,2.68900000,584663071,584663071,1782867180771893,False,True
330131110,41.96000000,16.75800000,584663072,584663073,1782867184660403,True,True
330131111,41.96000000,1.10100000,584663074,584663075,1782867194332490,True,True
330131112,41.96000000,25.10000000,584663076,584663077,1782867197638009,True,True
330131113,41.96000000,100.09400000,584663078,584663083,1782867197639283,True,True
330131114,41.96000000,25.10000000,584663084,584663090,1782867197640545,True,True
330131115,41.95000000,1.66100000,584663091,584663094,1782867197915329,True,True
330131116,41.95000000,6.47500000,584663095,584663095,1782867197917826,False,True
330131117,41.94000000,3.90500000,584663096,584663099,1782867205231779,True,True
330131118,41.94000000,0.24900000,584663100,584663101,1782867205233405,True,True
330131119,41.93000000,0.12400000,584663102,584663102,1782867207039737,True,True
330131120,41.94000000,4.62700000,584663103,584663104,1782867212200964,False,True
330131121,41.93000000,14.68900000,584663105,584663106,1782867215563697,True,True
330131122,41.93000000,3.90500000,584663107,584663110,1782867217851218,True,True
330131123,41.93000000,1.44600000,584663111,584663115,1782867217853537,True,True
330131124,41.92000000,4.84500000,584663116,584663117,1782867223584722,True,True
330131125,41.93000000,1.19300000,584663118,584663118,1782867224946362,False,True
330131126,41.92000000,5.65200000,584663119,584663119,1782867225385017,True,True
330131127,41.92000000,1.71900000,584663120,584663124,1782867229701605,True,True
330131128,41.93000000,8.17800000,584663125,584663125,1782867230899434,False,True
330131129,41.92000000,4.07100000,584663126,584663133,1782867250625699,True,True
330131130,41.91000000,3.30300000,584663134,584663141,1782867255825119,True,True
330131131,41.91000000,7.15000000,584663142,584663142,1782867257195653,False,True
330131132,41.90000000,0.96700000,584663143,584663143,1782867258844362,True,True
330131133,41.91000000,2.12100000,584663144,584663153,1782867269735450,False,True
330131134,41.91000000,0.12300000,584663154,584663154,1782867272343772,True,True
330131135,41.91000000,0.38800000,584663155,584663155,1782867272385632,False,True
330131136,41.91000000,0.23800000,584663156,584663156,1782867279947018,False,True
330131137,41.91000000,1.01400000,584663157,584663157,1782867283671473,False,True
330131138,41.91000000,0.98300000,584663158,584663158,1782867299598594,False,True
330131139,41.91000000,0.14900000,584663159,584663159,1782867304951842,False,True
330131140,41.91000000,1.61500000,584663160,584663160,1782867306977291,False,True
330131141,41.91000000,0.96000000,584663161,584663161,1782867310018341,False,True
330131142,41.90000000,1.38900000,584663162,584663162,1782867310355735,True,True
330131143,41.91000000,0.46900000,584663163,584663163,1782867311719068,False,True
330131144,41.91000000,2.61300000,584663164,584663164,1782867318338364,False,True
330131145,41.91000000,0.89600000,584663165,584663165,1782867318793881,False,True
330131146,41.91000000,3.90500000,584663166,584663172,1782867318796722,False,True
330131147,41.91000000,1.87100000,584663173,584663178,1782867318798255,False,True
330131148,41.91000000,0.50300000,584663179,584663179,1782867340035964,True,True
330131149,41.92000000,1.32700000,584663180,584663180,1782867352215954,False,True
330131150,41.92000000,0.31700000,584663181,584663181,1782867354977337,False,True
330131151,41.92000000,6.44700000,584663182,584663182,1782867365394749,False,True
330131152,41.92000000,0.14600000,584663183,584663183,1782867380773856,False,True
330131153,41.91000000,0.50500000,584663184,584663184,1782867380888193,True,True
330131154,41.92000000,28.03600000,584663185,584663197,1782867381092305,False,True
330131155,41.92000000,0.57300000,584663198,584663198,1782867381911847,False,True
330131156,41.92000000,0.24800000,584663199,584663199,1782867387618563,False,True
330131157,41.92000000,1.19300000,584663200,584663200,1782867413473245,False,True
330131158,41.92000000,3.46000000,584663201,584663201,1782867414719130,False,True
330131159,41.92000000,2.38500000,584663202,584663202,1782867418735103,False,True
330131160,41.92000000,3.03400000,584663203,584663212,1782867423540352,False,True
330131161,41.93000000,1.31200000,584663213,584663213,1782867424177542,False,True
330131162,41.93000000,0.50500000,584663214,584663214,1782867434246215,False,True
330131163,41.93000000,35.50600000,584663215,584663220,1782867440559865,False,True
330131164,41.93000000,0.76800000,584663221,584663221,1782867442634770,False,True
330131165,41.93000000,1.58500000,584663222,584663222,1782867452336021,False,True
330131166,41.92000000,6.74300000,584663223,584663223,1782867461173771,True,True
330131167,41.93000000,1.19200000,584663224,584663224,1782867467190686,False,True
330131168,41.93000000,0.55200000,584663225,584663225,1782867468112207,False,True
330131169,41.92000000,1.34500000,584663226,584663226,1782867478558174,True,True
330131170,41.92000000,0.94600000,584663227,584663227,1782867484718732,True,True
330131171,41.92000000,0.20000000,584663228,584663228,1782867490821767,True,True
330131172,41.92000000,0.19800000,584663229,584663229,1782867494362303,True,True
330131173,41.92000000,0.30900000,584663230,584663230,1782867494549867,True,True
330131174,41.92000000,0.50100000,584663231,584663231,1782867528784757,True,True
330131175,41.93000000,1.07200000,584663232,584663232,1782867531168007,False,True
330131176,41.93000000,0.34900000,584663233,584663233,1782867535813424,False,True
330131177,41.92000000,0.16200000,584663234,584663234,1782867538451914,True,True
330131178,41.92000000,0.78400000,584663235,584663235,1782867539762085,True,True
330131179,41.92000000,0.38000000,584663236,584663236,1782867544787232,True,True
330131180,41.93000000,12.52000000,584663237,584663240,1782867545919157,False,True
330131181,41.93000000,0.33000000,584663241,584663241,1782867560401559,False,True
330131182,41.92000000,9.49800000,584663242,584663251,1782867563755125,True,True
330131183,41.92000000,0.12600000,584663252,584663252,1782867563755430,True,True
330131184,41.92000000,0.31300000,584663253,584663253,1782867566597229,False,True
330131185,41.91000000,6.18500000,584663254,584663255,1782867570661713,True,True
330131186,41.91000000,29.50400000,584663256,584663264,1782867570661774,True,True
330131187,41.91000000,4.14800000,584663265,584663266,1782867570661827,True,True
330131188,41.90000000,55.72200000,584663267,584663276,1782867570661847,True,True
330131189,41.90000000,3.90800000,584663277,584663277,1782867570661868,True,True
330131190,41.89000000,32.23800000,584663278,584663287,1782867570661868,True,True
330131191,41.88000000,4.00000000,584663288,584663291,1782867570661944,True,True
330131192,41.88000000,28.33600000,584663292,584663299,1782867570662200,True,True
330131193,41.87000000,61.17200000,584663300,584663306,1782867570662398,True,True
330131194,41.87000000,5.00300000,584663307,584663307,1782867570663942,False,True
330131195,41.86000000,0.13200000,584663308,584663308,1782867570664793,True,True
330131196,41.87000000,7.60200000,584663309,584663309,1782867570665266,False,True
330131197,41.87000000,0.12400000,584663310,584663310,1782867570665505,False,True
330131198,41.88000000,1.14300000,584663311,584663311,1782867570665553,False,True
330131199,41.88000000,3.66200000,584663312,584663312,1782867570665563,False,True
330131200,41.87000000,8.39400000,584663313,584663314,1782867570668174,True,True
330131201,41.88000000,1.32800000,584663315,584663315,1782867570669714,False,True
330131202,41.87000000,10.51800000,584663316,584663316,1782867570768061,True,True
330131203,41.87000000,1.63300000,584663317,584663317,1782867570845844,True,True
330131204,41.87000000,9.72900000,584663318,584663321,1782867571020772,True,True
330131205,41.87000000,51.59700000,584663322,584663334,1782867571123056,False,True
330131206,41.87000000,0.01100000,584663335,584663335,1782867571123192,False,True
330131207,41.88000000,14.00000000,584663336,584663341,1782867574564018,False,True
330131208,41.88000000,1.19300000,584663342,584663342,1782867574619940,False,True
330131209,41.87000000,2.01500000,584663343,584663343,1782867574637006,True,True
330131210,41.88000000,0.44900000,584663344,584663344,1782867576270106,False,True
330131211,41.88000000,14.81300000,584663345,584663355,1782867578253577,False,True
330131212,41.88000000,0.37800000,584663356,584663358,1782867578255327,False,True
330131213,41.89000000,0.39500000,584663359,584663359,1782867580188433,False,True
330131214,41.88000000,2.24100000,584663360,584663360,1782867580851387,True,True
330131215,41.88000000,18.81000000,584663361,584663365,1782867580925730,True,True
330131216,41.87000000,2.07600000,584663366,584663366,1782867585892828,True,True
330131217,41.88000000,0.62100000,584663367,584663367,1782867595817629,False,True
330131218,41.87000000,0.22000000,584663368,584663368,1782867598168117,True,True
330131219,41.87000000,0.23100000,584663369,584663369,1782867602121569,True,True
330131220,41.88000000,29.95600000,584663370,584663382,1782867606418757,False,True
330131221,41.89000000,11.22000000,584663383,584663386,1782867606424038,False,True
330131222,41.89000000,4.58200000,584663387,584663397,1782867606424135,False,True
330131223,41.90000000,34.57000000,584663398,584663410,1782867606911964,False,True
330131224,41.91000000,1.43200000,584663411,584663421,1782867609022355,False,True
330131225,41.92000000,1.19200000,584663422,584663422,1782867618746963,False,True
330131226,41.91000000,0.23400000,584663423,584663423,1782867671011578,True,True
330131227,41.91000000,0.49300000,584663424,584663424,1782867671023035,True,True
330131228,41.92000000,2.17800000,584663425,584663425,1782867674859882,False,True
330131229,41.92000000,1.67200000,584663426,584663426,1782867675275932,False,True
330131230,41.91000000,60.04100000,584663427,584663435,1782867677509573,True,True
330131231,41.90000000,1.81000000,584663436,584663439,1782867677664423,True,True
330131232,41.90000000,5.24700000,584663440,584663441,1782867677664792,True,True
330131233,41.90000000,1.78700000,584663442,584663442,1782867677733877,False,True
330131234,41.90000000,0.36900000,584663443,584663443,1782867681911893,False,True
330131235,41.89000000,0.90400000,584663444,584663444,1782867682921019,True,True
330131236,41.90000000,0.71600000,584663445,584663445,1782867683971113,False,True
330131237,41.89000000,16.49800000,584663446,584663452,1782867692906982,True,True
330131238,41.89000000,0.12600000,584663453,584663453,1782867692907031,True,True
330131239,41.89000000,0.15900000,584663454,584663454,1782867697342352,False,True
330131240,41.88000000,0.75500000,584663455,584663460,1782867698075242,True,True
330131241,41.88000000,10.00400000,584663461,584663461,1782867698076784,False,True
330131242,41.88000000,10.00400000,584663462,584663463,1782867698076975,False,True
330131243,41.88000000,9.55200000,584663464,584663465,1782867698078317,False,True
330131244,41.88000000,0.18200000,584663466,584663466,1782867700873087,False,True
330131245,41.88000000,0.24400000,584663467,584663467,1782867709970817,False,True
330131246,41.88000000,7.76600000,584663468,584663468,1782867710954421,False,True
330131247,41.88000000,4.68900000,584663469,584663480,1782867716217002,False,True
330131248,41.88000000,0.17900000,584663481,584663481,1782867716800773,True,True
330131249,41.89000000,4.77400000,584663482,584663482,1782867719593413,False,True
330131250,41.88000000,0.74500000,584663483,584663483,1782867720461952,True,True
330131251,41.89000000,4.95700000,584663484,584663484,1782867724815217,False,True
330131252,41.88000000,3.74600000,584663485,584663488,1782867731752069,True,True
330131253,41.88000000,2.70000000,584663489,584663490,1782867734871828,False,True
330131254,41.87000000,1.00600000,584663491,584663497,1782867736550431,True,True
330131255,41.87000000,0.23800000,584663498,584663498,1782867742411750,False,True
330131256,41.87000000,0.64000000,584663499,584663499,1782867744184656,False,True
330131257,41.87000000,0.26900000,584663500,584663500,1782867749420720,False,True
330131258,41.86000000,0.16000000,584663501,584663501,1782867749518176,True,True
330131259,41.86000000,0.17800000,584663502,584663502,1782867750372974,True,True
330131260,41.86000000,18.48900000,584663503,584663512,1782867752632823,True,True
330131261,41.86000000,3.17300000,584663513,584663513,1782867758605309,False,True
330131262,41.86000000,23.88900000,584663514,584663516,1782867761825248,False,True
330131263,41.86000000,1.34200000,584663517,584663521,1782867769505562,False,True
330131264,41.86000000,0.77000000,584663522,584663525,1782867771220184,False,True
330131265,41.86000000,0.93200000,584663526,584663526,1782867772197239,False,True
330131266,41.86000000,0.24400000,584663527,584663527,1782867777200243,False,True
330131267,41.86000000,3.90500000,584663528,584663534,1782867780350924,False,True
330131268,41.86000000,0.16600000,584663535,584663536,1782867780352106,False,True
330131269,41.86000000,0.50100000,584663537,584663540,1782867780800422,True,True
330131270,41.86000000,0.99000000,584663541,584663541,1782867785145932,False,True
330131271,41.85000000,12.59500000,584663542,584663547,1782867788858740,True,True
330131272,41.84000000,4.00000000,584663548,584663553,1782867788859469,True,True
330131273,41.85000000,9.98300000,584663554,584663555,1782867788894694,False,True
330131274,41.84000000,24.14900000,584663556,584663556,1782867795052685,True,True
330131275,41.84000000,24.07600000,584663557,584663557,1782867795057958,True,True
330131276,41.84000000,32.71800000,584663558,584663558,1782867795060096,True,True
330131277,41.84000000,3.90500000,584663559,584663559,1782867795061888,True,True
330131278,41.84000000,29.92700000,584663560,584663560,1782867795129257,True,True
330131279,41.84000000,3.90500000,584663561,584663561,1782867795130875,True,True
330131280,41.84000000,1.20700000,584663562,584663562,1782867803704911,True,True
330131281,41.84000000,6.93600000,584663563,584663563,1782867807139160,True,True
330131282,41.85000000,4.19100000,584663564,584663564,1782867822578263,False,True
330131283,41.85000000,1.91100000,584663565,584663566,1782867827115555,False,True
330131284,41.85000000,1.19400000,584663567,584663567,1782867834114678,False,True
330131285,41.84000000,39.15200000,584663568,584663568,1782867841397999,True,True
330131286,41.84000000,112.00000000,584663569,584663569,1782867841399642,True,True
330131287,41.84000000,3.66000000,584663570,584663570,1782867841400082,True,True
330131288,41.84000000,7.72600000,584663571,584663571,1782867841401099,True,True
330131289,41.84000000,3.90500000,584663572,584663572,1782867841401295,True,True
330131290,41.84000000,4.45300000,584663573,584663573,1782867841401457,True,True
330131291,41.84000000,5.56500000,584663574,584663574,1782867841402710,True,True
330131292,41.84000000,17.62900000,584663575,584663584,1782867841402868,True,True
330131293,41.83000000,4.78000000,584663585,584663591,1782867841409872,True,True
330131294,41.84000000,5.44700000,584663592,584663592,1782867841571384,False,True
330131295,41.84000000,0.35800000,584663593,584663593,1782867841572366,False,True
330131296,41.83000000,24.11000000,584663594,584663599,1782867844921669,True,True
330131297,41.84000000,0.24400000,584663600,584663600,1782867845336858,False,True
330131298,41.84000000,0.35900000,584663601,584663601,1782867845471365,False,True
330131299,41.84000000,3.73900000,584663602,584663602,1782867846233436,False,True
330131300,41.84000000,0.63400000,584663603,584663603,1782867846784866,False,True
330131301,41.84000000,0.42900000,584663604,584663604,1782867846859202,False,True
330131302,41.84000000,0.47800000,584663605,584663605,1782867847661359,False,True
330131303,41.84000000,8.55000000,584663606,584663607,1782867849428860,False,True
330131304,41.83000000,20.63800000,584663608,584663612,1782867851093063,True,True
330131305,41.82000000,0.92500000,584663613,584663618,1782867853059670,True,True
330131306,41.82000000,0.47500000,584663619,584663619,1782867855132522,False,True
330131307,41.81000000,6.44300000,584663620,584663620,1782867855735590,True,True
330131308,41.81000000,3.74000000,584663621,584663625,1782867855739324,True,True
330131309,41.81000000,0.37800000,584663626,584663628,1782867855750377,True,True
330131310,41.80000000,1.68200000,584663629,584663629,1782867856846497,True,True
330131311,41.80000000,0.89900000,584663630,584663636,1782867857825410,True,True
330131312,41.79000000,0.63300000,584663637,584663641,1782867860702570,True,True
330131313,41.78000000,0.48000000,584663642,584663642,1782867860903841,True,True
330131314,41.78000000,0.96000000,584663643,584663643,1782867862916586,True,True
330131315,41.79000000,3.82700000,584663644,584663644,1782867863046053,False,True
330131316,41.79000000,3.04200000,584663645,584663647,1782867865818365,False,True
330131317,41.78000000,0.96000000,584663648,584663648,1782867865928526,True,True
330131318,41.78000000,0.17100000,584663649,584663649,1782867868119874,True,True
330131319,41.79000000,3.55600000,584663650,584663659,1782867868687300,False,True
330131320,41.79000000,0.96000000,584663660,584663661,1782867868942768,True,True
330131321,41.80000000,4.19300000,584663662,584663664,1782867870622100,False,True
330131322,41.79000000,3.90500000,584663665,584663666,1782867877584165,True,True
330131323,41.79000000,0.24900000,584663667,584663668,1782867877585963,True,True
330131324,41.79000000,0.24000000,584663669,584663669,1782867878973274,False,True
330131325,41.79000000,0.48600000,584663670,584663670,1782867881171097,False,True
330131326,41.79000000,20.00000000,584663671,584663673,1782867883923540,False,True
330131327,41.79000000,1.59000000,584663674,584663679,1782867891283174,False,True
330131328,41.79000000,1.15500000,584663680,584663683,1782867892534940,False,True
330131329,41.79000000,4.06400000,584663684,584663685,1782867896771607,False,True
330131330,41.79000000,0.24000000,584663686,584663686,1782867899684718,False,True
330131331,41.78000000,1.18800000,584663687,584663694,1782867906529716,True,True
330131332,41.77000000,5.26400000,584663695,584663699,1782867907093484,True,True
330131333,41.76000000,0.96000000,584663700,584663705,1782867910118640,True,True
330131334,41.76000000,1.61600000,584663706,584663706,1782867910812150,True,True
330131335,41.76000000,0.15700000,584663707,584663708,1782867910969145,True,True
330131336,41.77000000,0.24400000,584663709,584663709,1782867911523787,False,True
330131337,41.76000000,4.96700000,584663710,584663712,1782867915200498,True,True
330131338,41.75000000,0.63300000,584663713,584663717,1782867915876552,True,True
330131339,41.74000000,0.15700000,584663718,584663719,1782867917122415,True,True
330131340,41.74000000,0.64400000,584663720,584663724,1782867917175775,True,True
330131341,41.73000000,0.76400000,584663725,584663727,1782867919245686,True,True
330131342,41.74000000,3.93900000,584663728,584663728,1782867921772216,False,True
330131343,41.73000000,5.08300000,584663729,584663732,1782867923389516,True,True
330131344,41.73000000,0.12300000,584663733,584663733,1782867923392076,True,True
330131345,41.72000000,1.09000000,584663734,584663740,1782867924325812,True,True
330131346,41.72000000,0.31600000,584663741,584663741,1782867924399286,False,True
330131347,41.71000000,6.29800000,584663742,584663744,1782867924459336,True,True
330131348,41.72000000,2.73700000,584663745,584663745,1782867925370866,False,True
330131349,41.72000000,0.99800000,584663746,584663753,1782867926039498,False,True
330131350,41.73000000,0.43900000,584663754,584663754,1782867926039498,False,True
330131351,41.73000000,0.99800000,584663755,584663762,1782867926350219,False,True
330131352,41.74000000,2.61800000,584663763,584663773,1782867930624258,False,True
330131353,41.74000000,0.37300000,584663774,584663776,1782867930624401,False,True
330131354,41.74000000,5.20700000,584663777,584663781,1782867931225217,True,True
330131355,41.74000000,3.84800000,584663782,584663782,1782867933394020,False,True
330131356,41.73000000,0.62400000,584663783,584663787,1782867934525693,True,True
330131357,41.72000000,33.20000000,584663788,584663797,1782867938172359,True,True
330131358,41.71000000,66.92400000,584663798,584663804,1782867938172359,True,True
330131359,41.72000000,0.87400000,584663805,584663811,1782867938871758,False,True
330131360,41.73000000,1.02000000,584663812,584663812,1782867938871758,False,True
330131361,41.72000000,1.69900000,584663813,584663817,1782867939950160,True,True
330131362,41.71000000,22.42300000,584663818,584663825,1782867941849740,True,True
330131363,41.71000000,1.19000000,584663826,584663826,1782867945203950,True,True
330131364,41.72000000,9.18000000,584663827,584663830,1782867946772038,False,True
330131365,41.72000000,0.87400000,584663831,584663837,1782867947855108,False,True
330131366,41.72000000,0.37800000,584663838,584663840,1782867951561049,True,True
330131367,41.72000000,0.87400000,584663841,584663847,1782867952358020,False,True
330131368,41.73000000,16.46900000,584663848,584663856,1782867955245123,False,True
330131369,41.73000000,0.24800000,584663857,584663858,1782867955247504,False,True
330131370,41.73000000,1.58300000,584663859,584663859,1782867955650311,True,True
330131371,41.74000000,5.16000000,584663860,584663861,1782867956771851,False,True
330131372,41.73000000,16.56800000,584663862,584663864,1782867957193889,True,True
330131373,41.74000000,2.19900000,584663865,584663865,1782867958143955,False,True
330131374,41.73000000,0.60200000,584663866,584663866,1782867958430961,True,True
330131375,41.74000000,3.26600000,584663867,584663880,1782867959850234,False,True
330131376,41.75000000,0.24400000,584663881,584663881,1782867961089110,False,True
330131377,41.75000000,3.56100000,584663882,584663893,1782867961584530,False,True
330131378,41.76000000,7.58300000,584663894,584663894,1782867963257998,False,True
330131379,41.76000000,1.17100000,584663895,584663895,1782867986771708,False,True
330131380,41.76000000,0.15800000,584663896,584663896,1782867987918069,False,True
330131381,41.75000000,12.53600000,584663897,584663900,1782867988044320,True,True
330131382,41.75000000,18.30900000,584663901,584663903,1782867989950395,True,True
330131383,41.75000000,10.97600000,584663904,584663908,1782867989951836,True,True
330131384,41.74000000,4.79000000,584663909,584663909,1782867989966660,True,True
330131385,41.74000000,0.62400000,584663910,584663914,1782867990050563,True,True
330131386,41.74000000,2.58200000,584663915,584663915,1782867994584608,False,True
330131387,41.73000000,0.75600000,584663916,584663921,1782867997626069,True,True
330131388,41.73000000,3.90500000,584663922,584663922,1782868002282525,False,True
330131389,41.73000000,3.90500000,584663923,584663923,1782868002283794,False,True
330131390,41.73000000,2.07600000,584663924,584663932,1782868002285356,False,True
330131391,41.74000000,1.96800000,584663933,584663933,1782868003659255,False,True
330131392,41.73000000,0.62200000,584663934,584663938,1782868012948341,True,True
330131393,41.72000000,1.06900000,584663939,584663945,1782868023766209,True,True
330131394,41.72000000,3.90500000,584663946,584663955,1782868027083405,False,True
330131395,41.72000000,0.10700000,584663956,584663956,1782868027085236,False,True
330131396,41.73000000,0.47000000,584663957,584663957,1782868031881165,False,True
330131397,41.72000000,0.17300000,584663958,584663958,1782868032473200,True,True
330131398,41.73000000,3.25300000,584663959,584663970,1782868035332426,False,True
330131399,41.73000000,0.16700000,584663971,584663971,1782868038511573,True,True
330131400,41.74000000,0.24400000,584663972,584663972,1782868039011317,False,True
330131401,41.73000000,0.33600000,584663973,584663973,1782868056045356,True,True
330131402,41.73000000,0.23800000,584663974,584663974,1782868061132607,True,True
330131403,41.74000000,0.41100000,584663975,584663975,1782868062539868,False,True
330131404,41.74000000,0.39800000,584663976,584663976,1782868064794078,False,True
330131405,41.74000000,2.46900000,584663977,584663977,1782868066059118,False,True
330131406,41.73000000,1.72800000,584663978,584663983,1782868067310277,True,True
330131407,41.73000000,0.28100000,584663984,584663984,1782868073919678,False,True
330131408,41.73000000,2.49100000,584663985,584663985,1782868078066696,False,True
330131409,41.73000000,5.99400000,584663986,584663987,1782868078272998,False,True
330131410,41.72000000,1.12300000,584663988,584663989,1782868079270747,True,True
330131411,41.73000000,71.92200000,584663990,584664001,1782868080162260,False,True
330131412,41.73000000,4.76000000,584664002,584664009,1782868080167504,False,True
330131413,41.73000000,11.69900000,584664010,584664010,1782868080168787,False,True
330131414,41.73000000,6.59400000,584664011,584664018,1782868081100381,False,True
330131415,41.73000000,5.21800000,584664019,584664023,1782868082776410,True,True
330131416,41.73000000,1.15000000,584664024,584664024,1782868086013613,False,True
330131417,41.72000000,4.64100000,584664025,584664031,1782868093525143,True,True
330131418,41.71000000,0.50800000,584664032,584664036,1782868098621298,True,True
330131419,41.72000000,0.48000000,584664037,584664037,1782868099511966,False,True
330131420,41.71000000,4.18300000,584664038,584664038,1782868104880491,True,True
330131421,41.71000000,11.76900000,584664039,584664040,1782868107011737,True,True
330131422,41.71000000,0.59400000,584664041,584664042,1782868107755782,True,True
330131423,41.71000000,0.50100000,584664043,584664046,1782868108300738,True,True
