681540,1.00140000,297.00000000,817907,817907,1782864000668644,True,True
681541,1.00140000,6.00000000,817908,817908,1782864001864937,True,True
681542,1.00140000,1866.00000000,817909,817909,1782864060825337,True,True
681543,1.00140000,306833.00000000,817910,817911,1782864082463433,True,True
681544,1.00140000,682.00000000,817912,817912,1782864120717723,True,True
681545,1.00140000,65.00000000,817913,817914,1782864144831080,False,True
681546,1.00130000,63.00000000,817915,817916,1782864154411544,True,True
681547,1.00130000,57.00000000,817917,817917,1782864157407711,True,True
681548,1.00130000,27.00000000,817918,817918,1782864159822250,True,True
681549,1.00130000,42.00000000,817919,817919,1782864203908592,True,True
681550,1.00130000,34.00000000,817920,817920,1782864318176799,True,True
681551,1.00140000,113992.00000000,817921,817932,1782864346286423,False,True
681552,1.00140000,300.00000000,817933,817933,1782864360643660,True,True
681553,1.00140000,52.00000000,817934,817934,1782864481171090,True,True
681554,1.00140000,64.00000000,817935,817935,1782864481344102,True,True
681555,1.00140000,111.00000000,817936,817936,1782864586541559,True,True
681556,1.00140000,199.00000000,817937,817937,1782864586629060,True,True
681557,1.00140000,44.00000000,817938,817938,1782864589406149,True,True
681558,1.00140000,53.00000000,817939,817939,1782864589580516,True,True
681559,1.00140000,77.00000000,817940,817940,1782864589647768,True,True
681560,1.00140000,77.00000000,817941,817942,1782864589830852,True,True
681561,1.00140000,77.00000000,817943,817943,1782864591916833,True,True
681562,1.00140000,61.00000000,817944,817944,1782864592566191,True,True
681563,1.00140000,62.00000000,817945,817945,1782864592972506,True,True
681564,1.00140000,153.00000000,817946,817946,1782864609189298,True,True
681565,1.00140000,927.00000000,817947,817947,1782864620503234,True,True
681566,1.00140000,77.00000000,817948,817948,1782864698566532,True,True
681567,1.00140000,77.00000000,817949,817949,1782864701043364,True,True
681568,1.00140000,58.00000000,817950,817950,1782864705120320,True,True
681569,1.00140000,39.00000000,817951,817951,1782864727915172,True,True
681570,1.00150000,247.00000000,817952,817953,1782864743147664,False,True
681571,1.00140000,245.00000000,817954,817954,1782864757376891,True,True
681572,1.00140000,170.00000000,817955,817955,1782864778332223,True,True
681573,1.00150000,61.00000000,817956,817956,1782864842395923,False,True
681574,1.00150000,61.00000000,817957,817957,1782864842458716,False,True
681575,1.00150000,132.00000000,817958,817958,1782864854071764,False,True
681576,1.00150000,35.00000000,817959,817959,1782864854100201,False,True
681577,1.00140000,11.00000000,817960,817960,1782864884819692,True,True
681578,1.00150000,40.00000000,817961,817961,1782864915789590,False,True
681579,1.00150000,40.00000000,817962,817962,1782864916814180,False,True
681580,1.00140000,74.00000000,817963,817963,1782864941535462,True,True
681581,1.00140000,74.00000000,817964,817964,1782864943879722,True,True
681582,1.00140000,65.00000000,817965,817965,1782864945073171,True,True
681583,1.00140000,74.00000000,817966,817966,1782864948898201,True,True
681584,1.00140000,59.00000000,817967,817967,1782864948970124,True,True
681585,1.00140000,40.00000000,817968,817968,1782864950239615,True,True
681586,1.00140000,52.00000000,817969,817969,1782864950762407,True,True
681587,1.00140000,44.00000000,817970,817970,1782864953615784,True,True
681588,1.00140000,36.00000000,817971,817971,1782864996707294,True,True
681589,1.00140000,45.00000000,817972,817972,1782865031037990,True,True
681590,1.00150000,106.00000000,817973,817973,1782865068842357,False,True
681591,1.00150000,67.00000000,817974,817974,1782865071009369,False,True
681592,1.00140000,52.00000000,817975,817975,1782865217138455,True,True
681593,1.00140000,33.00000000,817976,817976,1782865292316807,True,True
681594,1.00140000,9.00000000,817977,817977,1782865321336050,True,True
681595,1.00140000,1005.00000000,817978,817978,1782865363747681,True,True
681596,1.00140000,35.00000000,817979,817979,1782865452387504,True,True
681597,1.00140000,49998.00000000,817980,817984,1782865495632067,True,True
681598,1.00140000,3992.00000000,817985,817985,1782865539990247,True,True
681599,1.00140000,95.00000000,817986,817986,1782865540048444,True,True
681600,1.00140000,294.00000000,817987,817987,1782865540087241,True,True
681601,1.00140000,142.00000000,817988,817988,1782865540277301,True,True
681602,1.00140000,295.00000000,817989,817989,1782865540288231,True,True
681603,1.00140000,6.00000000,817990,817990,1782865542032093,True,True
681604,1.00140000,55.00000000,817991,817991,1782865562268030,True,True
681605,1.00140000,70.00000000,817992,817992,1782865562271352,True,True
681606,1.00140000,45.00000000,817993,817993,1782865566062211,True,True
681607,1.00140000,36.00000000,817994,817994,1782865567231989,True,True
681608,1.00140000,135.00000000,817995,817995,1782865581740845,True,True
681609,1.00140000,6.00000000,817996,817996,1782865581942064,True,True
681610,1.00150000,28.00000000,817997,817997,1782865830677025,False,True
681611,1.00150000,16.00000000,817998,817998,1782865866122630,False,True
681612,1.00150000,62.00000000,817999,817999,1782865868578990,False,True
681613,1.00150000,41.00000000,818000,818000,1782865870760650,False,True
681614,1.00150000,39.00000000,818001,818001,1782865870773230,False,True
681615,1.00150000,123.00000000,818002,818002,1782865870922141,False,True
681616,1.00150000,100.00000000,818003,818003,1782865872549806,False,True
681617,1.00150000,5.00000000,818004,818004,1782865872557920,False,True
681618,1.00150000,197.00000000,818005,818006,1782865872839550,False,True
681619,1.00140000,263.00000000,818007,818007,1782865940736070,True,True
681620,1.00140000,1018.00000000,818008,818008,1782865957582276,True,True
681621,1.00140000,7.00000000,818009,818009,1782866081967904,True,True
681622,1.00150000,186.00000000,818010,818010,1782866099064003,False,True
681623,1.00140000,60.00000000,818011,818011,1782866147831120,True,True
681624,1.00140000,78.00000000,818012,818012,1782866147846455,True,True
681625,1.00140000,11.00000000,818013,818013,1782866222298749,True,True
681626,1.00140000,283.00000000,818014,818014,1782866243531534,True,True
681627,1.00140000,177.00000000,818015,818015,1782866312849574,True,True
681628,1.00140000,44.00000000,818016,818016,1782866313483045,True,True
681629,1.00140000,11.00000000,818017,818017,1782866404947259,True,True
681630,1.00140000,41.00000000,818018,818018,1782866968604452,True,True
681631,1.00140000,40.00000000,818019,818019,1782866978339475,True,True
681632,1.00140000,40.00000000,818020,818020,1782867255830772,True,True
681633,1.00140000,144.00000000,818021,818021,1782867267542756,True,True
681634,1.00140000,49.00000000,818022,818022,1782867287353420,True,True
681635,1.00140000,44.00000000,818023,818023,1782867293278551,True,True
681636,1.00140000,35.00000000,818024,818024,1782867298847872,True,True
681637,1.00140000,37.00000000,818025,818025,1782867298861243,True,True
681638,1.00150000,3654.00000000,818026,818032,1782867368071958,False,True
681639,1.00140000,299589.00000000,818033,818042,1782867378125102,True,True
681640,1.00150000,9115.00000000,818043,818043,1782867379869322,False,True
681641,1.00140000,36.00000000,818044,818044,1782867381333730,True,True
681642,1.00140000,36.00000000,818045,818045,1782867381353703,True,True
681643,1.00150000,9114.00000000,818046,818046,1782867390557722,False,True
681644,1.00140000,921.00000000,818047,818047,1782867399589413,True,True
681645,1.00140000,922.00000000,818048,818048,1782867399608076,True,True
681646,1.00140000,921.00000000,818049,818050,1782867399662533,True,True
681647,1.00140000,368.00000000,818051,818051,1782867399730623,True,True
681648,1.00140000,369.00000000,818052,818052,1782867399751354,True,True
681649,1.00140000,368.00000000,818053,818053,1782867399838353,True,True
681650,1.00150000,9113.00000000,818054,818054,1782867402142028,False,True
681651,1.00140000,64.00000000,818055,818055,1782867487918005,True,True
681652,1.00140000,62.00000000,818056,818056,1782867487937608,True,True
681653,1.00140000,62.00000000,818057,818057,1782867487971939,True,True
681654,1.00140000,7.00000000,818058,818058,1782867503030164,True,True
681655,1.00140000,44.00000000,818059,818059,1782867504106819,True,True
681656,1.00140000,60.00000000,818060,818060,1782867504795017,True,True
681657,1.00150000,9139.00000000,818061,818061,1782867510142837,False,True
681658,1.00140000,36.00000000,818062,818062,1782867513239326,True,True
681659,1.00140000,36.00000000,818063,818063,1782867513258710,True,True
681660,1.00140000,36.00000000,818064,818064,1782867513309775,True,True
681661,1.00150000,9104.00000000,818065,818065,1782867520839819,False,True
681662,1.00150000,9103.00000000,818066,818069,1782867529572870,False,True
681663,1.00150000,9103.00000000,818070,818071,1782867541320533,False,True
681664,1.00140000,44.00000000,818072,818072,1782867543136421,True,True
681665,1.00140000,44.00000000,818073,818073,1782867543150476,True,True
681666,1.00140000,37.00000000,818074,818074,1782867543247451,True,True
681667,1.00140000,43.00000000,818075,818075,1782867549135444,True,True
681668,1.00140000,43.00000000,818076,818076,1782867549154485,True,True
681669,1.00140000,39.00000000,818077,818077,1782867675250421,True,True
681670,1.00140000,34.00000000,818078,818078,1782867679071224,True,True
681671,1.00140000,122.00000000,818079,818079,1782867732436394,True,True
681672,1.00140000,80.00000000,818080,818080,1782867734631841,True,True
681673,1.00150000,7446.00000000,818081,818081,1782867797264130,False,True
681674,1.00140000,11.00000000,818082,818082,1782867816103874,True,True
681675,1.00140000,11.00000000,818083,818083,1782867846193233,True,True
681676,1.00140000,11.00000000,818084,818084,1782867862203775,True,True
681677,1.00140000,11.00000000,818085,818085,1782867878120829,True,True
681678,1.00140000,19.00000000,818086,818086,1782867891049036,True,True
681679,1.00140000,23.00000000,818087,818087,1782867895028735,True,True
681680,1.00140000,21.00000000,818088,818088,1782867895379318,True,True
681681,1.00140000,90.00000000,818089,818089,1782867895879409,True,True
681682,1.00140000,11.00000000,818090,818090,1782867900796459,True,True
681683,1.00140000,11.00000000,818091,818091,1782867915872480,True,True
681684,1.00140000,150.00000000,818092,818092,1782867919423943,True,True
681685,1.00140000,110.00000000,818093,818093,1782867927806056,True,True
681686,1.00150000,1258.00000000,818094,818094,1782867945941131,False,True
681687,1.00140000,1241.00000000,818095,818095,1782867961520613,True,True
681688,1.00140000,8.00000000,818096,818096,1782868033719440,True,True
681689,1.00140000,1835.00000000,818097,818097,1782868047155226,True,True
681690,1.00140000,1835.00000000,818098,818098,1782868047171232,True,True
681691,1.00140000,1468.00000000,818099,818099,1782868047319191,True,True
681692,1.00140000,734.00000000,818100,818100,1782868047696040,True,True
681693,1.00140000,734.00000000,818101,818101,1782868047714778,True,True
681694,1.00140000,293.00000000,818102,818102,1782868047860759,True,True
681695,1.00140000,293.00000000,818103,818103,1782868047873265,True,True
681696,1.00150000,25.00000000,818104,818104,1782868070013453,False,True
681697,1.00140000,59.00000000,818105,818105,1782868072653395,True,True
681698,1.00140000,66.00000000,818106,818106,1782868072715230,True,True
681699,1.00140000,47.00000000,818107,818107,1782868072806705,True,True
681700,1.00140000,44.00000000,818108,818108,1782868074931829,True,True
681701,1.00140000,50.00000000,818109,818109,1782868074952505,True,True
681702,1.00140000,36.00000000,818110,818110,1782868076037394,True,True
681703,1.00140000,186.00000000,818111,818111,1782868132290693,True,True
681704,1.00140000,292.00000000,818112,818112,1782868132531421,True,True
681705,1.00140000,73.00000000,818113,818113,1782868132534388,True,True
681706,1.00140000,107.00000000,818114,818114,1782868132602321,True,True
681707,1.00140000,371.00000000,818115,818115,1782868132627444,True,True
681708,1.00140000,487.00000000,818116,818116,1782868133933232,True,True
681709,1.00140000,137.00000000,818117,818117,1782868134007295,True,True
681710,1.00140000,51.00000000,818118,818118,1782868161000287,True,True
681711,1.00140000,24.00000000,818119,818119,1782868195617143,True,True
681712,1.00140000,39.00000000,818120,818120,1782868214499013,True,True
681713,1.00140000,157.00000000,818121,818121,1782868214504695,True,True
681714,1.00140000,106.00000000,818122,818122,1782868214669166,True,True
681715,1.00140000,37.00000000,818123,818123,1782868215274324,True,True
681716,1.00140000,354.00000000,818124,818124,1782868215824699,True,True
681717,1.00140000,840.00000000,818125,818125,1782868215882744,True,True
681718,1.00140000,372.00000000,818126,818126,1782868215920485,True,True
681719,1.00140000,192.00000000,818127,818127,1782868215974701,True,True
681720,1.00140000,209.00000000,818128,818128,1782868216235356,True,True
681721,1.00140000,10.00000000,818129,818129,1782868217354045,True,True
681722,1.00140000,2157.00000000,818130,818130,1782868223788788,True,True
681723,1.00140000,11.00000000,818131,818131,1782868224514417,True,True
681724,1.00140000,49.00000000,818132,818132,1782868227548744,True,True
681725,1.00140000,10.00000000,818133,818133,1782868227897007,True,True
681726,1.00140000,11.00000000,818134,818134,1782868227968667,True,True
681727,1.00140000,42.00000000,818135,818135,1782868230110696,True,True
681728,1.00140000,158.00000000,818136,818136,1782868235302975,True,True
681729,1.00140000,8.00000000,818137,818137,1782868236260702,True,True
681730,1.00140000,11.00000000,818138,818138,1782868238887378,True,True
681731,1.00140000,11.00000000,818139,818139,1782868247214790,True,True
681732,1.00140000,11.00000000,818140,818140,1782868253541862,True,True
681733,1.00140000,11.00000000,818141,818141,1782868257205536,True,True
681734,1.00140000,133.00000000,818142,818142,1782868258087355,True,True
681735,1.00140000,6521.00000000,818143,818143,1782868266413395,True,True
681736,1.00140000,3993.00000000,818144,818144,1782868274547737,True,True
681737,1.00140000,11.00000000,818145,818145,1782868282145450,True,True
681738,1.00140000,79.00000000,818146,818146,1782868303982301,True,True
681739,1.00140000,28.00000000,818147,818147,1782868306061807,True,True
681740,1.00150000,214.00000000,818148,818148,1782868331697891,False,True
681741,1.00150000,287.00000000,818149,818149,1782868357484293,False,True
681742,1.00140000,35.00000000,818150,818150,1782868361520578,True,True
681743,1.00140000,36.00000000,818151,818151,1782868363956590,True,True
681744,1.00140000,72.00000000,818152,818152,1782868363975394,True,True
681745,1.00140000,180.00000000,818153,818153,1782868364460049,True,True
681746,1.00140000,180.00000000,818154,818154,1782868364512174,True,True
681747,1.00140000,11.00000000,818155,818155,1782868364638610,True,True
681748,1.00140000,107.00000000,818156,818156,1782868364665846,True,True
681749,1.00140000,11.00000000,818157,818157,1782868364679125,True,True
681750,1.00140000,352.00000000,818158,818158,1782868364694930,True,True
681751,1.00140000,256.00000000,818159,818159,1782868364734173,True,True
681752,1.00140000,352.00000000,818160,818160,1782868364770662,True,True
681753,1.00140000,178.00000000,818161,818161,1782868364805623,True,True
681754,1.00140000,260.00000000,818162,818162,1782868364813364,True,True
681755,1.00140000,85.00000000,818163,818163,1782868364943071,True,True
681756,1.00140000,11.00000000,818164,818164,1782868382427640,True,True
681757,1.00150000,1245.00000000,818165,818165,1782868393479666,False,True
681758,1.00140000,6.00000000,818166,818166,1782868394023867,True,True
681759,1.00140000,4956.00000000,818167,818167,1782868394045235,True,True
681760,1.00140000,343.00000000,818168,818168,1782868397987981,True,True
681761,1.00140000,10.00000000,818169,818169,1782868402797250,True,True
681762,1.00140000,43.00000000,818170,818170,1782868409516175,True,True
681763,1.00150000,5.00000000,818171,818171,1782868431632530,False,True
681764,1.00140000,1229.00000000,818172,818172,1782868433992196,True,True
681765,1.00150000,8.00000000,818173,818173,1782868436285184,False,True
681766,1.00140000,1231.00000000,818174,818174,1782868436830439,True,True
681767,1.00140000,153.00000000,818175,818175,1782868491580677,True,True
681768,1.00140000,1082.00000000,818176,818176,1782868495645815,True,True
681769,1.00150000,5.00000000,818177,818177,1782868502851026,False,True
681770,1.00150000,5.00000000,818178,818178,1782868508656728,False,True
681771,1.00150000,5.00000000,818179,818179,1782868508939410,False,True
681772,1.00150000,7.00000000,818180,818180,1782868510640841,False,True
681773,1.00150000,10.00000000,818181,818181,1782868510958199,False,True
681774,1.00150000,10.00000000,818182,818182,1782868511021269,False,True
681775,1.00150000,1256.00000000,818183,818183,1782868538813052,False,True
681776,1.00140000,893.00000000,818184,818184,1782868542284322,True,True
681777,1.00140000,8.00000000,818185,818185,1782868558031948,True,True
681778,1.00140000,11.00000000,818186,818186,1782868564220808,True,True
681779,1.00140000,1238.00000000,818187,818187,1782868576380075,True,True
681780,1.00140000,1236.00000000,818188,818188,1782868588068043,True,True
681781,1.00140000,54.00000000,818189,818189,1782868599822191,True,True
681782,1.00140000,11.00000000,818190,818190,1782868608425314,True,True
681783,1.00140000,25.00000000,818191,818191,1782868615681927,True,True
681784,1.00140000,128.00000000,818192,818192,1782868623783426,True,True
681785,1.00140000,1236.00000000,818193,818193,1782868646057040,True,True
681786,1.00140000,1236.00000000,818194,818194,1782868715093721,True,True
681787,1.00140000,299592.00000000,818195,818216,1782868727213606,True,True
681788,1.00150000,52.00000000,818217,818217,1782868768007230,False,True
681789,1.00150000,52.00000000,818218,818218,1782868768081964,False,True
681790,1.00150000,19.00000000,818219,818219,1782868776375078,False,True
681791,1.00150000,19.00000000,818220,818220,1782868776421960,False,True
681792,1.00140000,37.00000000,818221,818221,1782868911122612,True,True
681793,1.00150000,1254.00000000,818222,818222,1782868944007602,False,True
681794,1.00140000,49.00000000,818223,818223,1782868944307617,True,True
681795,1.00150000,5.00000000,818224,818224,1782868963388593,False,True
681796,1.00140000,1240.00000000,818225,818227,1782868968931034,True,True
681797,1.00150000,8.00000000,818228,818228,1782868977205870,False,True
681798,1.00140000,11.00000000,818229,818229,1782869089846072,True,True
681799,1.00140000,52.00000000,818230,818230,1782869100687134,True,True
681800,1.00140000,38.00000000,818231,818231,1782869159388482,True,True
681801,1.00140000,11.00000000,818232,818232,1782869162288579,True,True
681802,1.00150000,265.00000000,818233,818233,1782869217994932,False,True
681803,1.00150000,242.00000000,818234,818234,1782869268034122,False,True
681804,1.00150000,110.00000000,818235,818235,1782869277306881,False,True
681805,1.00150000,45.00000000,818236,818236,1782869278249744,False,True
681806,1.00150000,39.00000000,818237,818237,1782869278773338,False,True
681807,1.00150000,35.00000000,818238,818238,1782869278869652,False,True
681808,1.00150000,56.00000000,818239,818239,1782869299946540,False,True
681809,1.00150000,166.00000000,818240,818240,1782869310759611,False,True
681810,1.00150000,166.00000000,818241,818241,1782869310807972,False,True
681811,1.00150000,68.00000000,818242,818242,1782869327132017,False,True
681812,1.00150000,60.00000000,818243,818243,1782869327171270,False,True
681813,1.00140000,208.00000000,818244,818244,1782869356347556,True,True
681814,1.00140000,17.00000000,818245,818245,1782869385480295,True,True
681815,1.00150000,82.00000000,818246,818246,1782869394157997,False,True
681816,1.00150000,49.00000000,818247,818247,1782869408664587,False,True
681817,1.00150000,94.00000000,818248,818248,1782869409398818,False,True
681818,1.00150000,79.00000000,818249,818249,1782869411635724,False,True
681819,1.00150000,107.00000000,818250,818250,1782869411930659,False,True
681820,1.00150000,79.00000000,818251,818251,1782869419717478,False,True
681821,1.00150000,69.00000000,818252,818252,1782869419883145,False,True
681822,1.00150000,84.00000000,818253,818253,1782869420247231,False,True
681823,1.00150000,68.00000000,818254,818254,1782869422081296,False,True
681824,1.00150000,214.00000000,818255,818255,1782869424752202,False,True
681825,1.00150000,171.00000000,818256,818256,1782869433841590,False,True
681826,1.00150000,171.00000000,818257,818257,1782869433918429,False,True
681827,1.00150000,137.00000000,818258,818258,1782869434088693,False,True
681828,1.00150000,39.00000000,818259,818259,1782869436745699,False,True
681829,1.00150000,75.00000000,818260,818260,1782869436757765,False,True
681830,1.00150000,52.00000000,818261,818261,1782869439971668,False,True
681831,1.00150000,39.00000000,818262,818262,1782869442263523,False,True
681832,1.00150000,39.00000000,818263,818263,1782869442283139,False,True
681833,1.00150000,1253.00000000,818264,818267,1782869443123972,False,True
681834,1.00140000,62.00000000,818268,818268,1782869524876768,True,True
681835,1.00140000,11.00000000,818269,818269,1782869620527667,True,True
681836,1.00140000,11.00000000,818270,818270,1782869658015644,True,True
681837,1.00140000,122.00000000,818271,818271,1782869667840383,True,True
681838,1.00150000,90.00000000,818272,818272,1782869737846761,False,True
681839,1.00150000,105.00000000,818273,818273,1782869909179922,False,True
681840,1.00150000,19.00000000,818274,818274,1782869938181657,False,True
681841,1.00150000,23.00000000,818275,818275,1782869941183080,False,True
681842,1.00150000,5.00000000,818276,818276,1782869948325133,False,True
681843,1.00150000,18.00000000,818277,818277,1782869948407266,False,True
681844,1.00150000,5.00000000,818278,818278,1782869948475146,False,True
681845,1.00150000,5.00000000,818279,818279,1782869953605013,False,True
681846,1.00150000,2117.00000000,818280,818280,1782869956647132,False,True
681847,1.00150000,1257.00000000,818281,818281,1782869961426258,False,True
681848,1.00150000,19.00000000,818282,818282,1782869961831805,False,True
681849,1.00150000,19.00000000,818283,818283,1782869961871021,False,True
681850,1.00150000,19.00000000,818284,818284,1782869961920413,False,True
681851,1.00150000,19.00000000,818285,818285,1782869961970635,False,True
681852,1.00150000,19.00000000,818286,818286,1782869962020600,False,True
681853,1.00150000,5.00000000,818287,818287,1782869969245535,False,True
681854,1.00150000,5.00000000,818288,818288,1782869969320583,False,True
681855,1.00150000,49.00000000,818289,818289,1782869989666472,False,True
681856,1.00150000,43.00000000,818290,818290,1782869989843072,False,True
681857,1.00150000,44.00000000,818291,818291,1782869990246497,False,True
681858,1.00150000,45.00000000,818292,818292,1782870008384774,False,True
681859,1.00150000,64.00000000,818293,818293,1782870011083456,False,True
681860,1.00150000,1894.00000000,818294,818294,1782870035311796,False,True
681861,1.00150000,168.00000000,818295,818295,1782870067730684,False,True
681862,1.00150000,217.00000000,818296,818296,1782870067999938,False,True
681863,1.00150000,217.00000000,818297,818297,1782870068030977,False,True
681864,1.00150000,178.00000000,818298,818298,1782870068070632,False,True
681865,1.00150000,122.00000000,818299,818299,1782870068199504,False,True
681866,1.00150000,130.00000000,818300,818300,1782870068210217,False,True
681867,1.00150000,130.00000000,818301,818301,1782870068260375,False,True
681868,1.00150000,210.00000000,818302,818302,1782870068400950,False,True
681869,1.00150000,19.00000000,818303,818303,1782870068460089,False,True
681870,1.00150000,2112.00000000,818304,818304,1782870073200541,False,True
681871,1.00150000,336.00000000,818305,818305,1782870120733223,False,True
681872,1.00150000,396.00000000,818306,818306,1782870180701736,False,True
681873,1.00150000,282.00000000,818307,818307,1782870240699643,False,True
681874,1.00150000,396.00000000,818308,818308,1782870360650115,False,True
681875,1.00140000,43.00000000,818309,818309,1782870363573938,True,True
681876,1.00150000,109.00000000,818310,818310,1782870420657661,False,True
681877,1.00140000,45.00000000,818311,818311,1782870452669609,True,True
681878,1.00140000,45.00000000,818312,818312,1782870452741277,True,True
681879,1.00140000,23.00000000,818313,818313,1782870528898630,True,True
681880,1.00150000,1253.00000000,818314,818314,1782870543203518,False,True
681881,1.00140000,64.00000000,818315,818315,1782870640972292,True,True
681882,1.00140000,48.00000000,818316,818316,1782870651652733,True,True
681883,1.00140000,7.00000000,818317,818317,1782870654791628,True,True
681884,1.00140000,7.00000000,818318,818318,1782870655337728,True,True
681885,1.00140000,1519.00000000,818319,818326,1782870720643523,True,True
681886,1.00140000,147.00000000,818327,818328,1782870820357591,True,True
681887,1.00150000,49.00000000,818329,818329,1782870821739220,False,True
681888,1.00140000,8.00000000,818330,818330,1782870821823520,True,True
681889,1.00150000,40.00000000,818331,818331,1782870835189100,False,True
681890,1.00140000,321.00000000,818332,818334,1782870925282712,True,True
681891,1.00150000,51.00000000,818335,818335,1782870926684556,False,True
681892,1.00140000,148.00000000,818336,818336,1782870926718703,True,True
681893,1.00150000,35.00000000,818337,818337,1782870928898579,False,True
681894,1.00150000,40.00000000,818338,818338,1782870931941843,False,True
681895,1.00150000,36.00000000,818339,818339,1782870933674048,False,True
681896,1.00150000,35.00000000,818340,818340,1782870934338326,False,True
681897,1.00150000,37.00000000,818341,818341,1782870934604155,False,True
681898,1.00150000,43.00000000,818342,818342,1782870942739578,False,True
681899,1.00150000,36.00000000,818343,818343,1782870943971697,False,True
681900,1.00150000,143.00000000,818344,818344,1782870953043033,False,True
681901,1.00150000,7.00000000,818345,818345,1782870953250624,False,True
681902,1.00150000,232.00000000,818346,818346,1782870971147628,False,True
681903,1.00150000,1252.00000000,818347,818347,1782870985321664,False,True
681904,1.00150000,40.00000000,818348,818348,1782871040273377,False,True
681905,1.00150000,19.00000000,818349,818349,1782871041061459,False,True
681906,1.00140000,31.00000000,818350,818350,1782871203906626,True,True
681907,1.00140000,26.00000000,818351,818351,1782871205718551,True,True
681908,1.00140000,34.00000000,818352,818352,1782871220370588,True,True
681909,1.00140000,68.00000000,818353,818354,1782871225395937,True,True
681910,1.00140000,32.00000000,818355,818355,1782871233642444,True,True
681911,1.00140000,35.00000000,818356,818356,1782871234270427,True,True
681912,1.00140000,316.00000000,818357,818358,1782871235905054,True,True
681913,1.00140000,37.00000000,818359,818360,1782871236238675,True,True
681914,1.00140000,32.00000000,818361,818361,1782871236529300,True,True
681915,1.00140000,34.00000000,818362,818362,1782871236746497,True,True
681916,1.00140000,172.00000000,818363,818363,1782871237461878,True,True
681917,1.00140000,35.00000000,818364,818364,1782871238830944,True,True
681918,1.00140000,36.00000000,818365,818365,1782871239039353,True,True
681919,1.00140000,180.00000000,818366,818366,1782871239921131,True,True
681920,1.00140000,31.00000000,818367,818367,1782871240310027,True,True
681921,1.00140000,31.00000000,818368,818368,1782871243726044,True,True
681922,1.00140000,34.00000000,818369,818369,1782871245113550,True,True
681923,1.00140000,34.00000000,818370,818370,1782871245426005,True,True
681924,1.00140000,34.00000000,818371,818371,1782871245647865,True,True
681925,1.00140000,105.00000000,818372,818373,1782871247676677,True,True
681926,1.00140000,33.00000000,818374,818374,1782871248551488,True,True
681927,1.00140000,180.00000000,818375,818375,1782871252379470,True,True
681928,1.00140000,113.00000000,818376,818376,1782871252611208,True,True
681929,1.00140000,34.00000000,818377,818377,1782871252832545,True,True
681930,1.00140000,56.00000000,818378,818378,1782871253349302,True,True
681931,1.00140000,56.00000000,818379,818379,1782871254161506,True,True
681932,1.00140000,180.00000000,818380,818380,1782871254474049,True,True
681933,1.00140000,35.00000000,818381,818381,1782871254687507,True,True
681934,1.00140000,35.00000000,818382,818382,1782871254920755,True,True
681935,1.00140000,56.00000000,818383,818383,1782871256291052,True,True
681936,1.00140000,35.00000000,818384,818384,1782871256493764,True,True
681937,1.00140000,35.00000000,818385,818385,1782871257137736,True,True
681938,1.00140000,133.00000000,818386,818386,1782871267131731,True,True
681939,1.00140000,7.00000000,818387,818387,1782871269484587,True,True
681940,1.00140000,143.00000000,818388,818391,1782871270951770,True,True
681941,1.00140000,15.00000000,818392,818392,1782871288190731,True,True
681942,1.00150000,99.00000000,818393,818393,1782871343348616,False,True
681943,1.00150000,86.00000000,818394,818394,1782871345455256,False,True
681944,1.00150000,14.00000000,818395,818395,1782871347517921,False,True
681945,1.00150000,9.00000000,818396,818396,1782871428111831,False,True
681946,1.00150000,1258.00000000,818397,818397,1782871461857720,False,True
681947,1.00140000,20.00000000,818398,818398,1782871541206638,True,True
681948,1.00140000,91.00000000,818399,818399,1782871906947735,True,True
681949,1.00140000,88.00000000,818400,818400,1782871909054653,True,True
681950,1.00140000,86.00000000,818401,818401,1782871911115279,True,True
681951,1.00140000,81.00000000,818402,818402,1782871913223959,True,True
681952,1.00140000,55.00000000,818403,818403,1782871915332769,True,True
681953,1.00140000,46.00000000,818404,818404,1782871960337388,True,True
681954,1.00140000,46.00000000,818405,818405,1782871974530546,True,True
681955,1.00140000,8.00000000,818406,818406,1782871982542645,True,True
681956,1.00150000,16.00000000,818407,818407,1782872053363358,False,True
681957,1.00150000,64.00000000,818408,818408,1782872056960076,False,True
681958,1.00150000,64.00000000,818409,818409,1782872056960296,False,True
681959,1.00150000,64.00000000,818410,818410,1782872057034215,False,True
681960,1.00150000,43.00000000,818411,818411,1782872072025737,False,True
681961,1.00150000,80.00000000,818412,818412,1782872090854630,False,True
681962,1.00140000,81.00000000,818413,818413,1782872140844847,True,True
681963,1.00150000,555.00000000,818414,818414,1782872144044761,False,True
681964,1.00150000,444.00000000,818415,818415,1782872144184068,False,True
681965,1.00150000,51.00000000,818416,818416,1782872144702103,False,True
681966,1.00150000,337.00000000,818417,818417,1782872145546266,False,True
681967,1.00150000,75.00000000,818418,818418,1782872145768771,False,True
681968,1.00150000,71.00000000,818419,818419,1782872146856849,False,True
681969,1.00150000,240.00000000,818420,818420,1782872147542459,False,True
681970,1.00150000,124.00000000,818421,818421,1782872148689657,False,True
681971,1.00150000,41.00000000,818422,818422,1782872151350790,False,True
681972,1.00150000,45.00000000,818423,818423,1782872154240074,False,True
681973,1.00150000,42.00000000,818424,818424,1782872156339329,False,True
681974,1.00150000,37.00000000,818425,818425,1782872158010688,False,True
681975,1.00150000,51.00000000,818426,818426,1782872158844273,False,True
681976,1.00150000,51.00000000,818427,818427,1782872158887189,False,True
681977,1.00150000,79.00000000,818428,818428,1782872167773360,False,True
681978,1.00140000,46.00000000,818429,818429,1782872274855584,True,True
681979,1.00150000,42.00000000,818430,818430,1782872318229900,False,True
681980,1.00140000,16.00000000,818431,818431,1782872343451545,True,True
681981,1.00140000,17.00000000,818432,818432,1782872346800669,True,True
681982,1.00140000,15.00000000,818433,818433,1782872412238766,True,True
681983,1.00150000,44.00000000,818434,818434,1782872414680369,False,True
681984,1.00150000,115.00000000,818435,818435,1782872464111736,False,True
681985,1.00150000,55.00000000,818436,818436,1782872466341703,False,True
681986,1.00150000,25.00000000,818437,818437,1782872503537277,False,True
681987,1.00150000,627670.00000000,818438,818564,1782872504292315,False,True
681988,1.00150000,9.00000000,818565,818565,1782872505270014,True,True
681989,1.00150000,9.00000000,818566,818567,1782872505584657,True,True
681990,1.00160000,971361.00000000,818568,818601,1782872530282673,False,True
681991,1.00160000,33767.00000000,818602,818606,1782872531334732,True,True
681992,1.00160000,5404.00000000,818607,818607,1782872531451204,False,True
681993,1.00160000,9.00000000,818608,818608,1782872534292788,False,True
681994,1.00160000,10.00000000,818609,818609,1782872604199457,False,True
681995,1.00160000,6.00000000,818610,818610,1782872618848394,False,True
681996,1.00160000,5.00000000,818611,818611,1782872636980009,False,True
681997,1.00160000,7.00000000,818612,818612,1782872687954385,False,True
681998,1.00160000,40.00000000,818613,818613,1782872790073810,False,True
681999,1.00160000,47.00000000,818614,818614,1782872801778032,False,True
682000,1.00160000,47.00000000,818615,818615,1782872801831250,False,True
682001,1.00160000,40.00000000,818616,818616,1782872801851124,False,True
682002,1.00160000,173.00000000,818617,818617,1782872811486718,False,True
682003,1.00160000,77.00000000,818618,818618,1782872814272046,False,True
682004,1.00160000,30.00000000,818619,818619,1782872820744612,False,True
682005,1.00160000,173.00000000,818620,818620,1782872903828805,False,True
682006,1.00160000,154.00000000,818621,818621,1782872904194994,False,True
682007,1.00160000,77.00000000,818622,818623,1782872904485368,False,True
682008,1.00160000,38.00000000,818624,818624,1782872904832713,False,True
682009,1.00160000,40.00000000,818625,818625,1782872905036598,False,True
682010,1.00160000,19.00000000,818626,818626,1782872905986625,False,True
682011,1.00160000,9.00000000,818627,818627,1782872906510671,False,True
682012,1.00160000,40.00000000,818628,818628,1782872907106571,False,True
682013,1.00160000,40.00000000,818629,818629,1782872909176498,False,True
682014,1.00160000,40.00000000,818630,818630,1782872911246450,False,True
682015,1.00150000,299567.00000000,818631,818642,1782872918567162,True,True
682016,1.00160000,40.00000000,818643,818643,1782872930346277,False,True
682017,1.00160000,43.00000000,818644,818644,1782872930613963,False,True
682018,1.00160000,17.00000000,818645,818645,1782872930824355,False,True
682019,1.00160000,1258.00000000,818646,818646,1782873030713702,False,True
682020,1.00150000,101.00000000,818647,818647,1782873035859540,True,True
682021,1.00160000,21.00000000,818648,818648,1782873050728431,False,True
682022,1.00150000,11.00000000,818649,818649,1782873128949619,True,True
682023,1.00160000,6.00000000,818650,818650,1782873159036123,False,True
682024,1.00160000,499.00000000,818651,818651,1782873170088641,False,True
682025,1.00160000,499.00000000,818652,818652,1782873184909792,False,True
682026,1.00150000,95708.00000000,818653,818655,1782873353153843,True,True
682027,1.00160000,15.00000000,818656,818656,1782873549004174,False,True
682028,1.00160000,1256.00000000,818657,818657,1782873661026502,False,True
682029,1.00160000,40.00000000,818658,818658,1782873771996406,False,True
682030,1.00160000,46.00000000,818659,818659,1782873812113715,False,True
682031,1.00160000,24.00000000,818660,818660,1782873832768933,False,True
682032,1.00160000,8.00000000,818661,818661,1782873834929469,False,True
682033,1.00160000,28.00000000,818662,818662,1782873859379817,False,True
682034,1.00160000,46.00000000,818663,818663,1782873862272636,False,True
682035,1.00160000,50.00000000,818664,818664,1782873862368342,False,True
682036,1.00160000,35.00000000,818665,818665,1782873872899636,False,True
682037,1.00160000,78.00000000,818666,818666,1782873904711666,False,True
682038,1.00160000,46.00000000,818667,818667,1782873905048568,False,True
682039,1.00160000,28.00000000,818668,818668,1782873906714344,False,True
682040,1.00160000,16.00000000,818669,818669,1782873906936072,False,True
682041,1.00160000,10.00000000,818670,818670,1782873907560850,False,True
682042,1.00160000,6.00000000,818671,818671,1782873908055616,False,True
682043,1.00150000,285371.00000000,818672,818694,1782874001000482,True,True
682044,1.00150000,19.00000000,818695,818695,1782874001002429,False,True
682045,1.00150000,9.00000000,818696,818696,1782874003307762,False,True
682046,1.00150000,313.00000000,818697,818697,1782874004750338,False,True
682047,1.00150000,250.00000000,818698,818698,1782874004919316,False,True
682048,1.00150000,200.00000000,818699,818699,1782874007147037,False,True
682049,1.00150000,160.00000000,818700,818700,1782874007291069,False,True
682050,1.00150000,128.00000000,818701,818701,1782874007713273,False,True
682051,1.00150000,102.00000000,818702,818702,1782874009647538,False,True
682052,1.00150000,82.00000000,818703,818703,1782874010016781,False,True
682053,1.00150000,622.00000000,818704,818704,1782874020622594,False,True
682054,1.00140000,11.00000000,818705,818705,1782874028935844,True,True
682055,1.00140000,11.00000000,818706,818706,1782874042413607,True,True
682056,1.00150000,760.00000000,818707,818707,1782874080672885,False,True
682057,1.00150000,315335.00000000,818708,818725,1782874091282437,False,True
682058,1.00150000,9.00000000,818726,818726,1782874092855016,True,True
682059,1.00150000,9.00000000,818727,818727,1782874092857570,True,True
682060,1.00160000,51.00000000,818728,818728,1782874094185495,False,True
682061,1.00160000,65.00000000,818729,818729,1782874094218626,False,True
682062,1.00160000,34.00000000,818730,818730,1782874094243814,False,True
682063,1.00160000,522.00000000,818731,818731,1782874094245735,False,True
682064,1.00160000,65.00000000,818732,818732,1782874094267522,False,True
682065,1.00160000,166.00000000,818733,818733,1782874094368612,False,True
682066,1.00150000,1255.00000000,818734,818737,1782874103830171,True,True
682067,1.00160000,1255.00000000,818738,818738,1782874115213336,False,True
682068,1.00150000,287.00000000,818739,818739,1782874200601596,True,True
682069,1.00160000,243.00000000,818740,818740,1782874252512843,False,True
682070,1.00150000,658.00000000,818741,818741,1782874260645577,True,True
682071,1.00150000,437.00000000,818742,818742,1782874320633334,True,True
682072,1.00160000,22.00000000,818743,818743,1782874371066050,False,True
682073,1.00150000,283204.00000000,818744,818757,1782874419594744,True,True
682074,1.00150000,9.00000000,818758,818758,1782874424344628,False,True
682075,1.00150000,9.00000000,818759,818759,1782874487509465,False,True
682076,1.00150000,106.00000000,818760,818760,1782874491399888,False,True
682077,1.00150000,138.00000000,818761,818761,1782874491417924,False,True
682078,1.00150000,98.00000000,818762,818762,1782874491423007,False,True
682079,1.00140000,16011.00000000,818763,818766,1782874522265343,True,True
682080,1.00150000,61.00000000,818767,818767,1782874567951032,False,True
682081,1.00150000,9.00000000,818768,818768,1782874568196226,False,True
682082,1.00140000,5005.00000000,818769,818769,1782874664842892,True,True
682083,1.00150000,37.00000000,818770,818770,1782874665442425,False,True
682084,1.00150000,49.00000000,818771,818771,1782874700546712,False,True
682085,1.00150000,129.00000000,818772,818772,1782874700710845,False,True
682086,1.00150000,40.00000000,818773,818773,1782874717912100,False,True
682087,1.00150000,149.00000000,818774,818774,1782874718112916,False,True
682088,1.00150000,25.00000000,818775,818775,1782874718509083,False,True
682089,1.00150000,43.00000000,818776,818776,1782874719588260,False,True
682090,1.00150000,40.00000000,818777,818777,1782874719981935,False,True
682091,1.00150000,30.00000000,818778,818778,1782874721767016,False,True
682092,1.00150000,40.00000000,818779,818779,1782874722052106,False,True
682093,1.00150000,76.00000000,818780,818780,1782874722459978,False,True
682094,1.00150000,40.00000000,818781,818781,1782874724122000,False,True
682095,1.00150000,34.00000000,818782,818782,1782874726192199,False,True
682096,1.00150000,1253.00000000,818783,818785,1782874736635450,False,True
682097,1.00150000,433.00000000,818786,818786,1782874980719889,False,True
682098,1.00150000,99.00000000,818787,818787,1782874988634529,False,True
682099,1.00150000,362.00000000,818788,818788,1782875040625736,False,True
682100,1.00140000,40.00000000,818789,818789,1782875093142846,True,True
682101,1.00140000,439.00000000,818790,818790,1782875160633717,True,True
682102,1.00150000,181.00000000,818791,818791,1782875205050147,False,True
682103,1.00150000,10.00000000,818792,818792,1782875206255063,False,True
682104,1.00150000,21.00000000,818793,818793,1782875212826836,False,True
682105,1.00140000,356.00000000,818794,818794,1782875220626755,True,True
682106,1.00150000,10.00000000,818795,818795,1782875220768906,False,True
682107,1.00150000,10.00000000,818796,818796,1782875255158170,False,True
682108,1.00140000,285.00000000,818797,818797,1782875317650318,True,True
682109,1.00140000,7.00000000,818798,818798,1782875346025048,True,True
682110,1.00140000,19.00000000,818799,818799,1782875349369353,True,True
682111,1.00140000,11.00000000,818800,818800,1782875404784192,True,True
682112,1.00150000,84.00000000,818801,818801,1782875520613581,False,True
682113,1.00140000,60.00000000,818802,818802,1782875675059335,True,True
682114,1.00140000,61.00000000,818803,818803,1782875675090892,True,True
682115,1.00140000,36.00000000,818804,818804,1782875684253887,True,True
682116,1.00150000,625.00000000,818805,818805,1782875760678470,False,True
682117,1.00140000,11.00000000,818806,818806,1782875787972891,True,True
682118,1.00140000,11.00000000,818807,818807,1782875788295947,True,True
682119,1.00140000,11.00000000,818808,818808,1782875803250948,True,True
682120,1.00150000,176.00000000,818809,818809,1782875820674684,False,True
682121,1.00150000,7.00000000,818810,818810,1782875835920057,False,True
682122,1.00150000,290.00000000,818811,818811,1782875880650884,False,True
682123,1.00150000,67.00000000,818812,818812,1782875940620095,False,True
682124,1.00150000,266.00000000,818813,818813,1782876000667634,False,True
682125,1.00140000,11.00000000,818814,818814,1782876015199195,True,True
682126,1.00140000,11.00000000,818815,818815,1782876052140256,True,True
682127,1.00140000,64.00000000,818816,818816,1782876085142577,True,True
682128,1.00150000,136.00000000,818817,818817,1782876120627391,False,True
682129,1.00150000,40.00000000,818818,818818,1782876173054269,False,True
682130,1.00150000,180.00000000,818819,818819,1782876360626611,False,True
682131,1.00150000,365.00000000,818820,818820,1782876420621711,False,True
682132,1.00150000,5.00000000,818821,818821,1782876473523280,False,True
682133,1.00150000,55.00000000,818822,818822,1782876480697589,False,True
682134,1.00150000,10.00000000,818823,818823,1782876518389364,False,True
682135,1.00150000,10.00000000,818824,818824,1782876600170306,False,True
682136,1.00140000,429.00000000,818825,818825,1782876600682269,True,True
682137,1.00150000,30.00000000,818826,818826,1782876601309329,False,True
682138,1.00150000,10.00000000,818827,818827,1782876603330730,False,True
682139,1.00150000,8.00000000,818828,818828,1782876605189580,False,True
682140,1.00140000,49998.00000000,818829,818830,1782876616383099,True,True
682141,1.00140000,327.00000000,818831,818831,1782876660677616,True,True
682142,1.00140000,11.00000000,818832,818832,1782876737620920,True,True
682143,1.00150000,582.00000000,818833,818833,1782876984519717,False,True
682144,1.00150000,35.00000000,818834,818834,1782876993085006,False,True
682145,1.00150000,278.00000000,818835,818835,1782876993110813,False,True
682146,1.00150000,124.00000000,818836,818836,1782876993290890,False,True
682147,1.00150000,106.00000000,818837,818837,1782876993753858,False,True
682148,1.00150000,34.00000000,818838,818838,1782876995634685,False,True
682149,1.00150000,5.00000000,818839,818839,1782877002471155,False,True
682150,1.00150000,51.00000000,818840,818840,1782877006549238,False,True
682151,1.00150000,78.00000000,818841,818841,1782877006762885,False,True
682152,1.00150000,21.00000000,818842,818842,1782877007616159,False,True
682153,1.00150000,101.00000000,818843,818843,1782877007835797,False,True
682154,1.00150000,50.00000000,818844,818844,1782877008075745,False,True
682155,1.00150000,86.00000000,818845,818845,1782877008399862,False,True
682156,1.00150000,175.00000000,818846,818846,1782877008609802,False,True
682157,1.00140000,1404.00000000,818847,818847,1782877020782282,True,True
682158,1.00150000,95.00000000,818848,818848,1782877024629969,False,True
682159,1.00150000,11.00000000,818849,818849,1782877026786293,False,True
682160,1.00150000,254.00000000,818850,818850,1782877028523220,False,True
682161,1.00150000,11.00000000,818851,818851,1782877028538423,False,True
682162,1.00150000,267.00000000,818852,818852,1782877028545989,False,True
682163,1.00150000,266.00000000,818853,818853,1782877028550160,False,True
682164,1.00150000,266.00000000,818854,818854,1782877028619396,False,True
682165,1.00150000,11.00000000,818855,818855,1782877028633292,False,True
682166,1.00150000,5.00000000,818856,818856,1782877028642865,False,True
682167,1.00150000,5.00000000,818857,818857,1782877028741074,False,True
682168,1.00150000,5.00000000,818858,818858,1782877028760889,False,True
682169,1.00150000,159.00000000,818859,818859,1782877028790659,False,True
682170,1.00150000,5.00000000,818860,818860,1782877029019108,False,True
682171,1.00150000,5.00000000,818861,818861,1782877029021315,False,True
682172,1.00150000,5.00000000,818862,818862,1782877029123137,False,True
682173,1.00140000,2195.00000000,818863,818863,1782877029661472,True,True
682174,1.00140000,77.00000000,818864,818864,1782877030245019,True,True
682175,1.00140000,1210.00000000,818865,818866,1782877072926465,True,True
682176,1.00140000,499981.00000000,818867,818880,1782877103947571,True,True
682177,1.00140000,15.00000000,818881,818881,1782877141642075,False,True
682178,1.00140000,12.00000000,818882,818882,1782877141646718,False,True
682179,1.00140000,462461.00000000,818883,818897,1782877179281986,False,True
682180,1.00140000,49967.00000000,818898,818901,1782877245161313,True,True
682181,1.00140000,45.00000000,818902,818902,1782877260600674,True,True
682182,1.00140000,399.00000000,818903,818903,1782877336642238,True,True
682183,1.00140000,105305.00000000,818904,818909,1782877780092579,True,True
682184,1.00140000,9.00000000,818910,818910,1782877824659330,True,True
682185,1.00140000,63686.00000000,818911,818915,1782877837472990,True,True
682186,1.00140000,123091.00000000,818916,818920,1782877838328365,False,True
682187,1.00140000,13.00000000,818921,818921,1782877838620237,True,True
682188,1.00150000,292.00000000,818922,818922,1782877888074586,False,True
682189,1.00140000,9.00000000,818923,818923,1782877888076880,True,True
682190,1.00150000,1544.00000000,818924,818924,1782877891248740,False,True
682191,1.00150000,1369.00000000,818925,818925,1782877894906371,False,True
682192,1.00150000,862.00000000,818926,818926,1782877898352518,False,True
682193,1.00150000,519.00000000,818927,818927,1782877900949151,False,True
682194,1.00150000,709.00000000,818928,818928,1782877903619739,False,True
682195,1.00150000,2019.00000000,818929,818929,1782877921331181,False,True
682196,1.00140000,26585.00000000,818930,818933,1782877956342314,True,True
682197,1.00140000,50.00000000,818934,818934,1782877969215412,False,True
682198,1.00140000,567070.00000000,818935,818947,1782877983282207,False,True
682199,1.00150000,23.00000000,818948,818948,1782877997550019,False,True
682200,1.00140000,66.00000000,818949,818949,1782878039895475,True,True
682201,1.00150000,20.00000000,818950,818950,1782878044072300,False,True
682202,1.00150000,116.00000000,818951,818951,1782878076718518,False,True
682203,1.00150000,6.00000000,818952,818952,1782878077285984,False,True
682204,1.00150000,50.00000000,818953,818953,1782878119232461,False,True
682205,1.00150000,13.00000000,818954,818954,1782878131648073,False,True
682206,1.00140000,11.00000000,818955,818955,1782878286880535,True,True
682207,1.00140000,1262.00000000,818956,818957,1782878416381486,True,True
682208,1.00150000,6.00000000,818958,818958,1782878419226546,False,True
682209,1.00140000,1846.00000000,818959,818959,1782878424773181,True,True
682210,1.00140000,11.00000000,818960,818960,1782878429047832,True,True
682211,1.00140000,11.00000000,818961,818961,1782878442224566,True,True
682212,1.00140000,7.00000000,818962,818962,1782878456024862,True,True
682213,1.00140000,2342.00000000,818963,818964,1782878459772935,True,True
682214,1.00140000,75.00000000,818965,818965,1782878474622599,True,True
682215,1.00140000,2194.00000000,818966,818966,1782878484773904,True,True
682216,1.00140000,1381.00000000,818967,818967,1782878519773245,True,True
682217,1.00140000,11.00000000,818968,818968,1782878523505387,True,True
682218,1.00140000,832.00000000,818969,818969,1782878529083804,True,True
682219,1.00140000,92.00000000,818970,818970,1782878533014678,True,True
682220,1.00140000,11.00000000,818971,818971,1782878533744787,True,True
682221,1.00140000,62.00000000,818972,818972,1782878535172602,True,True
682222,1.00140000,52.00000000,818973,818973,1782878537276830,True,True
682223,1.00140000,99998.00000000,818974,818980,1782878537465390,True,True
682224,1.00140000,300.00000000,818981,818981,1782878538366360,True,True
682225,1.00140000,2237.00000000,818982,818982,1782878544773248,True,True
682226,1.00150000,79.00000000,818983,818983,1782878684623341,False,True
682227,1.00150000,5.00000000,818984,818984,1782878747545376,False,True
682228,1.00140000,7.00000000,818985,818985,1782878833119654,True,True
682229,1.00150000,9.00000000,818986,818986,1782878907287532,False,True
682230,1.00150000,78.00000000,818987,818987,1782878994924284,False,True
682231,1.00150000,249.00000000,818988,818988,1782878994947842,False,True
682232,1.00150000,1223.00000000,818989,818989,1782879043773493,False,True
682233,1.00150000,682.00000000,818990,818990,1782879043865998,False,True
682234,1.00150000,99.00000000,818991,818991,1782879124428057,False,True
682235,1.00150000,96.00000000,818992,818992,1782879126482082,False,True
682236,1.00150000,77.00000000,818993,818993,1782879128589416,False,True
682237,1.00150000,51.00000000,818994,818994,1782879130644625,False,True
682238,1.00140000,99998.00000000,818995,819000,1782879151675961,True,True
682239,1.00140000,127.00000000,819001,819001,1782879312764326,True,True
682240,1.00140000,47.00000000,819002,819002,1782879326836419,True,True
682241,1.00140000,43.00000000,819003,819003,1782879329125907,True,True
682242,1.00140000,36.00000000,819004,819004,1782879331680766,True,True
682243,1.00140000,79.00000000,819005,819005,1782879432838835,True,True
682244,1.00140000,599945.00000000,819006,819008,1782879619836331,True,True
682245,1.00140000,9.00000000,819009,819009,1782879619840557,False,True
682246,1.00140000,775729.00000000,819010,819024,1782879771282151,False,True
682247,1.00140000,153.00000000,819025,819025,1782879787277795,True,True
682248,1.00140000,35.00000000,819026,819026,1782879787370489,True,True
682249,1.00140000,74.00000000,819027,819027,1782879893910705,True,True
682250,1.00140000,283.00000000,819028,819028,1782879898468745,True,True
682251,1.00150000,5600.00000000,819029,819029,1782880100694610,False,True
682252,1.00140000,29999.00000000,819030,819032,1782880185986223,True,True
682253,1.00150000,140.00000000,819033,819033,1782880249297461,False,True
682254,1.00150000,7.00000000,819034,819034,1782880286650931,False,True
682255,1.00150000,5.00000000,819035,819035,1782880294939562,False,True
682256,1.00140000,1262.00000000,819036,819036,1782880322236655,True,True
682257,1.00150000,9.00000000,819037,819037,1782881149689744,False,True
682258,1.00140000,9.00000000,819038,819038,1782881150599652,True,True
682259,1.00140000,1264.00000000,819039,819039,1782881160138382,True,True
682260,1.00140000,990.00000000,819040,819040,1782881179653138,True,True
682261,1.00140000,29997.00000000,819041,819043,1782881545951921,True,True
682262,1.00140000,11.00000000,819044,819044,1782881605004868,True,True
682263,1.00140000,486.00000000,819045,819045,1782881696621857,True,True
682264,1.00140000,19.00000000,819046,819046,1782881871300070,True,True
682265,1.00140000,71.00000000,819047,819047,1782882125891791,True,True
682266,1.00140000,66.00000000,819048,819048,1782882127999649,True,True
682267,1.00140000,64.00000000,819049,819049,1782882130103569,True,True
682268,1.00140000,50.00000000,819050,819050,1782882175405479,True,True
682269,1.00150000,7.00000000,819051,819051,1782882177691464,False,True
682270,1.00150000,138.00000000,819052,819052,1782882181884276,False,True
682271,1.00150000,117.00000000,819053,819053,1782882183792015,False,True
682272,1.00140000,9.00000000,819054,819054,1782882183794391,True,True
682273,1.00150000,7.00000000,819055,819055,1782882184611485,False,True
682274,1.00150000,29.00000000,819056,819056,1782882185421282,False,True
682275,1.00150000,10.00000000,819057,819057,1782882185657094,False,True
682276,1.00150000,47.00000000,819058,819058,1782882185966898,False,True
682277,1.00150000,95.00000000,819059,819059,1782882186391297,False,True
682278,1.00150000,64.00000000,819060,819060,1782882365301743,False,True
682279,1.00150000,38.00000000,819061,819061,1782882548343366,False,True
682280,1.00140000,11.00000000,819062,819062,1782882581270711,True,True
682281,1.00140000,11.00000000,819063,819063,1782882588780754,True,True
682282,1.00140000,7.00000000,819064,819064,1782882632951090,True,True
682283,1.00140000,11.00000000,819065,819065,1782882641083941,True,True
682284,1.00150000,31.00000000,819066,819066,1782882646036619,False,True
682285,1.00140000,95.00000000,819067,819067,1782882700224518,True,True
682286,1.00140000,87.00000000,819068,819068,1782882702339761,True,True
682287,1.00140000,80.00000000,819069,819069,1782882704440982,True,True
682288,1.00140000,62.00000000,819070,819070,1782882706550913,True,True
682289,1.00150000,31.00000000,819071,819071,1782882775852178,False,True
682290,1.00150000,31.00000000,819072,819072,1782882776242945,False,True
682291,1.00150000,79.00000000,819073,819073,1782882776543212,False,True
682292,1.00150000,47.00000000,819074,819074,1782882776755778,False,True
682293,1.00150000,29.00000000,819075,819075,1782882781006641,False,True
682294,1.00150000,47.00000000,819076,819076,1782882781704801,False,True
682295,1.00150000,56.00000000,819077,819077,1782882783567228,False,True
682296,1.00150000,27.00000000,819078,819078,1782882844747929,False,True
682297,1.00150000,29.00000000,819079,819079,1782882950247066,False,True
682298,1.00150000,55.00000000,819080,819080,1782882950931310,False,True
682299,1.00150000,43.00000000,819081,819081,1782882967857339,False,True
682300,1.00150000,28.00000000,819082,819082,1782882968139254,False,True
682301,1.00150000,53.00000000,819083,819083,1782882968371775,False,True
682302,1.00150000,27.00000000,819084,819084,1782882972294783,False,True
682303,1.00150000,29.00000000,819085,819085,1782883090683442,False,True
682304,1.00150000,35.00000000,819086,819086,1782883091170949,False,True
682305,1.00150000,61.00000000,819087,819087,1782883091836594,False,True
682306,1.00150000,62.00000000,819088,819088,1782883092030191,False,True
682307,1.00150000,78.00000000,819089,819089,1782883092857268,False,True
682308,1.00150000,78.00000000,819090,819090,1782883095650664,False,True
682309,1.00150000,34.00000000,819091,819091,1782883096174374,False,True
682310,1.00150000,77.00000000,819092,819092,1782883103135960,False,True
682311,1.00150000,27.00000000,819093,819093,1782883103486189,False,True
682312,1.00150000,36.00000000,819094,819094,1782883109291316,False,True
682313,1.00150000,60.00000000,819095,819095,1782883109894769,False,True
682314,1.00150000,179.00000000,819096,819096,1782883110160571,False,True
682315,1.00150000,63.00000000,819097,819097,1782883112344164,False,True
682316,1.00150000,7.00000000,819098,819098,1782883112611715,False,True
682317,1.00150000,7.00000000,819099,819099,1782883112856113,False,True
682318,1.00150000,21.00000000,819100,819100,1782883113491632,False,True
682319,1.00150000,11.00000000,819101,819101,1782883113791195,False,True
682320,1.00150000,117.00000000,819102,819102,1782883114097482,False,True
682321,1.00150000,78.00000000,819103,819103,1782883114401658,False,True
682322,1.00150000,41.00000000,819104,819104,1782883115312967,False,True
682323,1.00150000,149.00000000,819105,819105,1782883116281518,False,True
682324,1.00150000,47.00000000,819106,819106,1782883117859557,False,True
682325,1.00150000,47.00000000,819107,819107,1782883118142278,False,True
682326,1.00150000,27.00000000,819108,819108,1782883118354199,False,True
682327,1.00150000,15.00000000,819109,819109,1782883119239127,False,True
682328,1.00150000,63.00000000,819110,819110,1782883119705203,False,True
682329,1.00150000,6.00000000,819111,819111,1782883120947121,False,True
682330,1.00150000,39.00000000,819112,819112,1782883133049650,False,True
682331,1.00140000,11.00000000,819113,819113,1782883271226587,True,True
682332,1.00140000,11.00000000,819114,819114,1782883274996070,True,True
682333,1.00140000,5.00000000,819115,819115,1782883294610830,True,True
682334,1.00140000,7.00000000,819116,819116,1782883296034060,True,True
682335,1.00140000,47.00000000,819117,819117,1782883351238639,True,True
682336,1.00140000,7.00000000,819118,819118,1782883358021562,True,True
682337,1.00140000,145.00000000,819119,819119,1782883395791781,True,True
682338,1.00150000,178.00000000,819120,819120,1782883502623749,False,True
682339,1.00150000,598.00000000,819121,819121,1782883535048212,False,True
682340,1.00140000,299590.00000000,819122,819135,1782883538480123,True,True
682341,1.00150000,279.00000000,819136,819136,1782883620643724,False,True
682342,1.00150000,575.00000000,819137,819137,1782883680681783,False,True
682343,1.00150000,573.00000000,819138,819138,1782883740636671,False,True
682344,1.00150000,15.00000000,819139,819139,1782883755136266,False,True
682345,1.00130000,18.00000000,819140,819140,1782883807312611,True,True
682346,1.00130000,7.00000000,819141,819141,1782883808594802,True,True
682347,1.00130000,17.00000000,819142,819142,1782883808989362,True,True
682348,1.00130000,17.00000000,819143,819143,1782883809639103,True,True
682349,1.00150000,41.00000000,819144,819144,1782883863461884,False,True
682350,1.00140000,48.00000000,819145,819145,1782884293802488,True,True
682351,1.00150000,50.00000000,819146,819146,1782884339506679,False,True
682352,1.00150000,63.00000000,819147,819147,1782884339804363,False,True
682353,1.00140000,962.00000000,819148,819149,1782884340643327,True,True
682354,1.00150000,50.00000000,819150,819150,1782884340803209,False,True
682355,1.00150000,40.00000000,819151,819151,1782884342099385,False,True
682356,1.00150000,123.00000000,819152,819152,1782884400665076,False,True
682357,1.00130000,6.00000000,819153,819153,1782884405951568,True,True
682358,1.00150000,52.00000000,819154,819154,1782884580627838,False,True
682359,1.00140000,607.00000000,819155,819155,1782884700715067,True,True
682360,1.00140000,132.00000000,819156,819156,1782884813956656,True,True
682361,1.00140000,132.00000000,819157,819157,1782884813977171,True,True
682362,1.00150000,505.00000000,819158,819158,1782884859736888,False,True
682363,1.00140000,33.00000000,819159,819159,1782884880640923,True,True
682364,1.00140000,87.00000000,819160,819160,1782885202320401,True,True
682365,1.00140000,10001.00000000,819161,819161,1782885251463799,True,True
682366,1.00140000,35.00000000,819162,819162,1782885620116196,True,True
682367,1.00140000,68.00000000,819163,819164,1782885679292375,True,True
682368,1.00140000,48.00000000,819165,819165,1782885691102165,True,True
682369,1.00140000,48.00000000,819166,819168,1782885691271520,True,True
682370,1.00130000,29.00000000,819169,819169,1782885701688494,True,True
682371,1.00150000,23.00000000,819170,819170,1782886080675681,False,True
682372,1.00150000,16.00000000,819171,819171,1782886430336087,False,True
682373,1.00150000,4003.00000000,819172,819172,1782886604702615,False,True
682374,1.00150000,295.00000000,819173,819173,1782886620671298,False,True
682375,1.00150000,7.00000000,819174,819174,1782886639319693,False,True
682376,1.00150000,9.00000000,819175,819175,1782886666290358,False,True
682377,1.00150000,45.00000000,819176,819176,1782886672647471,False,True
682378,1.00140000,9.00000000,819177,819177,1782886673601416,True,True
682379,1.00140000,318.00000000,819178,819179,1782886680623904,True,True
682380,1.00140000,117.00000000,819180,819181,1782886821724808,True,True
682381,1.00130000,11.00000000,819182,819182,1782886822371027,True,True
682382,1.00130000,71.00000000,819183,819183,1782886822465591,True,True
682383,1.00130000,89.00000000,819184,819184,1782886822558665,True,True
682384,1.00130000,79.00000000,819185,819185,1782886822615921,True,True
682385,1.00130000,11.00000000,819186,819186,1782886823147666,True,True
682386,1.00130000,45.00000000,819187,819187,1782886823889170,True,True
682387,1.00140000,36.00000000,819188,819188,1782886830369792,True,True
682388,1.00150000,12.00000000,819189,819189,1782886858705751,False,True
682389,1.00150000,132.00000000,819190,819190,1782886889604097,False,True
682390,1.00150000,221.00000000,819191,819191,1782886893325549,False,True
682391,1.00150000,221.00000000,819192,819192,1782886895663872,False,True
682392,1.00150000,122.00000000,819193,819193,1782886898770737,False,True
682393,1.00150000,399.00000000,819194,819194,1782886906802758,False,True
682394,1.00150000,332.00000000,819195,819195,1782886909961925,False,True
682395,1.00140000,38.00000000,819196,819196,1782886920030518,True,True
682396,1.00140000,36.00000000,819197,819197,1782886930149570,True,True
682397,1.00140000,301148.00000000,819198,819198,1782886944438391,True,True
682398,1.00130000,74.00000000,819199,819199,1782886953055946,True,True
682399,1.00140000,944.00000000,819200,819200,1782887100672506,False,True
682400,1.00140000,928.00000000,819201,819203,1782887220625243,False,True
682401,1.00140000,1038.00000000,819204,819204,1782887280636046,False,True
682402,1.00130000,5014.00000000,819205,819208,1782887453468984,True,True
682403,1.00140000,879.00000000,819209,819209,1782887460606662,False,True
682404,1.00140000,789.00000000,819210,819210,1782887580616461,False,True
682405,1.00140000,404.00000000,819211,819211,1782887640639534,False,True
682406,1.00140000,1003.00000000,819212,819212,1782887652847414,False,True
682407,1.00130000,55.00000000,819213,819213,1782887672781379,True,True
682408,1.00130000,3589.00000000,819214,819214,1782887672830146,True,True
682409,1.00130000,35.00000000,819215,819215,1782887672840674,True,True
682410,1.00130000,840.00000000,819216,819216,1782887672870268,True,True
682411,1.00130000,87.00000000,819217,819217,1782887749226209,True,True
682412,1.00130000,996.00000000,819218,819218,1782887749226262,True,True
682413,1.00130000,22345.00000000,819219,819219,1782887749226273,True,True
682414,1.00130000,28.00000000,819220,819220,1782887749226729,True,True
682415,1.00130000,19.00000000,819221,819221,1782887749226745,True,True
682416,1.00130000,87.00000000,819222,819222,1782887749226923,True,True
682417,1.00130000,87.00000000,819223,819223,1782887749226950,True,True
682418,1.00130000,98.00000000,819224,819224,1782887749227166,True,True
682419,1.00130000,87.00000000,819225,819225,1782887749227167,True,True
682420,1.00130000,87.00000000,819226,819226,1782887749227175,True,True
682421,1.00130000,87.00000000,819227,819227,1782887749227187,True,True
682422,1.00130000,87.00000000,819228,819228,1782887749227208,True,True
682423,1.00130000,21929.00000000,819229,819234,1782887749227262,True,True
682424,1.00130000,20.00000000,819235,819235,1782887749227372,True,True
682425,1.00130000,87.00000000,819236,819236,1782887749227667,True,True
682426,1.00130000,87.00000000,819237,819237,1782887749227718,True,True
682427,1.00130000,98.00000000,819238,819238,1782887749227763,True,True
682428,1.00130000,18.00000000,819239,819239,1782887749229654,True,True
682429,1.00130000,22.00000000,819240,819240,1782887749230031,True,True
682430,1.00140000,1382.00000000,819241,819241,1782887760672919,False,True
682431,1.00130000,87.00000000,819242,819242,1782887769702119,True,True
682432,1.00130000,57.00000000,819243,819243,1782887769747339,True,True
682433,1.00130000,325.00000000,819244,819244,1782887769827432,True,True
682434,1.00130000,325.00000000,819245,819245,1782887769843318,True,True
682435,1.00130000,325.00000000,819246,819246,1782887769897812,True,True
682436,1.00130000,308.00000000,819247,819247,1782887769976236,True,True
682437,1.00130000,308.00000000,819248,819248,1782887770044014,True,True
682438,1.00130000,9.00000000,819249,819249,1782887776029217,True,True
682439,1.00130000,41.00000000,819250,819250,1782887778958454,True,True
682440,1.00130000,23.00000000,819251,819251,1782887779003670,True,True
682441,1.00130000,18.00000000,819252,819252,1782887784545147,True,True
682442,1.00140000,9.00000000,819253,819253,1782887831508407,False,True
682443,1.00130000,11.00000000,819254,819254,1782887840692350,True,True
682444,1.00130000,25.00000000,819255,819255,1782887848826979,True,True
682445,1.00130000,11.00000000,819256,819256,1782887862745708,True,True
682446,1.00130000,49.00000000,819257,819257,1782887864492274,True,True
682447,1.00130000,34.00000000,819258,819258,1782887867339319,True,True
682448,1.00130000,13.00000000,819259,819259,1782887872163611,True,True
682449,1.00130000,19.00000000,819260,819260,1782887876204355,True,True
682450,1.00130000,87.00000000,819261,819261,1782887882100793,True,True
682451,1.00130000,87.00000000,819262,819262,1782887882100818,True,True
682452,1.00130000,743.00000000,819263,819263,1782887882100846,True,True
682453,1.00130000,87.00000000,819264,819264,1782887882100908,True,True
682454,1.00130000,87.00000000,819265,819265,1782887882100972,True,True
682455,1.00130000,87.00000000,819266,819266,1782887882102688,True,True
682456,1.00130000,743.00000000,819267,819267,1782887882102724,True,True
682457,1.00130000,743.00000000,819268,819268,1782887882102740,True,True
682458,1.00130000,87.00000000,819269,819269,1782887882102760,True,True
682459,1.00130000,87.00000000,819270,819270,1782887882102762,True,True
682460,1.00130000,18.00000000,819271,819271,1782887882103562,True,True
682461,1.00130000,743.00000000,819272,819272,1782887882104229,True,True
682462,1.00130000,743.00000000,819273,819274,1782887882104257,True,True
682463,1.00130000,744.00000000,819275,819275,1782887882104261,True,True
682464,1.00130000,744.00000000,819276,819276,1782887882104280,True,True
682465,1.00130000,743.00000000,819277,819277,1782887882104294,True,True
682466,1.00130000,743.00000000,819278,819278,1782887882104301,True,True
682467,1.00130000,87.00000000,819279,819279,1782887882104315,True,True
682468,1.00130000,743.00000000,819280,819280,1782887882104335,True,True
682469,1.00130000,87.00000000,819281,819281,1782887882104358,True,True
682470,1.00130000,743.00000000,819282,819282,1782887882104359,True,True
682471,1.00130000,87.00000000,819283,819283,1782887882104487,True,True
682472,1.00130000,99.00000000,819284,819284,1782887882105444,True,True
682473,1.00130000,20.00000000,819285,819285,1782887882105497,True,True
682474,1.00130000,22.00000000,819286,819286,1782887882105942,True,True
682475,1.00130000,87.00000000,819287,819287,1782887882106097,True,True
682476,1.00130000,87.00000000,819288,819288,1782887882107474,True,True
682477,1.00130000,312.00000000,819289,819289,1782887882121069,True,True
682478,1.00130000,1597.00000000,819290,819290,1782887882122930,True,True
682479,1.00130000,231.00000000,819291,819291,1782887882141246,True,True
682480,1.00130000,761.00000000,819292,819292,1782887882185022,True,True
682481,1.00130000,1983.00000000,819293,819293,1782887882193902,True,True
682482,1.00130000,268.00000000,819294,819294,1782887882323745,True,True
682483,1.00130000,6.00000000,819295,819295,1782887882509497,True,True
682484,1.00130000,19.00000000,819296,819296,1782887882745598,True,True
682485,1.00130000,8.00000000,819297,819297,1782887911805073,True,True
682486,1.00130000,42.00000000,819298,819298,1782887919951797,True,True
682487,1.00140000,3155.00000000,819299,819299,1782887940699151,False,True
682488,1.00140000,9.00000000,819300,819300,1782887941809738,False,True
682489,1.00140000,219123.00000000,819301,819332,1782887983283870,False,True
682490,1.00140000,19.00000000,819333,819333,1782887992546161,True,True
682491,1.00140000,87.00000000,819334,819334,1782887992578671,True,True
682492,1.00140000,2277.00000000,819335,819335,1782887992770298,True,True
682493,1.00140000,87.00000000,819336,819336,1782887994268103,True,True
682494,1.00150000,1366.00000000,819337,819337,1782888000687052,False,True
682495,1.00140000,10.00000000,819338,819338,1782888021066858,True,True
682496,1.00150000,135.00000000,819339,819339,1782888060646074,False,True
682497,1.00140000,11.00000000,819340,819340,1782888070020312,True,True
682498,1.00140000,19.00000000,819341,819341,1782888078124743,True,True
682499,1.00140000,61.00000000,819342,819342,1782888079486029,True,True
682500,1.00140000,22.00000000,819343,819343,1782888080297199,True,True
682501,1.00140000,20.00000000,819344,819344,1782888080297237,True,True
682502,1.00140000,28.00000000,819345,819345,1782888080297478,True,True
682503,1.00140000,18.00000000,819346,819346,1782888080297565,True,True
682504,1.00140000,87.00000000,819347,819347,1782888080318044,True,True
682505,1.00140000,9177.00000000,819348,819348,1782888080679264,True,True
682506,1.00140000,18.00000000,819349,819349,1782888081068865,True,True
682507,1.00140000,49.00000000,819350,819350,1782888097969676,True,True
682508,1.00140000,49.00000000,819351,819351,1782888098009658,True,True
682509,1.00150000,11.00000000,819352,819352,1782888253621947,False,True
682510,1.00140000,42.00000000,819353,819353,1782888370572681,True,True
682511,1.00140000,26.00000000,819354,819354,1782888371034797,True,True
682512,1.00140000,75.00000000,819355,819355,1782888371333263,True,True
682513,1.00140000,45.00000000,819356,819356,1782888450296536,True,True
682514,1.00140000,45.00000000,819357,819357,1782888450315877,True,True
682515,1.00150000,9.00000000,819358,819358,1782888818616883,False,True
682516,1.00140000,99998.00000000,819359,819359,1782888939778441,True,True
682517,1.00140000,33574.00000000,819360,819363,1782888946325694,True,True
682518,1.00140000,399.00000000,819364,819364,1782889154418992,True,True
682519,1.00140000,304.00000000,819365,819365,1782889154590284,True,True
682520,1.00140000,60.00000000,819366,819366,1782889165099880,True,True
682521,1.00140000,60.00000000,819367,819367,1782889176183396,True,True
682522,1.00140000,60.00000000,819368,819368,1782889176187528,True,True
682523,1.00150000,21.00000000,819369,819369,1782889240527133,False,True
682524,1.00140000,277.00000000,819370,819370,1782889257223298,True,True
682525,1.00140000,45.00000000,819371,819371,1782889277074054,True,True
682526,1.00140000,60.00000000,819372,819372,1782889302288616,True,True
682527,1.00140000,11.00000000,819373,819373,1782889321756815,True,True
682528,1.00140000,82.00000000,819374,819374,1782889327297816,True,True
682529,1.00140000,80.00000000,819375,819375,1782889329444127,True,True
682530,1.00140000,48.00000000,819376,819376,1782889331500167,True,True
682531,1.00150000,50.00000000,819377,819377,1782889342960978,False,True
682532,1.00140000,81.00000000,819378,819378,1782889365183953,True,True
682533,1.00140000,9.00000000,819379,819379,1782889395714462,True,True
682534,1.00140000,68.00000000,819380,819380,1782889411263436,True,True
682535,1.00140000,41.00000000,819381,819381,1782889413796530,True,True
682536,1.00140000,81.00000000,819382,819382,1782889500709686,True,True
682537,1.00140000,42.00000000,819383,819383,1782889507230021,True,True
682538,1.00140000,104.00000000,819384,819384,1782889507314168,True,True
682539,1.00140000,325.00000000,819385,819385,1782889522632431,True,True
682540,1.00140000,36.00000000,819386,819386,1782889522691136,True,True
682541,1.00140000,74.00000000,819387,819387,1782889523201669,True,True
682542,1.00140000,115.00000000,819388,819388,1782889523207180,True,True
682543,1.00140000,141.00000000,819389,819389,1782889523576908,True,True
682544,1.00140000,140.00000000,819390,819390,1782889523809261,True,True
682545,1.00140000,231.00000000,819391,819391,1782889523844969,True,True
682546,1.00140000,157.00000000,819392,819392,1782889524732582,True,True
682547,1.00140000,125.00000000,819393,819393,1782889526255575,True,True
682548,1.00140000,53.00000000,819394,819394,1782889526311571,True,True
682549,1.00140000,118.00000000,819395,819395,1782889526371284,True,True
682550,1.00140000,56.00000000,819396,819396,1782889527812114,True,True
682551,1.00140000,54.00000000,819397,819397,1782889530258500,True,True
682552,1.00140000,43.00000000,819398,819398,1782889531374868,True,True
682553,1.00140000,35.00000000,819399,819399,1782889566711842,True,True
682554,1.00140000,11.00000000,819400,819400,1782889596545520,True,True
682555,1.00140000,11.00000000,819401,819401,1782889604520421,True,True
682556,1.00150000,15.00000000,819402,819402,1782889609011691,False,True
682557,1.00140000,11.00000000,819403,819403,1782889682796176,True,True
682558,1.00140000,12.00000000,819404,819404,1782889695108880,True,True
682559,1.00140000,19.00000000,819405,819405,1782889811285457,True,True
682560,1.00140000,122.00000000,819406,819406,1782889811395422,True,True
682561,1.00140000,24.00000000,819407,819407,1782889850127564,True,True
682562,1.00140000,11.00000000,819408,819408,1782889997971181,True,True
682563,1.00140000,85.00000000,819409,819409,1782889999536763,True,True
682564,1.00140000,9.00000000,819410,819410,1782890183276645,True,True
682565,1.00140000,11.00000000,819411,819411,1782890295945293,True,True
682566,1.00140000,11.00000000,819412,819412,1782890297496943,True,True
682567,1.00150000,10.00000000,819413,819413,1782890306800943,False,True
682568,1.00150000,2886.00000000,819414,819414,1782890342132853,False,True
682569,1.00140000,101588.00000000,819415,819438,1782890734622358,True,True
682570,1.00140000,9.00000000,819439,819439,1782890734624674,True,True
682571,1.00140000,9.00000000,819440,819440,1782890903871087,False,True
682572,1.00140000,9.00000000,819441,819441,1782890903873774,False,True
682573,1.00130000,11.00000000,819442,819442,1782890924171235,True,True
682574,1.00130000,11.00000000,819443,819443,1782890999920998,True,True
682575,1.00130000,11.00000000,819444,819444,1782891001383395,True,True
682576,1.00130000,11.00000000,819445,819445,1782891006635099,True,True
682577,1.00130000,11.00000000,819446,819446,1782891011470737,True,True
682578,1.00130000,88.00000000,819447,819447,1782891012473129,True,True
682579,1.00130000,1065.00000000,819448,819448,1782891021316705,True,True
682580,1.00130000,11.00000000,819449,819449,1782891022034097,True,True
682581,1.00130000,10.00000000,819450,819450,1782891051039452,True,True
682582,1.00140000,10.00000000,819451,819451,1782891053778236,False,True
682583,1.00140000,1003.00000000,819452,819452,1782891189709024,False,True
682584,1.00140000,2600.00000000,819453,819453,1782891235936345,False,True
682585,1.00140000,100.00000000,819454,819454,1782891257432095,False,True
682586,1.00140000,101.00000000,819455,819455,1782891292020800,False,True
682587,1.00140000,9.00000000,819456,819456,1782891514446310,False,True
682588,1.00130000,44.00000000,819457,819457,1782891589383002,True,True
682589,1.00130000,285209.00000000,819458,819486,1782891708295845,True,True
682590,1.00120000,925.00000000,819487,819487,1782891715015426,True,True
682591,1.00130000,801377.00000000,819488,819505,1782891754291682,False,True
682592,1.00130000,250.00000000,819506,819508,1782891807404495,True,True
682593,1.00130000,115.00000000,819509,819509,1782891807472475,True,True
682594,1.00130000,58.00000000,819510,819510,1782891807512078,True,True
682595,1.00140000,201.00000000,819511,819511,1782891896905764,False,True
682596,1.00130000,11.00000000,819512,819512,1782891925484244,True,True
682597,1.00140000,94.00000000,819513,819513,1782891967846434,False,True
682598,1.00130000,9.00000000,819514,819514,1782892085277540,True,True
682599,1.00140000,36.00000000,819515,819515,1782892117800485,False,True
682600,1.00140000,101.00000000,819516,819516,1782892186157711,False,True
682601,1.00140000,62.00000000,819517,819517,1782892207263390,False,True
682602,1.00140000,3000.00000000,819518,819519,1782892268389321,False,True
682603,1.00140000,43601.00000000,819520,819520,1782892285418394,False,True
682604,1.00130000,11.00000000,819521,819521,1782892301270465,True,True
682605,1.00130000,303.00000000,819522,819522,1782892305232249,True,True
682606,1.00130000,51.00000000,819523,819523,1782892305241843,True,True
682607,1.00130000,256.00000000,819524,819524,1782892305388173,True,True
682608,1.00130000,181.00000000,819525,819525,1782892308926792,True,True
682609,1.00140000,1027.00000000,819526,819527,1782892455061514,False,True
682610,1.00130000,24.00000000,819528,819528,1782892458915053,True,True
682611,1.00140000,5017.00000000,819529,819531,1782892516068743,False,True
682612,1.00130000,8.00000000,819532,819532,1782892669888315,True,True
682613,1.00140000,199.00000000,819533,819533,1782892683458595,False,True
682614,1.00130000,148.00000000,819534,819534,1782892829740390,True,True
682615,1.00140000,596.00000000,819535,819535,1782892837802435,False,True
682616,1.00130000,15.00000000,819536,819536,1782892850596698,True,True
682617,1.00130000,24.00000000,819537,819537,1782892850606536,True,True
682618,1.00130000,118.00000000,819538,819538,1782892876989881,True,True
682619,1.00130000,78.00000000,819539,819539,1782892877602578,True,True
682620,1.00130000,64.00000000,819540,819540,1782892879559590,True,True
682621,1.00130000,11.00000000,819541,819541,1782892894570882,True,True
682622,1.00130000,65.00000000,819542,819542,1782892894656255,True,True
682623,1.00130000,52.00000000,819543,819543,1782892895880960,True,True
682624,1.00130000,42.00000000,819544,819544,1782892897472276,True,True
682625,1.00130000,11.00000000,819545,819545,1782892925678763,True,True
682626,1.00130000,114.00000000,819546,819546,1782892939174765,True,True
682627,1.00130000,11.00000000,819547,819547,1782892941146648,True,True
682628,1.00130000,71.00000000,819548,819548,1782892941284311,True,True
682629,1.00130000,19.00000000,819549,819549,1782892943349795,True,True
682630,1.00130000,417705.00000000,819550,819569,1782892966295312,True,True
682631,1.00130000,70.00000000,819570,819570,1782892985042185,False,True
682632,1.00130000,42.00000000,819571,819571,1782892985092546,False,True
682633,1.00130000,56.00000000,819572,819572,1782892985196059,False,True
682634,1.00130000,14.00000000,819573,819573,1782893019592879,False,True
682635,1.00130000,54.00000000,819574,819574,1782893054657633,False,True
682636,1.00130000,41.00000000,819575,819575,1782893059418316,False,True
682637,1.00130000,41.00000000,819576,819576,1782893059481862,False,True
682638,1.00130000,499.00000000,819577,819577,1782893065405146,False,True
682639,1.00130000,5.00000000,819578,819578,1782893317570787,False,True
682640,1.00120000,11.00000000,819579,819579,1782893341925374,True,True
682641,1.00130000,95.00000000,819580,819580,1782893379933041,False,True
682642,1.00130000,42.00000000,819581,819581,1782893379960903,False,True
682643,1.00130000,80.00000000,819582,819584,1782893436730585,False,True
682644,1.00130000,12.00000000,819585,819585,1782893436941719,False,True
682645,1.00130000,177.00000000,819586,819586,1782893464150839,False,True
682646,1.00130000,55.00000000,819587,819587,1782893531505058,False,True
682647,1.00120000,725.00000000,819588,819588,1782893561006532,True,True
682648,1.00120000,591.00000000,819589,819589,1782893567508526,True,True
682649,1.00120000,5000.00000000,819590,819590,1782893699621912,True,True
682650,1.00120000,11.00000000,819591,819591,1782893705133957,True,True
682651,1.00130000,56.00000000,819592,819592,1782893728769387,False,True
682652,1.00130000,56.00000000,819593,819593,1782893728789315,False,True
682653,1.00130000,60.00000000,819594,819594,1782893764662729,False,True
682654,1.00120000,11.00000000,819595,819595,1782893827635966,True,True
682655,1.00120000,499.00000000,819596,819596,1782893831311268,True,True
682656,1.00120000,1000.00000000,819597,819597,1782893923803112,True,True
682657,1.00130000,48.00000000,819598,819598,1782893948256797,False,True
682658,1.00130000,42.00000000,819599,819599,1782893948261482,False,True
682659,1.00130000,90.00000000,819600,819600,1782893951455301,False,True
682660,1.00130000,37.00000000,819601,819601,1782893956817828,False,True
682661,1.00120000,11.00000000,819602,819602,1782894003720980,True,True
682662,1.00130000,100.00000000,819603,819603,1782894011373149,False,True
682663,1.00120000,12.00000000,819604,819604,1782894050193345,True,True
682664,1.00130000,37.00000000,819605,819605,1782894054509076,False,True
682665,1.00130000,11.00000000,819606,819606,1782894096879667,False,True
682666,1.00120000,11.00000000,819607,819607,1782894113376852,True,True
682667,1.00120000,11.00000000,819608,819608,1782894116770591,True,True
682668,1.00120000,11.00000000,819609,819609,1782894120421172,True,True
682669,1.00130000,46.00000000,819610,819610,1782894155880055,False,True
682670,1.00130000,35.00000000,819611,819611,1782894165299630,False,True
682671,1.00130000,43.00000000,819612,819612,1782894241065088,False,True
682672,1.00130000,37.00000000,819613,819613,1782894295538016,False,True
682673,1.00120000,158.00000000,819614,819614,1782894464164209,True,True
682674,1.00120000,112.00000000,819615,819615,1782894482218426,True,True
682675,1.00120000,93.00000000,819616,819616,1782894482402129,True,True
682676,1.00120000,67.00000000,819617,819617,1782894482950539,True,True
682677,1.00120000,77.00000000,819618,819618,1782894483281593,True,True
682678,1.00130000,842.00000000,819619,819619,1782894502718555,False,True
682679,1.00130000,20.00000000,819620,819620,1782894506222929,False,True
682680,1.00120000,60.00000000,819621,819621,1782894532136357,True,True
682681,1.00120000,45.00000000,819622,819622,1782894532213109,True,True
682682,1.00120000,60.00000000,819623,819623,1782894532295465,True,True
682683,1.00120000,51.00000000,819624,819624,1782894539793186,True,True
682684,1.00120000,74.00000000,819625,819625,1782894701479635,True,True
682685,1.00120000,105.00000000,819626,819626,1782894811809533,True,True
682686,1.00120000,105.00000000,819627,819627,1782894811876717,True,True
682687,1.00120000,108.00000000,819628,819628,1782894811885953,True,True
682688,1.00120000,105.00000000,819629,819629,1782894811974927,True,True
682689,1.00120000,297.00000000,819630,819630,1782894812095760,True,True
682690,1.00120000,95.00000000,819631,819631,1782894843894511,True,True
682691,1.00130000,38.00000000,819632,819632,1782894879538718,False,True
682692,1.00130000,23.00000000,819633,819633,1782894879914132,False,True
682693,1.00130000,21.00000000,819634,819634,1782894882039325,False,True
682694,1.00130000,97.00000000,819635,819635,1782894882251957,False,True
682695,1.00120000,11.00000000,819636,819636,1782894902921396,True,True
682696,1.00120000,98.00000000,819637,819637,1782894964271205,True,True
682697,1.00120000,19.00000000,819638,819638,1782894964271533,True,True
682698,1.00120000,6.00000000,819639,819639,1782895035319886,True,True
682699,1.00130000,52.00000000,819640,819640,1782895067031791,False,True
682700,1.00130000,9.00000000,819641,819641,1782895093934199,False,True
682701,1.00130000,998.00000000,819642,819642,1782895509280621,False,True
682702,1.00120000,191.00000000,819643,819643,1782895666360340,True,True
682703,1.00120000,1639.00000000,819644,819644,1782895959954126,True,True
682704,1.00120000,18.00000000,819645,819645,1782895959954145,True,True
682705,1.00120000,24.00000000,819646,819646,1782895959958744,True,True
682706,1.00120000,22.00000000,819647,819647,1782896118361410,True,True
682707,1.00130000,12.00000000,819648,819648,1782896141665338,False,True
682708,1.00130000,99.00000000,819649,819649,1782896160976756,False,True
682709,1.00130000,16.00000000,819650,819650,1782896234672421,False,True
682710,1.00120000,19.00000000,819651,819651,1782896303783422,True,True
682711,1.00120000,24.00000000,819652,819652,1782896303788614,True,True
682712,1.00130000,45.00000000,819653,819653,1782896313776441,False,True
682713,1.00130000,62.00000000,819654,819654,1782896351377611,False,True
682714,1.00130000,35.00000000,819655,819655,1782896371518366,False,True
682715,1.00130000,253.00000000,819656,819656,1782896372066337,False,True
682716,1.00130000,36.00000000,819657,819657,1782896372107445,False,True
682717,1.00130000,45.00000000,819658,819658,1782896374958414,False,True
682718,1.00120000,238.00000000,819659,819659,1782896448918031,True,True
682719,1.00120000,11.00000000,819660,819660,1782896449769260,True,True
682720,1.00120000,77.00000000,819661,819661,1782896455810525,True,True
682721,1.00120000,7.00000000,819662,819662,1782896467663117,True,True
682722,1.00120000,130.00000000,819663,819663,1782896482603205,True,True
682723,1.00120000,503.00000000,819664,819664,1782896520653758,True,True
682724,1.00130000,39.00000000,819665,819665,1782896524243171,False,True
682725,1.00130000,122.00000000,819666,819666,1782896546400252,False,True
682726,1.00130000,64.00000000,819667,819667,1782896554143244,False,True
682727,1.00130000,6.00000000,819668,819668,1782896555181563,False,True
682728,1.00130000,41.00000000,819669,819669,1782896558851820,False,True
682729,1.00130000,28.00000000,819670,819670,1782896559126421,False,True
682730,1.00130000,11.00000000,819671,819671,1782896559377280,False,True
682731,1.00130000,55.00000000,819672,819672,1782896560171675,False,True
682732,1.00130000,191.00000000,819673,819673,1782896560386170,False,True
682733,1.00130000,224.00000000,819674,819674,1782896562439248,False,True
682734,1.00130000,59.00000000,819675,819675,1782896563548743,False,True
682735,1.00130000,62.00000000,819676,819676,1782896563847758,False,True
682736,1.00130000,397.00000000,819677,819677,1782896564484903,False,True
682737,1.00130000,20.00000000,819678,819678,1782896564733556,False,True
682738,1.00120000,332.00000000,819679,819679,1782896580661873,True,True
682739,1.00130000,450.00000000,819680,819680,1782896804974658,False,True
682740,1.00130000,30.00000000,819681,819681,1782896817397729,False,True
682741,1.00120000,316.00000000,819682,819682,1782896820656280,True,True
682742,1.00120000,47.00000000,819683,819683,1782896831548145,True,True
682743,1.00130000,103.00000000,819684,819684,1782896841521366,False,True
682744,1.00130000,1999.00000000,819685,819685,1782896857180788,False,True
682745,1.00120000,414.00000000,819686,819686,1782896880616080,True,True
682746,1.00120000,40.00000000,819687,819687,1782896910375387,True,True
682747,1.00120000,40.00000000,819688,819688,1782896910387710,True,True
682748,1.00130000,752.00000000,819689,819689,1782897143578786,False,True
682749,1.00120000,11.00000000,819690,819690,1782897210315955,True,True
682750,1.00120000,105.00000000,819691,819691,1782897215284214,True,True
682751,1.00120000,11.00000000,819692,819692,1782897268671811,True,True
682752,1.00120000,716.00000000,819693,819693,1782897480631970,True,True
682753,1.00130000,99.00000000,819694,819694,1782897601732075,False,True
682754,1.00120000,11.00000000,819695,819695,1782897610759622,True,True
682755,1.00120000,219.00000000,819696,819696,1782897611012213,True,True
682756,1.00120000,404.00000000,819697,819697,1782897612946164,True,True
682757,1.00120000,285.00000000,819698,819699,1782897613131023,True,True
682758,1.00120000,15.00000000,819700,819700,1782897621594718,True,True
682759,1.00120000,99.00000000,819701,819701,1782897643603910,True,True
682760,1.00120000,6.00000000,819702,819702,1782897652201980,True,True
682761,1.00120000,557.00000000,819703,819703,1782897660613731,True,True
682762,1.00120000,11.00000000,819704,819704,1782897688395902,True,True
682763,1.00120000,524.00000000,819705,819705,1782897840638135,True,True
682764,1.00120000,282.00000000,819706,819706,1782897960628192,True,True
682765,1.00120000,575.00000000,819707,819707,1782898020630808,True,True
682766,1.00120000,603.00000000,819708,819708,1782898080661060,True,True
682767,1.00120000,1528.00000000,819709,819709,1782898140664988,True,True
682768,1.00120000,3598.00000000,819710,819710,1782898194089829,True,True
682769,1.00120000,1582.00000000,819711,819711,1782898200678606,True,True
682770,1.00120000,61.00000000,819712,819712,1782898254298038,True,True
682771,1.00120000,1637.00000000,819713,819713,1782898260666679,True,True
682772,1.00120000,843.00000000,819714,819714,1782898277319654,True,True
682773,1.00120000,1243.00000000,819715,819715,1782898320680943,True,True
682774,1.00120000,208.00000000,819716,819716,1782898380643366,True,True
682775,1.00130000,179.00000000,819717,819717,1782898579652871,False,True
682776,1.00130000,54.00000000,819718,819718,1782898801496790,False,True
682777,1.00130000,37.00000000,819719,819719,1782898801576907,False,True
682778,1.00130000,10.00000000,819720,819720,1782898852213038,False,True
682779,1.00120000,57.00000000,819721,819721,1782898863946407,True,True
682780,1.00130000,59.00000000,819722,819722,1782898874370128,False,True
682781,1.00130000,48.00000000,819723,819723,1782898882459998,False,True
682782,1.00130000,48.00000000,819724,819724,1782898882475886,False,True
682783,1.00120000,983.00000000,819725,819725,1782898904892695,True,True
682784,1.00130000,183.00000000,819726,819726,1782898980648644,False,True
682785,1.00130000,313.00000000,819727,819727,1782899040671688,False,True
682786,1.00130000,354.00000000,819728,819728,1782899100662170,False,True
682787,1.00120000,39.00000000,819729,819729,1782899124581099,True,True
682788,1.00130000,77.00000000,819730,819730,1782899157402738,False,True
682789,1.00130000,14.00000000,819731,819731,1782899160625969,False,True
682790,1.00120000,117.00000000,819732,819732,1782899188208147,True,True
682791,1.00120000,102.00000000,819733,819733,1782899201851744,True,True
682792,1.00120000,58.00000000,819734,819734,1782899201868351,True,True
682793,1.00120000,82.00000000,819735,819735,1782899202063647,True,True
682794,1.00120000,6.00000000,819736,819736,1782899214911796,True,True
682795,1.00120000,110.00000000,819737,819737,1782899214990726,True,True
682796,1.00120000,42.00000000,819738,819738,1782899216193351,True,True
682797,1.00120000,11.00000000,819739,819739,1782899222060580,True,True
682798,1.00120000,45.00000000,819740,819740,1782899224818180,True,True
682799,1.00120000,81.00000000,819741,819741,1782899233530562,True,True
682800,1.00120000,76.00000000,819742,819742,1782899233598841,True,True
682801,1.00130000,1537.00000000,819743,819743,1782899237257084,False,True
682802,1.00130000,505.00000000,819744,819744,1782899237262669,False,True
682803,1.00120000,49.00000000,819745,819745,1782899241904540,True,True
682804,1.00120000,11.00000000,819746,819746,1782899311545647,True,True
682805,1.00120000,39.00000000,819747,819747,1782899353162956,True,True
682806,1.00120000,425.00000000,819748,819748,1782899580659257,True,True
682807,1.00120000,8.00000000,819749,819749,1782899844004004,True,True
682808,1.00130000,1997.00000000,819750,819750,1782899952987871,False,True
682809,1.00130000,1141.00000000,819751,819751,1782899953058189,False,True
682810,1.00120000,11.00000000,819752,819752,1782900035624924,True,True
682811,1.00120000,5000.00000000,819753,819754,1782900046531410,True,True
682812,1.00120000,11.00000000,819755,819755,1782900072778725,True,True
682813,1.00130000,9.00000000,819756,819756,1782900090827769,False,True
682814,1.00130000,10.00000000,819757,819757,1782900222699663,False,True
682815,1.00120000,301.00000000,819758,819758,1782900300661115,True,True
682816,1.00130000,66.00000000,819759,819759,1782900345300379,False,True
682817,1.00120000,11.00000000,819760,819760,1782900431137209,True,True
682818,1.00120000,75.00000000,819761,819761,1782900439696233,True,True
682819,1.00120000,11.00000000,819762,819762,1782900455795798,True,True
682820,1.00120000,837.00000000,819763,819763,1782900513977550,True,True
682821,1.00120000,138.00000000,819764,819764,1782900540647214,True,True
682822,1.00120000,11.00000000,819765,819765,1782900633311930,True,True
682823,1.00120000,11.00000000,819766,819766,1782900646293928,True,True
682824,1.00130000,201.00000000,819767,819767,1782900663782635,False,True
682825,1.00120000,9.00000000,819768,819768,1782900693209208,True,True
682826,1.00120000,8.00000000,819769,819769,1782900696036301,True,True
682827,1.00120000,11.00000000,819770,819770,1782900801346495,True,True
682828,1.00120000,150.00000000,819771,819771,1782900882790543,True,True
682829,1.00120000,11.00000000,819772,819772,1782900904621491,True,True
682830,1.00120000,23.00000000,819773,819773,1782900904824586,True,True
682831,1.00120000,504.00000000,819774,819774,1782900904852516,True,True
682832,1.00120000,35.00000000,819775,819775,1782900998281308,True,True
682833,1.00130000,3001.00000000,819776,819776,1782901164715745,False,True
682834,1.00120000,115.00000000,819777,819777,1782901202486031,True,True
682835,1.00130000,58.00000000,819778,819778,1782901311798020,False,True
682836,1.00120000,11.00000000,819779,819779,1782901505771354,True,True
682837,1.00120000,34.00000000,819780,819780,1782901511484497,True,True
682838,1.00120000,11.00000000,819781,819781,1782901514870237,True,True
682839,1.00120000,18.00000000,819782,819782,1782901515603102,True,True
682840,1.00120000,34.00000000,819783,819783,1782901526345714,True,True
682841,1.00120000,353.00000000,819784,819784,1782901534409445,True,True
682842,1.00120000,147.00000000,819785,819785,1782901538037257,True,True
682843,1.00120000,32.00000000,819786,819786,1782901541871144,True,True
682844,1.00120000,22.00000000,819787,819787,1782901546462847,True,True
682845,1.00120000,11.00000000,819788,819788,1782901548222287,True,True
682846,1.00120000,79.00000000,819789,819789,1782901550499757,True,True
682847,1.00120000,11.00000000,819790,819790,1782901551788322,True,True
682848,1.00120000,11.00000000,819791,819791,1782901553021099,True,True
682849,1.00120000,945.00000000,819792,819792,1782901597739503,True,True
682850,1.00130000,100.00000000,819793,819793,1782901660452225,False,True
682851,1.00120000,1252.00000000,819794,819794,1782901674350316,True,True
682852,1.00120000,178.00000000,819795,819795,1782901837988830,True,True
682853,1.00120000,19.00000000,819796,819796,1782901841110878,True,True
682854,1.00130000,24.00000000,819797,819797,1782902526466320,False,True
682855,1.00120000,11.00000000,819798,819798,1782902590421432,True,True
682856,1.00120000,9.00000000,819799,819799,1782902591641568,True,True
682857,1.00120000,11.00000000,819800,819800,1782902592204620,True,True
682858,1.00120000,11.00000000,819801,819801,1782902596520543,True,True
682859,1.00120000,6.00000000,819802,819802,1782902599981397,True,True
682860,1.00120000,288.00000000,819803,819803,1782903272863337,True,True
682861,1.00120000,48.00000000,819804,819804,1782903287996085,True,True
682862,1.00120000,96.00000000,819805,819805,1782903313385429,True,True
682863,1.00120000,77.00000000,819806,819806,1782903315904477,True,True
682864,1.00120000,105.00000000,819807,819807,1782903316085410,True,True
682865,1.00120000,70.00000000,819808,819808,1782903316152652,True,True
682866,1.00120000,11.00000000,819809,819809,1782903323045753,True,True
682867,1.00120000,4999.00000000,819810,819810,1782903537875030,True,True
682868,1.00120000,100.00000000,819811,819811,1782903539975317,True,True
682869,1.00120000,34.00000000,819812,819812,1782903556520972,True,True
682870,1.00120000,13.00000000,819813,819813,1782903581753606,True,True
682871,1.00120000,100.00000000,819814,819814,1782903603247357,True,True
682872,1.00120000,100.00000000,819815,819815,1782903637247837,True,True
682873,1.00120000,11.00000000,819816,819816,1782903644912847,True,True
682874,1.00120000,11.00000000,819817,819817,1782903645363906,True,True
682875,1.00120000,11.00000000,819818,819818,1782903651697704,True,True
682876,1.00120000,68.00000000,819819,819819,1782903652007969,True,True
682877,1.00120000,144.00000000,819820,819820,1782903660446725,True,True
682878,1.00120000,100.00000000,819821,819821,1782903680185666,True,True
682879,1.00120000,11.00000000,819822,819822,1782903688676425,True,True
682880,1.00120000,11.00000000,819823,819823,1782903693153855,True,True
682881,1.00120000,133.00000000,819824,819824,1782903693334144,True,True
682882,1.00120000,107.00000000,819825,819825,1782903693833035,True,True
682883,1.00120000,116.00000000,819826,819826,1782903694302084,True,True
682884,1.00120000,68.00000000,819827,819827,1782903696937021,True,True
682885,1.00120000,100.00000000,819828,819828,1782903712797607,True,True
682886,1.00130000,1113.00000000,819829,819829,1782903720719562,False,True
682887,1.00120000,65.00000000,819830,819830,1782903733740550,True,True
682888,1.00120000,100.00000000,819831,819831,1782903741712332,True,True
682889,1.00130000,990.00000000,819832,819832,1782903780656754,False,True
682890,1.00130000,958.00000000,819833,819833,1782903840695086,False,True
682891,1.00120000,100.00000000,819834,819834,1782903876180417,True,True
682892,1.00120000,269.00000000,819835,819835,1782903886128032,True,True
682893,1.00120000,75.00000000,819836,819836,1782903886215195,True,True
682894,1.00120000,100.00000000,819837,819837,1782903894677928,True,True
682895,1.00130000,344.00000000,819838,819838,1782903900670688,False,True
682896,1.00120000,63.00000000,819839,819839,1782903928973885,True,True
682897,1.00120000,119.00000000,819840,819840,1782903929026115,True,True
682898,1.00120000,175.00000000,819841,819841,1782903930543789,True,True
682899,1.00120000,67.00000000,819842,819842,1782904025524801,True,True
682900,1.00120000,61.00000000,819843,819843,1782904025795150,True,True
682901,1.00120000,43.00000000,819844,819844,1782904025843795,True,True
682902,1.00120000,72.00000000,819845,819845,1782904025870048,True,True
682903,1.00120000,48.00000000,819846,819846,1782904030055141,True,True
682904,1.00120000,53.00000000,819847,819847,1782904068990567,True,True
682905,1.00130000,51.00000000,819848,819848,1782904085362884,False,True
682906,1.00130000,24.00000000,819849,819849,1782904087400178,False,True
682907,1.00120000,162.00000000,819850,819850,1782904089753190,True,True
682908,1.00120000,130.00000000,819851,819851,1782904105195580,True,True
682909,1.00120000,10.00000000,819852,819852,1782904137409159,True,True
682910,1.00120000,4999.00000000,819853,819853,1782904153010417,True,True
682911,1.00120000,320.00000000,819854,819854,1782904320639517,True,True
682912,1.00120000,11.00000000,819855,819855,1782904352121685,True,True
682913,1.00120000,1831.00000000,819856,819856,1782904380649391,True,True
682914,1.00120000,1254.00000000,819857,819857,1782904440651257,True,True
682915,1.00120000,30.00000000,819858,819858,1782904457970002,True,True
682916,1.00120000,7.00000000,819859,819859,1782904485552110,True,True
682917,1.00120000,49.00000000,819860,819860,1782904523183185,True,True
682918,1.00120000,8.00000000,819861,819861,1782904555807092,True,True
682919,1.00120000,11.00000000,819862,819862,1782904578895892,True,True
682920,1.00120000,71.00000000,819863,819863,1782904648070824,True,True
682921,1.00130000,56.00000000,819864,819864,1782904678425124,False,True
682922,1.00130000,18.00000000,819865,819865,1782904680614945,False,True
682923,1.00120000,60.00000000,819866,819866,1782904733367119,True,True
682924,1.00120000,53.00000000,819867,819867,1782904782232585,True,True
682925,1.00120000,49.00000000,819868,819868,1782904828613128,True,True
682926,1.00120000,125.00000000,819869,819869,1782904843072193,True,True
682927,1.00120000,51.00000000,819870,819870,1782904879996847,True,True
682928,1.00120000,36.00000000,819871,819871,1782904880033890,True,True
682929,1.00120000,11.00000000,819872,819872,1782904980146011,True,True
682930,1.00120000,75.00000000,819873,819873,1782904999629004,True,True
682931,1.00120000,44627.00000000,819874,819878,1782905026410096,True,True
