137658428,0.00000232,5138539.00,555930632,555930632,1782864012210235,True,True
137658429,0.00000233,212022000.00,555930633,555930633,1782864023401041,False,True
137658430,0.00000233,2150536.00,555930634,555930634,1782864023402849,False,True
137658431,0.00000233,109741372.00,555930635,555930635,1782864023405291,False,True
137658432,0.00000233,109687500.00,555930636,555930636,1782864023408579,False,True
137658433,0.00000233,24468699.00,555930637,555930637,1782864023415759,False,True
137658434,0.00000233,24468699.00,555930638,555930638,1782864023418629,False,True
137658435,0.00000233,24468699.00,555930639,555930639,1782864023421694,False,True
137658436,0.00000233,24468699.00,555930640,555930640,1782864023424434,False,True
137658437,0.00000233,24468699.00,555930641,555930641,1782864023426555,False,True
137658438,0.00000233,24468699.00,555930642,555930642,1782864023429632,False,True
137658439,0.00000233,109741372.00,555930643,555930643,1782864023461716,False,True
137658440,0.00000233,24468699.00,555930644,555930645,1782864023463144,False,True
137658441,0.00000233,24468699.00,555930646,555930646,1782864023466032,False,True
137658442,0.00000233,24468699.00,555930647,555930647,1782864023468526,False,True
137658443,0.00000233,24468699.00,555930648,555930648,1782864023471219,False,True
137658444,0.00000233,24468699.00,555930649,555930649,1782864023473460,False,True
137658445,0.00000233,24468699.00,555930650,555930650,1782864023476161,False,True
137658446,0.00000233,24468699.00,555930651,555930651,1782864023478353,False,True
137658447,0.00000233,109687500.00,555930652,555930652,1782864023497840,False,True
137658448,0.00000233,109741372.00,555930653,555930653,1782864023530745,False,True
137658449,0.00000233,109687500.00,555930654,555930661,1782864023531211,False,True
137658450,0.00000233,109687500.00,555930662,555930662,1782864023571405,False,True
137658451,0.00000233,109741372.00,555930663,555930663,1782864023821683,False,True
137658452,0.00000233,109687500.00,555930664,555930664,1782864023822359,False,True
137658453,0.00000233,109687500.00,555930665,555930665,1782864024111498,False,True
137658454,0.00000233,287307750.00,555930666,555930672,1782864024151857,False,True
137658455,0.00000233,109687500.00,555930673,555930673,1782864024154537,False,True
137658456,0.00000233,109687500.00,555930674,555930674,1782864024348428,False,True
137658457,0.00000233,109687500.00,555930675,555930675,1782864024483108,False,True
137658458,0.00000233,134865861.00,555930676,555930676,1782864025647189,False,True
137658459,0.00000233,109625046.00,555930677,555930677,1782864025719818,False,True
137658460,0.00000233,25209796.00,555930678,555930678,1782864025720103,False,True
137658461,0.00000233,134803829.00,555930679,555930679,1782864028014390,False,True
137658462,0.00000233,109515782.00,555930680,555930682,1782864028039747,False,True
137658463,0.00000233,25257043.00,555930683,555930683,1782864028040156,False,True
137658464,0.00000233,7602875.00,555930684,555930684,1782864028063382,False,True
137658465,0.00000233,22058984.00,555930685,555930685,1782864028063697,False,True
137658466,0.00000233,109687500.00,555930686,555930686,1782864028063905,False,True
137658467,0.00000233,127578815.00,555930687,555930687,1782864028230262,False,True
137658468,0.00000233,11738494.00,555930688,555930688,1782864028230302,False,True
137658469,0.00000233,97949006.00,555930689,555930689,1782864028398168,False,True
137658470,0.00000233,109687500.00,555930690,555930690,1782864028473105,False,True
137658471,0.00000233,134741827.00,555930691,555930698,1782864028770768,False,True
137658472,0.00000233,109687500.00,555930699,555930700,1782864028797704,False,True
137658473,0.00000233,25319045.00,555930701,555930701,1782864028797803,False,True
137658474,0.00000233,217030000.00,555930702,555930702,1782864028800454,False,True
137658475,0.00000233,109268456.00,555930703,555930703,1782864029252950,False,True
137658476,0.00000233,29493826.00,555930704,555930704,1782864029772383,False,True
137658477,0.00000233,109687500.00,555930705,555930705,1782864029772438,False,True
137658478,0.00000232,4329004.00,555930706,555930706,1782864029794927,True,True
137658479,0.00000233,73260945.00,555930707,555930707,1782864029797235,False,True
137658480,0.00000233,65888369.00,555930708,555930708,1782864029797655,False,True
137658481,0.00000233,36426555.00,555930709,555930709,1782864030073595,False,True
137658482,0.00000233,29421432.00,555930710,555930710,1782864030190368,False,True
137658483,0.00000233,109687500.00,555930711,555930711,1782864030191301,False,True
137658484,0.00000233,109687500.00,555930712,555930712,1782864030471684,False,True
137658485,0.00000233,139051709.00,555930713,555930713,1782864030498409,False,True
137658486,0.00000233,42749810.00,555930714,555930714,1782864032196858,False,True
137658487,0.00000233,1462366.00,555930715,555930715,1782864043237632,False,True
137658488,0.00000232,8452768.00,555930716,555930716,1782864046775803,True,True
137658489,0.00000233,686617999.00,555930717,555930718,1782864050492077,False,True
137658490,0.00000233,173597000.00,555930719,555930720,1782864050494558,False,True
137658491,0.00000233,218999000.00,555930721,555930722,1782864050499530,False,True
137658492,0.00000233,5481179.00,555930723,555930723,1782864050501162,False,True
137658493,0.00000233,2776223534.00,555930724,555930729,1782864050507020,False,True
137658494,0.00000233,52503434.00,555930730,555930734,1782864050510180,False,True
137658495,0.00000233,707713148.00,555930735,555930754,1782864050514616,False,True
137658496,0.00000234,58641000.00,555930755,555930755,1782864050537428,False,True
137658497,0.00000233,3198550400.00,555930756,555930768,1782864053259278,True,True
137658498,0.00000233,1639591509.00,555930769,555930787,1782864053259339,True,True
137658499,0.00000233,8583690.00,555930788,555930788,1782864065517057,False,True
137658500,0.00000233,209527000.00,555930789,555930789,1782864085501754,False,True
137658501,0.00000233,4291845.00,555930790,555930790,1782864124452795,False,True
137658502,0.00000233,211332000.00,555930791,555930791,1782864124881564,False,True
137658503,0.00000233,211267000.00,555930792,555930792,1782864129586362,False,True
137658504,0.00000233,42749810.00,555930793,555930793,1782864130137751,False,True
137658505,0.00000233,209547000.00,555930794,555930794,1782864130686011,False,True
137658506,0.00000233,84890000.00,555930795,555930795,1782864130686652,False,True
137658507,0.00000233,430101000.00,555930796,555930796,1782864130735668,False,True
137658508,0.00000233,714713959.00,555930797,555930797,1782864130736200,False,True
137658509,0.00000233,1851060232.00,555930798,555930800,1782864130736655,False,True
137658510,0.00000233,124247226.00,555930801,555930801,1782864130736658,False,True
137658511,0.00000233,109687500.00,555930802,555930802,1782864130736662,False,True
137658512,0.00000233,219858000.00,555930803,555930803,1782864130739153,False,True
137658513,0.00000233,3105102000.00,555930804,555930827,1782864130739177,False,True
137658514,0.00000233,184750405.00,555930828,555930828,1782864130739563,False,True
137658515,0.00000233,144398371.00,555930829,555930829,1782864130739970,False,True
137658516,0.00000233,121591093.00,555930830,555930832,1782864130740462,False,True
137658517,0.00000234,161875000.00,555930833,555930833,1782864130741475,False,True
137658518,0.00000233,54511731.00,555930834,555930834,1782864135075384,True,True
137658519,0.00000233,50575541.00,555930835,555930835,1782864135075518,True,True
137658520,0.00000233,106610116.00,555930836,555930836,1782864135075523,True,True
137658521,0.00000233,150119454.00,555930837,555930837,1782864135075909,True,True
137658522,0.00000233,96422735.00,555930838,555930839,1782864135075913,True,True
137658523,0.00000233,103074697.00,555930840,555930840,1782864135076512,True,True
137658524,0.00000233,165575494.00,555930841,555930841,1782864135076675,True,True
137658525,0.00000233,327726473.00,555930842,555930846,1782864135076751,True,True
137658526,0.00000233,1114815274.00,555930847,555930849,1782864135077048,True,True
137658527,0.00000233,73718598.00,555930850,555930850,1782864135077269,True,True
137658528,0.00000233,154210021.00,555930851,555930851,1782864135077975,True,True
137658529,0.00000233,165200000.00,555930852,555930860,1782864135080230,True,True
137658530,0.00000233,4282655.00,555930861,555930861,1782864135082407,True,True
137658531,0.00000233,4282655.00,555930862,555930862,1782864135082992,True,True
137658532,0.00000233,180761953.00,555930863,555930863,1782864135709971,True,True
137658533,0.00000233,1175800000.00,555930864,555930869,1782864135710077,True,True
137658534,0.00000233,366572639.00,555930870,555930870,1782864135710968,True,True
137658535,0.00000233,259844872.00,555930871,555930871,1782864135711195,True,True
137658536,0.00000233,1143026097.00,555930872,555930882,1782864135711455,True,True
137658537,0.00000232,15263332.00,555930883,555930883,1782864150373349,True,True
137658538,0.00000233,109687500.00,555930884,555930884,1782864154332941,False,True
137658539,0.00000233,109687500.00,555930885,555930885,1782864154377910,False,True
137658540,0.00000233,142725000.00,555930886,555930886,1782864155348710,False,True
137658541,0.00000233,138924378.00,555930887,555930888,1782864155365865,False,True
137658542,0.00000233,4283640.00,555930889,555930889,1782864155368306,False,True
137658543,0.00000233,4283641.00,555930890,555930890,1782864155369053,False,True
137658544,0.00000233,55816000.00,555930891,555930891,1782864155373334,False,True
137658545,0.00000233,50707000.00,555930892,555930892,1782864155373337,False,True
137658546,0.00000233,138892425.00,555930893,555930894,1782864155446948,False,True
137658547,0.00000233,138860480.00,555930895,555930895,1782864155568606,False,True
137658548,0.00000233,119540044.00,555930896,555930896,1782864155619962,False,True
137658549,0.00000233,19288498.00,555930897,555930897,1782864155620043,False,True
137658550,0.00000233,90399002.00,555930898,555930898,1782864155718019,False,True
137658551,0.00000233,109687500.00,555930899,555930899,1782864155969986,False,True
137658552,0.00000233,138750591.00,555930900,555930900,1782864159452363,False,True
137658553,0.00000233,109687500.00,555930901,555930901,1782864159572172,False,True
137658554,0.00000233,7720898.00,555930902,555930902,1782864159572234,False,True
137658555,0.00000233,21310281.00,555930903,555930903,1782864159572334,False,True
137658556,0.00000233,135031000.00,555930904,555930904,1782864159591636,False,True
137658557,0.00000233,128305216.00,555930905,555930915,1782864159593474,False,True
137658558,0.00000233,37508555.00,555930916,555930927,1782864159594743,False,True
137658559,0.00000233,2656673274.00,555930928,555930928,1782864171616796,True,True
137658560,0.00000233,116309496.00,555930929,555930929,1782864171617137,True,True
137658561,0.00000233,64764694.00,555930930,555930930,1782864171617816,True,True
137658562,0.00000233,303791455.00,555930931,555930932,1782864171618373,True,True
137658563,0.00000233,4282655.00,555930933,555930933,1782864171620032,True,True
137658564,0.00000233,4282655.00,555930934,555930934,1782864171620083,True,True
137658565,0.00000233,452101859.00,555930935,555930937,1782864171651582,True,True
137658566,0.00000233,1400604501.00,555930938,555930954,1782864171652487,True,True
137658567,0.00000233,644132820.00,555930955,555930955,1782864171653223,True,True
137658568,0.00000233,728177067.00,555930956,555930956,1782864171729838,True,True
137658569,0.00000233,663761301.00,555930957,555930958,1782864171730614,True,True
137658570,0.00000233,178634823.00,555930959,555930959,1782864171730803,True,True
137658571,0.00000233,81787121.00,555930960,555930974,1782864171731650,True,True
137658572,0.00000233,5150214.00,555930975,555930975,1782864199011402,False,True
137658573,0.00000233,45064377.00,555930976,555930976,1782864214010191,False,True
137658574,0.00000233,1287553.00,555930977,555930977,1782864220055025,False,True
137658575,0.00000233,23238766.00,555930978,555930978,1782864242792082,False,True
137658576,0.00000233,212157000.00,555930979,555930979,1782864251895140,False,True
137658577,0.00000233,109741372.00,555930980,555930981,1782864252186653,False,True
137658578,0.00000233,109741372.00,555930982,555930982,1782864252187051,False,True
137658579,0.00000233,109687500.00,555930983,555930983,1782864252187443,False,True
137658580,0.00000233,109741372.00,555930984,555930985,1782864252270671,False,True
137658581,0.00000233,109687500.00,555930986,555930986,1782864252271162,False,True
137658582,0.00000233,109741372.00,555930987,555930987,1782864252271411,False,True
137658583,0.00000233,122481000.00,555930988,555930988,1782864252382184,False,True
137658584,0.00000233,255189000.00,555930989,555930989,1782864258122423,False,True
137658585,0.00000233,837171.00,555930990,555930990,1782864264494129,False,True
137658586,0.00000233,3670742.00,555930991,555930991,1782864272720887,False,True
137658587,0.00000233,42918454.00,555930992,555930992,1782864276891088,False,True
137658588,0.00000233,84890000.00,555930993,555930993,1782864280621180,False,True
137658589,0.00000233,639658848.00,555930994,555930996,1782864281150706,False,True
137658590,0.00000233,42770806.00,555930997,555930997,1782864281163780,False,True
137658591,0.00000233,42770806.00,555930998,555930998,1782864281164117,False,True
137658592,0.00000233,42749810.00,555930999,555930999,1782864281164741,False,True
137658593,0.00000233,639658848.00,555931000,555931000,1782864281702584,False,True
137658594,0.00000233,639658848.00,555931001,555931001,1782864281870766,False,True
137658595,0.00000233,4283640.00,555931002,555931002,1782864281872886,False,True
137658596,0.00000233,211570000.00,555931003,555931003,1782864281965347,False,True
137658597,0.00000233,1000000.00,555931004,555931004,1782864282997446,False,True
137658598,0.00000233,42770806.00,555931005,555931005,1782864283166519,False,True
137658599,0.00000233,42770806.00,555931006,555931006,1782864283166708,False,True
137658600,0.00000233,42749810.00,555931007,555931007,1782864283167585,False,True
137658601,0.00000233,37799999.00,555931008,555931008,1782864297566050,False,True
137658602,0.00000233,84890000.00,555931009,555931009,1782864301411335,False,True
137658603,0.00000233,37798000.00,555931010,555931010,1782864301412392,False,True
137658604,0.00000233,37797999.00,555931011,555931011,1782864301412453,False,True
137658605,0.00000233,37797999.00,555931012,555931012,1782864301412904,False,True
137658606,0.00000233,37797999.00,555931013,555931013,1782864301413493,False,True
137658607,0.00000233,37797999.00,555931014,555931014,1782864301413748,False,True
137658608,0.00000233,217020000.00,555931015,555931015,1782864301414466,False,True
137658609,0.00000233,37797999.00,555931016,555931016,1782864301414486,False,True
137658610,0.00000233,794766000.00,555931017,555931017,1782864301414833,False,True
137658611,0.00000233,4283640.00,555931018,555931018,1782864301416417,False,True
137658612,0.00000233,461518000.00,555931019,555931029,1782864301417121,False,True
137658613,0.00000233,5481179.00,555931030,555931030,1782864301418070,False,True
137658614,0.00000233,403148106.00,555931031,555931043,1782864301418101,False,True
137658615,0.00000233,344602307.00,555931044,555931044,1782864307896658,True,True
137658616,0.00000233,64377682.00,555931045,555931046,1782864319499378,True,True
137658617,0.00000233,709070553.00,555931047,555931049,1782864321967498,True,True
137658618,0.00000233,2190378408.00,555931050,555931050,1782864321969148,True,True
137658619,0.00000233,1601250238.00,555931051,555931055,1782864321985092,True,True
137658620,0.00000233,1182587187.00,555931056,555931065,1782864326698188,True,True
137658621,0.00000233,9500000.00,555931066,555931066,1782864336599025,True,True
137658622,0.00000233,4282655.00,555931067,555931067,1782864344064189,True,True
137658623,0.00000233,849651952.00,555931068,555931069,1782864344067191,True,True
137658624,0.00000233,134981516.00,555931070,555931070,1782864344067421,True,True
137658625,0.00000233,4282655.00,555931071,555931071,1782864344069837,True,True
137658626,0.00000233,191649730.00,555931072,555931072,1782864344070507,True,True
137658627,0.00000233,72566689.00,555931073,555931073,1782864344070869,True,True
137658628,0.00000233,134800287.00,555931074,555931074,1782864344083347,True,True
137658629,0.00000233,141069790.00,555931075,555931077,1782864344247755,True,True
137658630,0.00000233,401102847.00,555931078,555931078,1782864344247814,True,True
137658631,0.00000233,276646865.00,555931079,555931081,1782864344248162,True,True
137658632,0.00000233,210718174.00,555931082,555931082,1782864344248443,True,True
137658633,0.00000233,405625630.00,555931083,555931083,1782864344249139,True,True
137658634,0.00000233,144281382.00,555931084,555931084,1782864344503096,True,True
137658635,0.00000233,113815192.00,555931085,555931085,1782864344503219,True,True
137658636,0.00000233,160764377.00,555931086,555931086,1782864344503314,True,True
137658637,0.00000233,257533590.00,555931087,555931090,1782864344503494,True,True
137658638,0.00000233,135434879.00,555931091,555931091,1782864344503556,True,True
137658639,0.00000233,82424062.00,555931092,555931092,1782864344503811,True,True
137658640,0.00000233,134516692.00,555931093,555931093,1782864344503933,True,True
137658641,0.00000233,106407908.00,555931094,555931094,1782864344707628,True,True
137658642,0.00000233,48878247.00,555931095,555931095,1782864344708885,True,True
137658643,0.00000233,73229400.00,555931096,555931100,1782864344708964,True,True
137658644,0.00000233,378613500.00,555931101,555931102,1782864345896151,True,True
137658645,0.00000233,53433476.00,555931103,555931103,1782864351431701,True,True
137658646,0.00000234,1239438.00,555931104,555931104,1782864356921072,False,True
137658647,0.00000233,3351248900.00,555931105,555931126,1782864359874015,True,True
137658648,0.00000233,2501368400.00,555931127,555931135,1782864359876711,True,True
137658649,0.00000233,573372313.00,555931136,555931138,1782864359878134,True,True
137658650,0.00000233,129781278.00,555931139,555931144,1782864359878471,True,True
137658651,0.00000233,1959868.00,555931145,555931148,1782864359878492,True,True
137658652,0.00000233,9395364.00,555931149,555931149,1782864371187610,False,True
137658653,0.00000233,933475.00,555931150,555931150,1782864394621461,False,True
137658654,0.00000233,9860881.00,555931151,555931151,1782864424918590,False,True
137658655,0.00000232,423305084.00,555931152,555931153,1782864433926808,True,True
137658656,0.00000233,12541346.00,555931154,555931154,1782864476640708,False,True
137658657,0.00000233,429184549.00,555931155,555931155,1782864485851597,False,True
137658658,0.00000233,136516105.00,555931156,555931156,1782864495092485,False,True
137658659,0.00000233,8583690.00,555931157,555931157,1782864555054326,False,True
137658660,0.00000233,30257510.00,555931158,555931158,1782864566727192,False,True
137658661,0.00000233,14551029.00,555931159,555931159,1782864571620306,False,True
137658662,0.00000233,1701170100.00,555931160,555931160,1782864578155833,False,True
137658663,0.00000232,35698793.00,555931161,555931161,1782864628740398,True,True
137658664,0.00000233,1018311.00,555931162,555931162,1782864636520915,False,True
137658665,0.00000232,6089536.00,555931163,555931163,1782864658785129,True,True
137658666,0.00000232,1760292.00,555931164,555931164,1782864723741989,True,True
137658667,0.00000233,4476394.00,555931165,555931165,1782864743135366,False,True
137658668,0.00000233,665149.00,555931166,555931166,1782864753421506,False,True
137658669,0.00000233,493427.00,555931167,555931167,1782864770226663,False,True
137658670,0.00000233,499499000.00,555931168,555931168,1782864790223867,False,True
137658671,0.00000232,34913793.00,555931169,555931169,1782864854692249,True,True
137658672,0.00000233,2150538.00,555931170,555931170,1782864856123320,False,True
137658673,0.00000233,734968.00,555931171,555931171,1782864872321055,False,True
137658674,0.00000233,2812505.00,555931172,555931172,1782864875018442,False,True
137658675,0.00000232,5812500.00,555931173,555931173,1782864881523073,True,True
137658676,0.00000233,40766553.00,555931174,555931174,1782864888198510,False,True
137658677,0.00000233,224836647.00,555931175,555931175,1782864898420461,False,True
137658678,0.00000232,16613067.00,555931176,555931176,1782864904792447,True,True
137658679,0.00000233,189860050.00,555931177,555931177,1782864914344235,False,True
137658680,0.00000233,109741372.00,555931178,555931179,1782864914353508,False,True
137658681,0.00000233,109687500.00,555931180,555931180,1782864914355674,False,True
137658682,0.00000233,4283640.00,555931181,555931181,1782864914358573,False,True
137658683,0.00000233,429942000.00,555931182,555931183,1782864914360563,False,True
137658684,0.00000233,4283640.00,555931184,555931184,1782864914362330,False,True
137658685,0.00000233,118361000.00,555931185,555931186,1782864914422363,False,True
137658686,0.00000233,5481179.00,555931187,555931187,1782864914422903,False,True
137658687,0.00000233,5481179.00,555931188,555931188,1782864914423002,False,True
137658688,0.00000233,575382841.00,555931189,555931196,1782864914424885,False,True
137658689,0.00000233,17661538.00,555931197,555931212,1782864914430163,False,True
137658690,0.00000234,8552273.00,555931213,555931213,1782864918535290,False,True
137658691,0.00000233,475200000.00,555931214,555931214,1782864923559353,True,True
137658692,0.00000233,4282655.00,555931215,555931215,1782864923561649,True,True
137658693,0.00000233,4282655.00,555931216,555931216,1782864923561774,True,True
137658694,0.00000233,851800000.00,555931217,555931218,1782864923562470,True,True
137658695,0.00000233,84335933.00,555931219,555931236,1782864923565408,True,True
137658696,0.00000233,429221000.00,555931237,555931237,1782864924079090,False,True
137658697,0.00000233,307449000.00,555931238,555931238,1782864929422112,False,True
137658698,0.00000233,4283640.00,555931239,555931239,1782864929424604,False,True
137658699,0.00000233,4283641.00,555931240,555931240,1782864929424846,False,True
137658700,0.00000233,429203000.00,555931241,555931252,1782864929465444,False,True
137658701,0.00000233,429203000.00,555931253,555931259,1782864930169163,False,True
137658702,0.00000233,429203000.00,555931260,555931260,1782864933289724,False,True
137658703,0.00000233,107876000.00,555931261,555931261,1782864933580645,False,True
137658704,0.00000233,37253808.00,555931262,555931271,1782864933581871,False,True
137658705,0.00000233,859268.00,555931272,555931272,1782864935473369,True,True
137658706,0.00000233,554953808.00,555931273,555931274,1782864939651701,True,True
137658707,0.00000233,4282655.00,555931275,555931275,1782864939654392,True,True
137658708,0.00000233,789400000.00,555931276,555931278,1782864939654583,True,True
137658709,0.00000233,1617920071.00,555931279,555931305,1782864939654822,True,True
137658710,0.00000233,27536628.00,555931306,555931306,1782864994097848,False,True
137658711,0.00000233,23605150.00,555931307,555931307,1782864999756225,False,True
137658712,0.00000233,840602.00,555931308,555931308,1782865012920734,False,True
137658713,0.00000233,9356223.00,555931309,555931309,1782865049009830,False,True
137658714,0.00000232,1218915.00,555931310,555931310,1782865052329312,True,True
137658715,0.00000233,10284352.00,555931311,555931311,1782865077416783,False,True
137658716,0.00000232,5015324.00,555931312,555931312,1782865102268950,True,True
137658717,0.00000233,6437768.00,555931313,555931313,1782865149887274,False,True
137658718,0.00000232,4593666.00,555931314,555931314,1782865151206850,True,True
137658719,0.00000233,4290619.00,555931315,555931315,1782865175018442,False,True
137658720,0.00000233,5592703.00,555931316,555931316,1782865191337775,False,True
137658721,0.00000233,4289349.00,555931317,555931317,1782865216477641,False,True
137658722,0.00000233,441885.00,555931318,555931318,1782865232391949,False,True
137658723,0.00000233,1414353.00,555931319,555931319,1782865236220936,False,True
137658724,0.00000233,47288754.00,555931320,555931320,1782865252646481,False,True
137658725,0.00000232,89971095.00,555931321,555931321,1782865281736287,True,True
137658726,0.00000232,7725321.00,555931322,555931322,1782865292064811,True,True
137658727,0.00000232,57891688.00,555931323,555931323,1782865321458213,True,True
137658728,0.00000232,14345683.00,555931324,555931324,1782865321488760,True,True
137658729,0.00000232,1534807354.00,555931325,555931327,1782865343327683,True,True
137658730,0.00000233,3225806.00,555931328,555931328,1782865369637877,False,True
137658731,0.00000233,13830244.00,555931329,555931329,1782865408947255,False,True
137658732,0.00000232,4310344.00,555931330,555931330,1782865409458341,True,True
137658733,0.00000232,1420126.00,555931331,555931331,1782865419860314,True,True
137658734,0.00000232,524262248.00,555931332,555931332,1782865439151549,True,True
137658735,0.00000232,198000000.00,555931333,555931334,1782865456232358,True,True
137658736,0.00000232,4072948.00,555931335,555931335,1782865456956901,True,True
137658737,0.00000233,2315352.00,555931336,555931336,1782865458614309,False,True
137658738,0.00000233,80000000.00,555931337,555931337,1782865489647333,False,True
137658739,0.00000232,64465803.00,555931338,555931338,1782865498189983,True,True
137658740,0.00000232,14345683.00,555931339,555931339,1782865502302845,True,True
137658741,0.00000232,14345683.00,555931340,555931340,1782865502305181,True,True
137658742,0.00000232,28691359.00,555931341,555931341,1782865502306468,True,True
137658743,0.00000232,42742166.00,555931342,555931342,1782865505674336,True,True
137658744,0.00000233,2188841.00,555931343,555931343,1782865529369233,False,True
137658745,0.00000233,2325208.00,555931344,555931344,1782865532210707,False,True
137658746,0.00000232,1304000000.00,555931345,555931371,1782865539918962,True,True
137658747,0.00000232,24732306.00,555931372,555931372,1782865539920281,True,True
137658748,0.00000232,5396967000.00,555931373,555931403,1782865539922459,True,True
137658749,0.00000232,202590241.00,555931404,555931404,1782865539923380,True,True
137658750,0.00000232,2456465618.00,555931405,555931421,1782865539925051,True,True
137658751,0.00000231,179395894.00,555931422,555931422,1782865539999879,True,True
137658752,0.00000231,8547008.00,555931423,555931423,1782865539999879,True,True
137658753,0.00000231,7152473.00,555931424,555931424,1782865540004286,True,True
137658754,0.00000231,372910000.00,555931425,555931432,1782865540045901,True,True
137658755,0.00000232,74303573.00,555931433,555931433,1782865555572676,False,True
137658756,0.00000232,4702905.00,555931434,555931434,1782865609736612,False,True
137658757,0.00000232,14379834.00,555931435,555931435,1782865622271323,False,True
137658758,0.00000232,28759668.00,555931436,555931436,1782865622284899,False,True
137658759,0.00000231,3225806.00,555931437,555931437,1782865669036321,True,True
137658760,0.00000232,644382438.00,555931438,555931440,1782865681288906,False,True
137658761,0.00000232,14379834.00,555931441,555931441,1782865681322157,False,True
137658762,0.00000232,14379834.00,555931442,555931442,1782865681528446,False,True
137658763,0.00000232,14379834.00,555931443,555931443,1782865685849215,False,True
137658764,0.00000232,50000000.00,555931444,555931444,1782865704350500,False,True
137658765,0.00000232,2493408.00,555931445,555931445,1782865712921053,False,True
137658766,0.00000232,3182488.00,555931446,555931446,1782865723813980,False,True
137658767,0.00000232,236690200.00,555931447,555931447,1782865740044901,False,True
137658768,0.00000232,20635441.00,555931448,555931448,1782865778051919,False,True
137658769,0.00000231,20614805.00,555931449,555931449,1782865784495775,True,True
137658770,0.00000232,20505422.00,555931450,555931450,1782865791175815,False,True
137658771,0.00000231,20484917.00,555931451,555931451,1782865796900529,True,True
137658772,0.00000231,1337619.00,555931452,555931452,1782865838121317,True,True
137658773,0.00000232,215050000.00,555931453,555931453,1782865838911665,False,True
137658774,0.00000232,218873011.00,555931454,555931454,1782865846506755,False,True
137658775,0.00000232,431965682.00,555931455,555931455,1782865846507535,False,True
137658776,0.00000232,457106999.00,555931456,555931456,1782865846507860,False,True
137658777,0.00000232,10962358.00,555931457,555931457,1782865846507959,False,True
137658778,0.00000232,10962358.00,555931458,555931458,1782865846507998,False,True
137658779,0.00000232,120950323.00,555931459,555931459,1782865846508221,False,True
137658780,0.00000232,31549605.00,555931460,555931469,1782865846509007,False,True
137658781,0.00000232,192759000.00,555931470,555931470,1782865846509203,False,True
137658782,0.00000232,31549605.00,555931471,555931471,1782865846509258,False,True
137658783,0.00000232,1153700000.00,555931472,555931477,1782865846509394,False,True
137658784,0.00000232,31465516.00,555931478,555931479,1782865846509733,False,True
137658785,0.00000232,31465516.00,555931480,555931480,1782865846509851,False,True
137658786,0.00000232,31465516.00,555931481,555931481,1782865846510089,False,True
137658787,0.00000232,31529825.00,555931482,555931482,1782865846510319,False,True
137658788,0.00000232,9277611.00,555931483,555931495,1782865846510739,False,True
137658789,0.00000233,3239741.00,555931496,555931496,1782865850426964,False,True
137658790,0.00000233,100000000.00,555931497,555931497,1782865875424285,False,True
137658791,0.00000233,20000000.00,555931498,555931498,1782865876938762,False,True
137658792,0.00000233,2362615.00,555931499,555931499,1782865882282883,False,True
137658793,0.00000232,568281.00,555931500,555931500,1782865924121115,True,True
137658794,0.00000232,3395715.00,555931501,555931501,1782865930593893,True,True
137658795,0.00000233,52989413.00,555931502,555931503,1782865931231405,False,True
137658796,0.00000233,8029213.00,555931504,555931504,1782865931898590,False,True
137658797,0.00000233,84016912.00,555931505,555931505,1782865947258921,False,True
137658798,0.00000233,2468239.00,555931506,555931506,1782865953221538,False,True
137658799,0.00000232,8620689.00,555931507,555931507,1782865961676898,True,True
137658800,0.00000232,30000000.00,555931508,555931508,1782865968080167,True,True
137658801,0.00000233,21767241.00,555931509,555931509,1782865972853089,False,True
137658802,0.00000233,3860419.00,555931510,555931510,1782865976998898,False,True
137658803,0.00000232,71654446.00,555931511,555931511,1782865983535366,True,True
137658804,0.00000232,2056818.00,555931512,555931512,1782866009047371,True,True
137658805,0.00000233,27511349.00,555931513,555931513,1782866014613951,False,True
137658806,0.00000233,4291845.00,555931514,555931514,1782866045790756,False,True
137658807,0.00000233,3207104.00,555931515,555931515,1782866072820864,False,True
137658808,0.00000233,85836909.00,555931516,555931516,1782866074999522,False,True
137658809,0.00000232,78685793.00,555931517,555931518,1782866086647256,True,True
137658810,0.00000232,2448239.00,555931519,555931519,1782866121237801,True,True
137658811,0.00000232,14379834.00,555931520,555931520,1782866162285502,True,True
137658812,0.00000232,14376527.00,555931521,555931521,1782866162296385,True,True
137658813,0.00000232,10709239.00,555931522,555931522,1782866204148884,True,True
137658814,0.00000233,45077148.00,555931523,555931524,1782866211576368,False,True
137658815,0.00000232,884068.00,555931525,555931525,1782866232622213,True,True
137658816,0.00000232,4290343.00,555931526,555931526,1782866235499079,True,True
137658817,0.00000233,1284335.00,555931527,555931527,1782866268000964,False,True
137658818,0.00000233,2982832.00,555931528,555931528,1782866290887606,False,True
137658819,0.00000233,2150538.00,555931529,555931529,1782866297414264,False,True
137658820,0.00000233,2310538.00,555931530,555931530,1782866315920613,False,True
137658821,0.00000233,35439233.00,555931531,555931531,1782866365098662,False,True
137658822,0.00000233,1715022.00,555931532,555931532,1782866365549009,False,True
137658823,0.00000233,6182013.00,555931533,555931533,1782866372295409,False,True
137658824,0.00000232,1549489.00,555931534,555931534,1782866373286797,True,True
137658825,0.00000232,21939655.00,555931535,555931535,1782866377912781,True,True
137658826,0.00000233,21823928.00,555931536,555931536,1782866382429947,False,True
137658827,0.00000233,4642563.00,555931537,555931537,1782866385331903,False,True
137658828,0.00000233,6925561.00,555931538,555931538,1782866398466780,False,True
137658829,0.00000232,50000000.00,555931539,555931539,1782866398493110,True,True
137658830,0.00000233,430171.00,555931540,555931540,1782866407552131,False,True
137658831,0.00000232,238641625.00,555931541,555931542,1782866407644835,True,True
137658832,0.00000232,48034158.00,555931543,555931543,1782866425310910,True,True
137658833,0.00000232,666976.00,555931544,555931544,1782866437921069,True,True
137658834,0.00000232,30311942.00,555931545,555931545,1782866440956406,True,True
137658835,0.00000232,135898868.00,555931546,555931546,1782866472929970,True,True
137658836,0.00000233,2362615.00,555931547,555931547,1782866484205472,False,True
137658837,0.00000232,1531522.00,555931548,555931548,1782866489014681,True,True
137658838,0.00000232,120485751.00,555931549,555931549,1782866509281779,True,True
137658839,0.00000233,2353406.00,555931550,555931550,1782866513072546,False,True
137658840,0.00000232,1443002.00,555931551,555931551,1782866521448096,True,True
137658841,0.00000232,14373219.00,555931552,555931552,1782866521491808,True,True
137658842,0.00000232,43016334.00,555931553,555931553,1782866521552313,True,True
137658843,0.00000232,28718895.00,555931554,555931554,1782866525809362,True,True
137658844,0.00000232,129310344.00,555931555,555931555,1782866534119192,True,True
137658845,0.00000232,353743415.00,555931556,555931557,1782866544331865,True,True
137658846,0.00000232,25100689.00,555931558,555931558,1782866581509654,True,True
137658847,0.00000232,14376527.00,555931559,555931559,1782866581539487,True,True
137658848,0.00000232,1513764.00,555931560,555931560,1782866590213918,True,True
137658849,0.00000232,26633788.00,555931561,555931561,1782866611302689,True,True
137658850,0.00000232,9517382.00,555931562,555931562,1782866615475846,True,True
137658851,0.00000233,9120654.00,555931563,555931563,1782866620553093,False,True
137658852,0.00000232,27245466.00,555931564,555931564,1782866674983443,True,True
137658853,0.00000232,14746326.00,555931565,555931565,1782866686482088,True,True
137658854,0.00000232,2653656.00,555931566,555931566,1782866688992593,True,True
137658855,0.00000232,126293103.00,555931567,555931567,1782866690042971,True,True
137658856,0.00000232,25711939.00,555931568,555931568,1782866724705679,True,True
137658857,0.00000233,1767518.00,555931569,555931569,1782866736270286,False,True
137658858,0.00000233,2145922.00,555931570,555931570,1782866736319769,False,True
137658859,0.00000232,21982758.00,555931571,555931571,1782866743959486,True,True
137658860,0.00000233,567510.00,555931572,555931572,1782866752084380,False,True
137658861,0.00000233,873107.00,555931573,555931573,1782866793320920,False,True
137658862,0.00000232,3225806.00,555931574,555931574,1782866869468934,True,True
137658863,0.00000232,15086206.00,555931575,555931575,1782866875304411,True,True
137658864,0.00000232,204011365.00,555931576,555931576,1782866903005252,True,True
137658865,0.00000232,159482758.00,555931577,555931577,1782866915989258,True,True
137658866,0.00000232,157939914.00,555931578,555931578,1782866989631295,True,True
137658867,0.00000232,729149.00,555931579,555931579,1782867036021495,True,True
137658868,0.00000233,3225806.00,555931580,555931580,1782867048074524,False,True
137658869,0.00000233,643776824.00,555931581,555931581,1782867098082706,False,True
137658870,0.00000233,3225806.00,555931582,555931582,1782867108547380,False,True
137658871,0.00000233,14348976.00,555931583,555931583,1782867122289350,False,True
137658872,0.00000233,2150538.00,555931584,555931584,1782867139486722,False,True
137658873,0.00000233,14348976.00,555931585,555931585,1782867182284894,False,True
137658874,0.00000233,43046928.00,555931586,555931586,1782867182289729,False,True
137658875,0.00000233,14348976.00,555931587,555931587,1782867242281261,False,True
137658876,0.00000232,721856236.00,555931588,555931590,1782867250351358,True,True
137658877,0.00000232,16377048.00,555931591,555931591,1782867266310574,True,True
137658878,0.00000232,641771.00,555931592,555931592,1782867271148250,True,True
137658879,0.00000233,1442277.00,555931593,555931593,1782867303395999,False,True
137658880,0.00000233,1969403.00,555931594,555931594,1782867338041593,False,True
137658881,0.00000232,13549418.00,555931595,555931595,1782867360560573,True,True
137658882,0.00000232,7189917.00,555931596,555931596,1782867361183973,True,True
137658883,0.00000232,14348976.00,555931597,555931597,1782867361475980,True,True
137658884,0.00000233,602346.00,555931598,555931598,1782867364858678,False,True
137658885,0.00000233,2626990.00,555931599,555931599,1782867375939818,False,True
137658886,0.00000233,30000000.00,555931600,555931600,1782867382672157,False,True
137658887,0.00000233,593394.00,555931601,555931601,1782867392821070,False,True
137658888,0.00000233,2422400.00,555931602,555931602,1782867399816895,False,True
137658889,0.00000232,457657.00,555931603,555931603,1782867440986163,True,True
137658890,0.00000232,4576681.00,555931604,555931604,1782867451542039,True,True
137658891,0.00000232,9601230.00,555931605,555931605,1782867462213672,True,True
137658892,0.00000232,722674.00,555931606,555931606,1782867466105994,True,True
137658893,0.00000232,3225806.00,555931607,555931607,1782867469487775,True,True
137658894,0.00000232,14345676.00,555931608,555931608,1782867542285520,True,True
137658895,0.00000233,7189917.00,555931609,555931609,1782867543094855,False,True
137658896,0.00000233,3225806.00,555931610,555931610,1782867588248138,False,True
137658897,0.00000233,670822.00,555931611,555931611,1782867639521107,False,True
137658898,0.00000233,4301076.00,555931612,555931612,1782867639622415,False,True
137658899,0.00000233,23626155.00,555931613,555931614,1782867647306639,False,True
137658900,0.00000233,3225806.00,555931615,555931615,1782867651131054,False,True
137658901,0.00000233,12875536.00,555931616,555931616,1782867659441640,False,True
137658902,0.00000232,5579399.00,555931617,555931617,1782867748086045,True,True
137658903,0.00000233,565762.00,555931618,555931618,1782867754620727,False,True
137658904,0.00000233,1930213.00,555931619,555931619,1782867756073890,False,True
137658905,0.00000233,40167382.00,555931620,555931620,1782867778043673,False,True
137658906,0.00000232,43015988.00,555931621,555931621,1782867816642236,True,True
137658907,0.00000232,43087552.00,555931622,555931622,1782867818144680,True,True
137658908,0.00000232,43113423.00,555931623,555931623,1782867828674415,True,True
137658909,0.00000232,43122050.00,555931624,555931624,1782867830179633,True,True
137658910,0.00000232,42852114.00,555931625,555931625,1782867837687438,True,True
137658911,0.00000232,14345683.00,555931626,555931626,1782867842275591,True,True
137658912,0.00000232,28722203.00,555931627,555931627,1782867842283178,True,True
137658913,0.00000232,43391986.00,555931628,555931628,1782867843696150,True,True
137658914,0.00000232,8538461.00,555931629,555931629,1782867854283768,True,True
137658915,0.00000232,37590417.00,555931630,555931630,1782867861216700,True,True
137658916,0.00000232,109275698.00,555931631,555931631,1782867865789576,True,True
137658917,0.00000232,8620689.00,555931632,555931632,1782867869385915,True,True
137658918,0.00000232,43132017.00,555931633,555931633,1782867880767061,True,True
137658919,0.00000232,128889199.00,555931634,555931634,1782867880769291,True,True
137658920,0.00000232,7000000.00,555931635,555931635,1782867881136063,True,True
137658921,0.00000232,30000000.00,555931636,555931636,1782867884023909,True,True
137658922,0.00000232,43139216.00,555931637,555931637,1782867886767672,True,True
137658923,0.00000232,43140650.00,555931638,555931638,1782867888272690,True,True
137658924,0.00000232,43140650.00,555931639,555931639,1782867891280195,True,True
137658925,0.00000232,43140650.00,555931640,555931640,1782867892784078,True,True
137658926,0.00000232,597800000.00,555931641,555931641,1782867895219766,True,True
137658927,0.00000232,665900000.00,555931642,555931642,1782867895239724,True,True
137658928,0.00000232,739300000.00,555931643,555931643,1782867895242238,True,True
137658929,0.00000232,204414000.00,555931644,555931644,1782867895269437,True,True
137658930,0.00000232,78543000.00,555931645,555931646,1782867895293909,True,True
137658931,0.00000232,148711000.00,555931647,555931647,1782867895293982,True,True
137658932,0.00000232,228970000.00,555931648,555931649,1782867895306702,True,True
137658933,0.00000232,43132021.00,555931650,555931650,1782867895788972,True,True
137658934,0.00000232,42933575.00,555931651,555931651,1782867895807672,True,True
137658935,0.00000232,89220579.00,555931652,555931652,1782867895814317,True,True
137658936,0.00000232,143940000.00,555931653,555931653,1782867895828910,True,True
137658937,0.00000232,76592821.00,555931654,555931654,1782867900489942,True,True
137658938,0.00000232,28694651.00,555931655,555931655,1782867901227699,True,True
137658939,0.00000233,591365.00,555931656,555931656,1782867901500603,False,True
137658940,0.00000232,28688051.00,555931657,555931657,1782867901599651,True,True
137658941,0.00000232,216033000.00,555931658,555931658,1782867906683895,True,True
137658942,0.00000232,5054270449.00,555931659,555931685,1782867910968529,True,True
137658943,0.00000232,5690000.00,555931686,555931686,1782867910971444,True,True
137658944,0.00000232,165200000.00,555931687,555931687,1782867910975534,True,True
137658945,0.00000232,114740107.00,555931688,555931688,1782867910975864,True,True
137658946,0.00000232,5481179.00,555931689,555931689,1782867910977522,True,True
137658947,0.00000232,376734500.00,555931690,555931692,1782867910979201,True,True
137658948,0.00000232,5481179.00,555931693,555931693,1782867910979872,True,True
137658949,0.00000232,4300090.00,555931694,555931694,1782867910981187,True,True
137658950,0.00000232,716600000.00,555931695,555931697,1782867910982396,True,True
137658951,0.00000232,8075761091.00,555931698,555931718,1782867910982939,True,True
137658952,0.00000232,101329190.00,555931719,555931731,1782867910990609,True,True
137658953,0.00000231,372910000.00,555931732,555931732,1782867911066714,True,True
137658954,0.00000232,2198275.00,555931733,555931733,1782867911086943,False,True
137658955,0.00000232,957266.00,555931734,555931734,1782867912228612,False,True
137658956,0.00000232,806736.00,555931735,555931735,1782867912234923,False,True
137658957,0.00000232,444568.00,555931736,555931736,1782867912235482,False,True
137658958,0.00000232,2239208.00,555931737,555931737,1782867912235596,False,True
137658959,0.00000232,1971790.00,555931738,555931738,1782867912235663,False,True
137658960,0.00000232,436228.00,555931739,555931739,1782867912235849,False,True
137658961,0.00000232,61497891.00,555931740,555931740,1782867958785489,False,True
137658962,0.00000232,14632195388.00,555931741,555931775,1782867961644351,False,True
137658963,0.00000232,1452500.00,555931776,555931778,1782867961645881,False,True
137658964,0.00000232,1298000000.00,555931779,555931780,1782867961648171,True,True
137658965,0.00000232,31563915.00,555931781,555931781,1782867961649070,True,True
137658966,0.00000232,3225806.00,555931782,555931782,1782867962066133,True,True
137658967,0.00000232,1695071714.00,555931783,555931783,1782867962216605,True,True
137658968,0.00000232,757773719.00,555931784,555931784,1782867962216701,True,True
137658969,0.00000232,217702000.00,555931785,555931785,1782867963507892,True,True
137658970,0.00000232,5481179.00,555931786,555931786,1782867963508109,True,True
137658971,0.00000232,5481179.00,555931787,555931787,1782867963508262,True,True
137658972,0.00000232,214506000.00,555931788,555931788,1782867963641491,True,True
137658973,0.00000232,3187664312.00,555931789,555931805,1782867963650091,True,True
137658974,0.00000232,774849300.00,555931806,555931820,1782867963650145,True,True
137658975,0.00000232,2330191285.00,555931821,555931822,1782867964760701,False,True
137658976,0.00000232,3117424901.00,555931823,555931834,1782867964760819,False,True
137658977,0.00000232,7677849183.00,555931835,555931849,1782867964760822,False,True
137658978,0.00000232,2328027448.00,555931850,555931856,1782867964761117,False,True
137658979,0.00000232,1452500.00,555931857,555931859,1782867964762039,False,True
137658980,0.00000232,538768000.00,555931860,555931860,1782867964764766,True,True
137658981,0.00000232,80204306.00,555931861,555931861,1782867964764861,True,True
137658982,0.00000232,951920667.00,555931862,555931862,1782867964765503,True,True
137658983,0.00000232,19827585.00,555931863,555931863,1782867964865944,True,True
137658984,0.00000232,19827585.00,555931864,555931864,1782867964865966,True,True
137658985,0.00000232,40086205.00,555931865,555931865,1782867964870197,True,True
137658986,0.00000232,61494173.00,555931866,555931866,1782867966923337,True,True
137658987,0.00000233,2145922.00,555931867,555931867,1782867971450589,False,True
137658988,0.00000232,220037000.00,555931868,555931868,1782867973065144,True,True
137658989,0.00000232,1943994500.00,555931869,555931871,1782867973065346,True,True
137658990,0.00000232,4044965499.00,555931872,555931897,1782867973066601,True,True
137658991,0.00000232,86411749.00,555931898,555931898,1782867975963094,False,True
137658992,0.00000232,43215200.00,555931899,555931899,1782867975972383,False,True
137658993,0.00000232,259216600.00,555931900,555931901,1782867975973578,False,True
137658994,0.00000232,5100192837.00,555931902,555931905,1782867977652639,False,True
137658995,0.00000232,465932073.00,555931906,555931906,1782867977652847,False,True
137658996,0.00000232,325383586.00,555931907,555931911,1782867977653808,False,True
137658997,0.00000232,823008222.00,555931912,555931912,1782867977653811,False,True
137658998,0.00000232,603150048.00,555931913,555931920,1782867977654066,False,True
137658999,0.00000232,165200000.00,555931921,555931921,1782867977655047,False,True
137659000,0.00000232,4319654.00,555931922,555931922,1782867977657510,False,True
137659001,0.00000232,40018707.00,555931923,555931923,1782867980480694,False,True
137659002,0.00000232,88045999.00,555931924,555931924,1782867988502386,False,True
137659003,0.00000232,341983930.00,555931925,555931925,1782867988526679,False,True
137659004,0.00000232,584094.00,555931926,555931926,1782867993221138,False,True
137659005,0.00000232,4586769.00,555931927,555931927,1782867996045365,False,True
137659006,0.00000232,28759668.00,555931928,555931928,1782868022280074,False,True
137659007,0.00000232,10422015.00,555931929,555931929,1782868026518437,False,True
137659008,0.00000231,1269019.00,555931930,555931930,1782868027318486,True,True
137659009,0.00000232,21861471.00,555931931,555931931,1782868034408419,False,True
137659010,0.00000232,16306034.00,555931932,555931932,1782868064541303,False,True
137659011,0.00000232,40948275.00,555931933,555931933,1782868138791126,False,True
137659012,0.00000231,6647093.00,555931934,555931934,1782868159077778,True,True
137659013,0.00000231,454381.00,555931935,555931935,1782868185942457,True,True
137659014,0.00000231,20046371.00,555931936,555931936,1782868200920344,True,True
137659015,0.00000231,173160173.00,555931937,555931937,1782868208719446,True,True
137659016,0.00000232,1219725.00,555931938,555931938,1782868223120640,False,True
137659017,0.00000231,1402897833.00,555931939,555931943,1782868231518104,True,True
137659018,0.00000231,1661710.00,555931944,555931944,1782868234649134,True,True
137659019,0.00000231,545250743.00,555931945,555931962,1782868235274453,True,True
137659020,0.00000231,42884166.00,555931963,555931963,1782868235440633,True,True
137659021,0.00000231,189843000.00,555931964,555931965,1782868235605171,True,True
137659022,0.00000231,66214000.00,555931966,555931966,1782868237622197,True,True
137659023,0.00000231,215800000.00,555931967,555931967,1782868238206820,True,True
137659024,0.00000231,120950300.00,555931968,555931968,1782868238277352,True,True
137659025,0.00000231,5481179.00,555931969,555931969,1782868238296854,True,True
137659026,0.00000231,5481179.00,555931970,555931970,1782868238296910,True,True
137659027,0.00000231,386371499.00,555931971,555931979,1782868238298955,True,True
137659028,0.00000231,772929193.00,555931980,555931984,1782868238320297,True,True
137659029,0.00000231,3313022059.00,555931985,555931985,1782868238323842,True,True
137659030,0.00000231,716836000.00,555931986,555931986,1782868238345826,True,True
137659031,0.00000231,678240000.00,555931987,555931987,1782868238365586,True,True
137659032,0.00000231,1284192000.00,555931988,555931988,1782868238370335,True,True
137659033,0.00000231,1101084990.00,555931989,555932025,1782868238372304,True,True
137659034,0.00000231,166824500.00,555932026,555932032,1782868238373809,True,True
137659035,0.00000231,861739000.00,555932033,555932045,1782868238374699,True,True
137659036,0.00000231,4318661.00,555932046,555932046,1782868238377451,True,True
137659037,0.00000231,514394000.00,555932047,555932047,1782868238379169,True,True
137659038,0.00000231,885521600.00,555932048,555932049,1782868238380849,True,True
137659039,0.00000231,43759001.00,555932050,555932050,1782868238445669,True,True
137659040,0.00000231,3380677100.00,555932051,555932074,1782868238454488,True,True
137659041,0.00000231,2240000.00,555932075,555932079,1782868238456299,True,True
137659042,0.00000231,560000.00,555932080,555932081,1782868238458667,True,True
137659043,0.00000231,785945000.00,555932082,555932089,1782868238462874,True,True
137659044,0.00000231,63098677.00,555932090,555932090,1782868238465735,True,True
137659045,0.00000231,109687500.00,555932091,555932091,1782868238465859,True,True
137659046,0.00000231,605409988.00,555932092,555932102,1782868238471247,True,True
137659047,0.00000231,16559806.00,555932103,555932103,1782868238473956,False,True
137659048,0.00000231,43478260.00,555932104,555932104,1782868238474842,False,True
137659049,0.00000230,106738721.00,555932105,555932126,1782868238511173,True,True
137659050,0.00000230,33333333.00,555932127,555932129,1782868238511173,True,True
137659051,0.00000230,23082242.00,555932130,555932130,1782868238511173,True,True
137659052,0.00000231,14285715.00,555932131,555932131,1782868238867364,False,True
137659053,0.00000231,3239741.00,555932132,555932132,1782868239236414,False,True
137659054,0.00000230,9545135.00,555932133,555932133,1782868239775221,True,True
137659055,0.00000231,8658009.00,555932134,555932134,1782868260818299,False,True
137659056,0.00000230,6869781.00,555932135,555932135,1782868264255813,True,True
137659057,0.00000230,12790615.00,555932136,555932139,1782868278226863,True,True
137659058,0.00000231,1593073.00,555932140,555932140,1782868293290755,False,True
137659059,0.00000230,269676635.00,555932141,555932172,1782868295384938,True,True
137659060,0.00000230,500000.00,555932173,555932173,1782868296158963,True,True
137659061,0.00000230,535915.00,555932174,555932174,1782868296166720,True,True
137659062,0.00000230,5000000.00,555932175,555932175,1782868299165226,True,True
137659063,0.00000231,43278260.00,555932176,555932176,1782868299340292,False,True
137659064,0.00000231,41957174.00,555932177,555932177,1782868300343621,False,True
137659065,0.00000231,4213611.00,555932178,555932178,1782868304072998,False,True
137659066,0.00000231,7173000.00,555932179,555932179,1782868311371089,False,True
137659067,0.00000230,35717896.00,555932180,555932180,1782868338871362,True,True
137659068,0.00000231,8396244.00,555932181,555932181,1782868346633433,False,True
137659069,0.00000230,759732.00,555932182,555932182,1782868353120547,True,True
137659070,0.00000230,4500000.00,555932183,555932183,1782868356163623,True,True
137659071,0.00000230,650062.00,555932184,555932184,1782868356169606,True,True
137659072,0.00000230,661696.00,555932185,555932185,1782868356202590,True,True
137659073,0.00000231,2597402.00,555932186,555932186,1782868360492546,False,True
137659074,0.00000230,2870200000.00,555932187,555932223,1782868365052542,True,True
137659075,0.00000230,4791200000.00,555932224,555932224,1782868365052805,True,True
137659076,0.00000230,47990711.00,555932225,555932225,1782868365053223,True,True
137659077,0.00000230,78907142.00,555932226,555932226,1782868365053568,True,True
137659078,0.00000230,95395984.00,555932227,555932227,1782868365054727,True,True
137659079,0.00000230,73019156.00,555932228,555932228,1782868365055211,True,True
137659080,0.00000230,297963202.00,555932229,555932229,1782868365057260,True,True
137659081,0.00000230,200210906.00,555932230,555932230,1782868365059140,True,True
137659082,0.00000230,39000000.00,555932231,555932231,1782868365088340,True,True
137659083,0.00000230,416200000.00,555932232,555932232,1782868365093661,True,True
137659084,0.00000230,417123580.00,555932233,555932233,1782868365129412,True,True
137659085,0.00000230,3047300000.00,555932234,555932257,1782868365292449,True,True
137659086,0.00000230,145448031.00,555932258,555932261,1782868365322463,True,True
137659087,0.00000231,200000000.00,555932262,555932262,1782868365338651,False,True
137659088,0.00000230,91513216.00,555932263,555932267,1782868365379818,True,True
137659089,0.00000230,876017899.00,555932268,555932279,1782868365386591,True,True
137659090,0.00000230,2585999.00,555932280,555932280,1782868365430289,True,True
137659091,0.00000230,219100000.00,555932281,555932281,1782868365462311,True,True
137659092,0.00000230,219000000.00,555932282,555932282,1782868365496820,True,True
137659093,0.00000230,5922684309.00,555932283,555932283,1782868365502095,True,True
137659094,0.00000230,130182000.00,555932284,555932284,1782868365503833,True,True
137659095,0.00000230,100000000.00,555932285,555932285,1782868365507084,True,True
137659096,0.00000230,121475000.00,555932286,555932286,1782868365507734,True,True
137659097,0.00000230,239202614.00,555932287,555932287,1782868365508586,True,True
137659098,0.00000230,264200000.00,555932288,555932288,1782868365513752,True,True
137659099,0.00000230,21598200.00,555932289,555932289,1782868365515931,True,True
137659100,0.00000230,99876854.00,555932290,555932290,1782868365517484,True,True
137659101,0.00000230,346579822.00,555932291,555932291,1782868365517540,True,True
137659102,0.00000230,218388000.00,555932292,555932292,1782868365521192,True,True
137659103,0.00000230,173535791.00,555932293,555932293,1782868365525649,True,True
137659104,0.00000230,233573293.00,555932294,555932294,1782868365537623,True,True
137659105,0.00000230,165200000.00,555932295,555932295,1782868365541471,True,True
137659106,0.00000230,354200000.00,555932296,555932296,1782868365548911,True,True
137659107,0.00000230,89087100.00,555932297,555932297,1782868365562292,True,True
137659108,0.00000230,187917996.00,555932298,555932298,1782868365565146,True,True
137659109,0.00000230,32387900.00,555932299,555932299,1782868365565578,True,True
137659110,0.00000230,165913649.00,555932300,555932300,1782868365602572,True,True
137659111,0.00000230,446674900.00,555932301,555932301,1782868365626772,True,True
137659112,0.00000230,269458000.00,555932302,555932302,1782868365628132,True,True
137659113,0.00000230,591632100.00,555932303,555932303,1782868365632168,True,True
137659114,0.00000230,412707736.00,555932304,555932304,1782868365632219,True,True
137659115,0.00000230,121475000.00,555932305,555932305,1782868365633298,True,True
137659116,0.00000230,34841300.00,555932306,555932306,1782868365633644,True,True
137659117,0.00000230,216000000.00,555932307,555932307,1782868365647516,True,True
137659118,0.00000230,130472000.00,555932308,555932308,1782868365656444,True,True
137659119,0.00000230,165200000.00,555932309,555932309,1782868365657624,True,True
137659120,0.00000230,129038000.00,555932310,555932310,1782868365661626,True,True
137659121,0.00000230,227088167.00,555932311,555932311,1782868365662961,True,True
137659122,0.00000230,195220008.00,555932312,555932312,1782868365666232,True,True
137659123,0.00000230,560495018.00,555932313,555932313,1782868365686400,True,True
137659124,0.00000230,213087000.00,555932314,555932314,1782868365686513,True,True
137659125,0.00000230,218388001.00,555932315,555932315,1782868365688493,True,True
137659126,0.00000230,165200000.00,555932316,555932316,1782868365711957,True,True
137659127,0.00000230,5481179.00,555932317,555932317,1782868365713526,True,True
137659128,0.00000230,5481179.00,555932318,555932318,1782868365713668,True,True
137659129,0.00000230,161608300.00,555932319,555932319,1782868365829244,True,True
137659130,0.00000230,86367300.00,555932320,555932320,1782868365830227,True,True
137659131,0.00000230,378616900.00,555932321,555932321,1782868365830273,True,True
137659132,0.00000230,228218300.00,555932322,555932322,1782868365833746,True,True
137659133,0.00000230,202264000.00,555932323,555932323,1782868365835158,True,True
137659134,0.00000230,453700500.00,555932324,555932324,1782868365835313,True,True
137659135,0.00000230,220191000.00,555932325,555932325,1782868365881616,True,True
137659136,0.00000230,217205850.00,555932326,555932326,1782868365889310,True,True
137659137,0.00000230,17440283.00,555932327,555932327,1782868365898169,True,True
137659138,0.00000230,132193000.00,555932328,555932328,1782868365899813,True,True
137659139,0.00000230,271304346.00,555932329,555932329,1782868365909168,True,True
137659140,0.00000230,180086580.00,555932330,555932330,1782868365909303,True,True
137659141,0.00000230,121475000.00,555932331,555932331,1782868365937245,True,True
137659142,0.00000230,165970424.00,555932332,555932332,1782868365940973,True,True
137659143,0.00000230,114103400.00,555932333,555932333,1782868365943060,True,True
137659144,0.00000230,275274358.00,555932334,555932334,1782868365955792,True,True
137659145,0.00000230,109687446.00,555932335,555932335,1782868365962538,True,True
137659146,0.00000230,91444277.00,555932336,555932336,1782868365968682,True,True
137659147,0.00000230,448589476.00,555932337,555932337,1782868365970017,True,True
137659148,0.00000230,78692000.00,555932338,555932338,1782868365987254,True,True
137659149,0.00000230,652371000.00,555932339,555932339,1782868365987314,True,True
137659150,0.00000230,498648000.00,555932340,555932348,1782868365987479,True,True
137659151,0.00000230,162272000.00,555932349,555932349,1782868365987492,True,True
137659152,0.00000230,387212000.00,555932350,555932350,1782868365987748,True,True
137659153,0.00000230,700839000.00,555932351,555932376,1782868365987928,True,True
137659154,0.00000230,161132515.00,555932377,555932383,1782868365988450,True,True
137659155,0.00000229,493173485.00,555932384,555932400,1782868365988450,True,True
137659156,0.00000229,59540052.00,555932401,555932401,1782868365988450,True,True
137659157,0.00000229,308478000.00,555932402,555932402,1782868365988662,True,True
137659158,0.00000229,39330000.00,555932403,555932403,1782868365992035,True,True
137659159,0.00000229,250100000.00,555932404,555932404,1782868365995291,True,True
137659160,0.00000229,59045000.00,555932405,555932405,1782868365996378,True,True
137659161,0.00000229,169861000.00,555932406,555932406,1782868365997013,True,True
137659162,0.00000229,484445000.00,555932407,555932407,1782868365997117,True,True
137659163,0.00000229,506638000.00,555932408,555932449,1782868365997489,True,True
137659164,0.00000229,145747000.00,555932450,555932453,1782868366001222,True,True
137659165,0.00000229,344601000.00,555932454,555932480,1782868366001246,True,True
137659166,0.00000229,39198606.00,555932481,555932481,1782868366036600,True,True
137659167,0.00000229,107398348.00,555932482,555932482,1782868366047309,True,True
137659168,0.00000229,100000000.00,555932483,555932483,1782868366143976,True,True
137659169,0.00000230,5497761319.00,555932484,555932489,1782868366317412,False,True
137659170,0.00000229,643738055.00,555932490,555932490,1782868378449477,True,True
137659171,0.00000229,5481179.00,555932491,555932491,1782868378583721,True,True
137659172,0.00000229,5481179.00,555932492,555932492,1782868378583898,True,True
137659173,0.00000229,372910000.00,555932493,555932493,1782868379185811,True,True
137659174,0.00000229,220085082.00,555932494,555932494,1782868379221227,True,True
137659175,0.00000229,276266678.00,555932495,555932495,1782868379234266,True,True
137659176,0.00000229,1197439118.00,555932496,555932497,1782868379320193,True,True
137659177,0.00000229,1002330036.00,555932498,555932498,1782868379321640,True,True
137659178,0.00000229,276181000.00,555932499,555932499,1782868379323306,True,True
137659179,0.00000229,171616253.00,555932500,555932500,1782868379326405,True,True
137659180,0.00000229,558682000.00,555932501,555932502,1782868379326440,True,True
137659181,0.00000229,803250000.00,555932503,555932503,1782868379329562,True,True
137659182,0.00000229,558682000.00,555932504,555932504,1782868379332569,True,True
137659183,0.00000229,5578595677.00,555932505,555932508,1782868379339730,True,True
137659184,0.00000229,1912643.00,555932509,555932509,1782868379341400,True,True
137659185,0.00000229,489510015.00,555932510,555932510,1782868379341402,True,True
137659186,0.00000229,500000000.00,555932511,555932511,1782868379485768,True,True
137659187,0.00000229,500000000.00,555932512,555932517,1782868379488408,True,True
137659188,0.00000229,222317900.00,555932518,555932526,1782868379489670,True,True
137659189,0.00000229,500000000.00,555932527,555932527,1782868379489820,True,True
137659190,0.00000229,15502474.00,555932528,555932528,1782868379491554,True,True
137659191,0.00000229,325400000.00,555932529,555932529,1782868379492496,True,True
137659192,0.00000229,3137090000.00,555932530,555932531,1782868379494795,True,True
137659193,0.00000229,122004300.00,555932532,555932532,1782868379497948,True,True
137659194,0.00000229,1176022732.00,555932533,555932562,1782868379520794,True,True
137659195,0.00000228,100000000.00,555932563,555932586,1782868379524009,True,True
137659196,0.00000228,12159051.00,555932587,555932587,1782868379524009,True,True
137659197,0.00000228,233802556.00,555932588,555932593,1782868379524009,True,True
137659198,0.00000228,3857607012.00,555932594,555932657,1782868379524009,True,True
137659199,0.00000228,67133745.00,555932658,555932658,1782868379524009,True,True
137659200,0.00000228,3332736.00,555932659,555932659,1782868379572556,True,True
137659201,0.00000229,597200000.00,555932660,555932660,1782868379851847,False,True
137659202,0.00000229,1420300000.00,555932661,555932661,1782868379854572,False,True
137659203,0.00000229,8804900000.00,555932662,555932669,1782868379854703,False,True
137659204,0.00000229,3488400000.00,555932670,555932676,1782868379856341,False,True
137659205,0.00000229,7762600000.00,555932677,555932715,1782868379856574,False,True
137659206,0.00000229,2182500000.00,555932716,555932723,1782868379857231,False,True
137659207,0.00000229,44529027.00,555932724,555932726,1782868379858539,False,True
137659208,0.00000229,531300000.00,555932727,555932727,1782868379869721,True,True
137659209,0.00000229,549100000.00,555932728,555932728,1782868379879162,True,True
137659210,0.00000229,100000000.00,555932729,555932729,1782868379930978,True,True
137659211,0.00000229,91000000.00,555932730,555932730,1782868380051608,True,True
137659212,0.00000229,51920127.00,555932731,555932731,1782868380132038,True,True
137659213,0.00000229,142117133.00,555932732,555932732,1782868380132072,True,True
137659214,0.00000229,5481179.00,555932733,555932733,1782868380351652,True,True
137659215,0.00000229,5481179.00,555932734,555932734,1782868380352294,True,True
137659216,0.00000229,17168739.00,555932735,555932735,1782868381212143,True,True
137659217,0.00000230,12108430.00,555932736,555932736,1782868381935272,False,True
137659218,0.00000229,126814286.00,555932737,555932737,1782868382058685,True,True
137659219,0.00000229,234160000.00,555932738,555932738,1782868382095133,True,True
137659220,0.00000229,138750000.00,555932739,555932739,1782868382101687,True,True
137659221,0.00000229,5481179.00,555932740,555932740,1782868382115200,True,True
137659222,0.00000229,5481179.00,555932741,555932741,1782868382115319,True,True
137659223,0.00000229,533000000.00,555932742,555932742,1782868382406295,True,True
137659224,0.00000229,1344900000.00,555932743,555932745,1782868382421162,True,True
137659225,0.00000229,86290657.00,555932746,555932752,1782868382423836,True,True
137659226,0.00000229,13625016.00,555932753,555932753,1782868382743626,False,True
137659227,0.00000229,34053609.00,555932754,555932754,1782868383002089,False,True
137659228,0.00000229,79204812.00,555932755,555932755,1782868383004626,False,True
137659229,0.00000229,64657929.00,555932756,555932756,1782868383005383,False,True
137659230,0.00000229,250060211.00,555932757,555932757,1782868383007731,False,True
137659231,0.00000229,110293831.00,555932758,555932758,1782868383009443,False,True
137659232,0.00000229,44404388.00,555932759,555932759,1782868383012398,False,True
137659233,0.00000229,469390657.00,555932760,555932760,1782868383072576,False,True
137659234,0.00000229,739500000.00,555932761,555932761,1782868383080368,False,True
137659235,0.00000229,568300000.00,555932762,555932762,1782868383089913,False,True
137659236,0.00000229,2456463500.00,555932763,555932765,1782868383125013,False,True
137659237,0.00000229,3780700300.00,555932766,555932775,1782868383125708,False,True
137659238,0.00000229,3200000000.00,555932776,555932790,1782868383125904,False,True
137659239,0.00000229,1460571.00,555932791,555932794,1782868383127336,False,True
137659240,0.00000229,5481179.00,555932795,555932795,1782868383706598,True,True
137659241,0.00000229,5481179.00,555932796,555932796,1782868383706880,True,True
137659242,0.00000229,651900000.00,555932797,555932798,1782868384238322,True,True
137659243,0.00000229,626200000.00,555932799,555932799,1782868384242665,True,True
137659244,0.00000229,1654500000.00,555932800,555932800,1782868384250291,True,True
137659245,0.00000229,930796731.00,555932801,555932811,1782868384270263,True,True
137659246,0.00000229,21249467.00,555932812,555932812,1782868384592591,False,True
137659247,0.00000229,52981460.00,555932813,555932813,1782868384804693,False,True
137659248,0.00000229,845300000.00,555932814,555932814,1782868384858924,False,True
137659249,0.00000229,806900000.00,555932815,555932815,1782868384861691,False,True
137659250,0.00000229,2149200000.00,555932816,555932818,1782868384864451,False,True
137659251,0.00000229,4376367.00,555932819,555932819,1782868384866723,False,True
137659252,0.00000228,13728310.00,555932820,555932820,1782868384890092,True,True
137659253,0.00000229,2619301000.00,555932821,555932821,1782868384910834,False,True
137659254,0.00000229,488020200.00,555932822,555932828,1782868384911590,False,True
137659255,0.00000229,3200000000.00,555932829,555932834,1782868384911708,False,True
137659256,0.00000229,3200000000.00,555932835,555932845,1782868384911945,False,True
137659257,0.00000229,1460561.00,555932846,555932849,1782868384912693,False,True
137659258,0.00000229,88869971.00,555932850,555932850,1782868385132081,True,True
137659259,0.00000229,55374640.00,555932851,555932851,1782868385132260,True,True
137659260,0.00000229,150131479.00,555932852,555932852,1782868385133372,True,True
137659261,0.00000229,282705869.00,555932853,555932853,1782868385133929,True,True
137659262,0.00000229,60552655.00,555932854,555932854,1782868385133978,True,True
137659263,0.00000229,90349298.00,555932855,555932855,1782868385134556,True,True
137659264,0.00000229,411900000.00,555932856,555932856,1782868385343147,True,True
137659265,0.00000229,4357298.00,555932857,555932857,1782868385345862,True,True
137659266,0.00000229,479600000.00,555932858,555932858,1782868385346986,True,True
137659267,0.00000229,638900000.00,555932859,555932859,1782868385349168,True,True
137659268,0.00000229,923959973.00,555932860,555932860,1782868385418610,True,True
137659269,0.00000229,690863378.00,555932861,555932863,1782868385418726,True,True
137659270,0.00000229,88150449.00,555932864,555932874,1782868385465320,True,True
137659271,0.00000228,2434782.00,555932875,555932875,1782868386972412,True,True
137659272,0.00000229,15164222.00,555932876,555932876,1782868387136374,False,True
137659273,0.00000229,1466703.00,555932877,555932877,1782868388338882,False,True
137659274,0.00000229,19403000.00,555932878,555932878,1782868388517397,False,True
137659275,0.00000228,63938596.00,555932879,555932880,1782868393157786,True,True
137659276,0.00000228,1413964600.00,555932881,555932900,1782868393692338,True,True
137659277,0.00000228,122538293.00,555932901,555932901,1782868393696836,True,True
137659278,0.00000228,613549551.00,555932902,555932938,1782868393697127,True,True
137659279,0.00000228,289147023.00,555932939,555932951,1782868393699594,True,True
137659280,0.00000227,98294977.00,555932952,555932960,1782868393699594,True,True
137659281,0.00000228,6328016.00,555932961,555932961,1782868393699594,False,True
137659282,0.00000227,25042464.00,555932962,555932962,1782868393699594,True,True
137659283,0.00000227,562674182.00,555932963,555932980,1782868393699594,True,True
137659284,0.00000227,12820512.00,555932981,555932981,1782868393699594,True,True
137659285,0.00000227,4350067482.00,555932982,555933055,1782868393699594,True,True
137659286,0.00000227,121475000.00,555933056,555933056,1782868393702988,True,True
137659287,0.00000228,13157895.00,555933057,555933057,1782868393706766,False,True
137659288,0.00000228,57456140.00,555933058,555933058,1782868393709300,False,True
137659289,0.00000227,7189917.00,555933059,555933059,1782868393730136,True,True
137659290,0.00000228,524018.00,555933060,555933060,1782868393730827,False,True
137659291,0.00000227,7159059.00,555933061,555933061,1782868393731871,True,True
137659292,0.00000227,100000000.00,555933062,555933062,1782868393750725,True,True
137659293,0.00000227,59856247.00,555933063,555933063,1782868393762193,True,True
137659294,0.00000228,30837000.00,555933064,555933064,1782868394164091,False,True
137659295,0.00000227,533550000.00,555933065,555933069,1782868394489190,True,True
137659296,0.00000228,87719298.00,555933070,555933070,1782868395413827,False,True
137659297,0.00000228,2192982.00,555933071,555933071,1782868395430640,False,True
137659298,0.00000228,15606576.00,555933072,555933072,1782868395463490,False,True
137659299,0.00000228,851971.00,555933073,555933073,1782868396190382,False,True
137659300,0.00000228,1000000.00,555933074,555933074,1782868396457790,False,True
137659301,0.00000228,7187791.00,555933075,555933075,1782868396615721,False,True
137659302,0.00000227,1710613730.00,555933076,555933083,1782868398515646,True,True
137659303,0.00000227,16468000.00,555933084,555933084,1782868398522422,True,True
137659304,0.00000227,84068000.00,555933085,555933085,1782868398525053,True,True
137659305,0.00000227,1521642448.00,555933086,555933087,1782868398810159,True,True
137659306,0.00000227,1585330012.00,555933088,555933110,1782868399047329,True,True
137659307,0.00000227,200000000.00,555933111,555933111,1782868400241557,True,True
137659308,0.00000228,1047785195.00,555933112,555933114,1782868400365055,False,True
137659309,0.00000227,59210526.00,555933115,555933115,1782868400764511,True,True
137659310,0.00000227,59210526.00,555933116,555933122,1782868400850180,True,True
137659311,0.00000227,65789473.00,555933123,555933123,1782868400932833,True,True
137659312,0.00000227,65789473.00,555933124,555933124,1782868401016112,True,True
137659313,0.00000227,6543140.00,555933125,555933137,1782868401519676,True,True
137659314,0.00000227,41409691.00,555933138,555933138,1782868401526340,False,True
137659315,0.00000227,46255506.00,555933139,555933139,1782868401526876,False,True
137659316,0.00000227,42105264.00,555933140,555933140,1782868401529936,False,True
137659317,0.00000227,23591657.00,555933141,555933141,1782868401534781,False,True
137659318,0.00000227,1524231778.00,555933142,555933145,1782868401539283,False,True
137659319,0.00000227,1247736091.00,555933146,555933159,1782868401542770,False,True
137659320,0.00000227,7189917.00,555933160,555933160,1782868401550539,True,True
137659321,0.00000227,7189917.00,555933161,555933161,1782868401567627,True,True
137659322,0.00000228,174890000.00,555933162,555933162,1782868403162560,False,True
137659323,0.00000227,2458596.00,555933163,555933163,1782868403406288,True,True
137659324,0.00000227,75969212.00,555933164,555933164,1782868403479946,True,True
137659325,0.00000227,2000001200.00,555933165,555933166,1782868403491902,True,True
137659326,0.00000227,1806736091.00,555933167,555933167,1782868403494356,True,True
137659327,0.00000227,899900000.00,555933168,555933170,1782868403499120,True,True
137659328,0.00000227,390400000.00,555933171,555933178,1782868403501706,True,True
137659329,0.00000227,303077433.00,555933179,555933186,1782868403521400,True,True
137659330,0.00000227,1760563380.00,555933187,555933187,1782868403535306,False,True
137659331,0.00000227,1760563380.00,555933188,555933190,1782868403553102,False,True
137659332,0.00000226,41400167.00,555933191,555933198,1782868404000971,True,True
137659333,0.00000226,14645363.00,555933199,555933199,1782868404000971,True,True
137659334,0.00000226,40775509.00,555933200,555933200,1782868404000971,True,True
137659335,0.00000226,81250745.00,555933201,555933201,1782868404000971,True,True
137659336,0.00000226,2289430986.00,555933202,555933251,1782868404000971,True,True
137659337,0.00000226,4488608.00,555933252,555933252,1782868404052206,True,True
137659338,0.00000227,117313587.00,555933253,555933253,1782868404606918,False,True
137659339,0.00000226,381117732.00,555933254,555933254,1782868405052601,True,True
137659340,0.00000226,251398287.00,555933255,555933255,1782868405091904,True,True
137659341,0.00000226,298510489.00,555933256,555933256,1782868405353098,True,True
137659342,0.00000226,464406691.00,555933257,555933273,1782868405353492,True,True
137659343,0.00000226,18396609.00,555933274,555933274,1782868405387696,True,True
137659344,0.00000226,4275747.00,555933275,555933275,1782868406021065,True,True
137659345,0.00000227,1377200000.00,555933276,555933276,1782868406699697,False,True
137659346,0.00000227,2140100000.00,555933277,555933285,1782868406704507,False,True
137659347,0.00000227,4396949.00,555933286,555933286,1782868406712929,False,True
137659348,0.00000227,1083577557.00,555933287,555933289,1782868406862732,False,True
137659349,0.00000226,450761.00,555933290,555933290,1782868407179085,True,True
137659350,0.00000227,31606900.00,555933291,555933293,1782868408771237,False,True
137659351,0.00000226,2965906.00,555933294,555933294,1782868408998585,True,True
137659352,0.00000226,401397134.00,555933295,555933315,1782868410000421,True,True
137659353,0.00000226,84890000.00,555933316,555933316,1782868410041532,True,True
137659354,0.00000226,262775876.00,555933317,555933317,1782868410050446,True,True
137659355,0.00000226,60508859.00,555933318,555933318,1782868410081637,True,True
137659356,0.00000226,7578297.00,555933319,555933319,1782868410122650,True,True
137659357,0.00000226,51211185.00,555933320,555933320,1782868410122655,True,True
137659358,0.00000226,45281798.00,555933321,555933321,1782868410131448,True,True
137659359,0.00000226,516930235.00,555933322,555933330,1782868410361026,True,True
137659360,0.00000227,6400000000.00,555933331,555933366,1782868413296468,False,True
137659361,0.00000227,3435251841.00,555933367,555933391,1782868413297929,False,True
137659362,0.00000228,7446808.00,555933392,555933392,1782868413337186,False,True
137659363,0.00000228,1208080000.00,555933393,555933393,1782868413369063,False,True
137659364,0.00000227,2159100000.00,555933394,555933396,1782868413490705,True,True
137659365,0.00000227,4395604.00,555933397,555933397,1782868413493251,True,True
137659366,0.00000227,123076923.00,555933398,555933398,1782868413496083,True,True
137659367,0.00000227,157179000.00,555933399,555933399,1782868413569052,True,True
137659368,0.00000227,386287000.00,555933400,555933400,1782868413570080,True,True
137659369,0.00000227,300328443.00,555933401,555933401,1782868413575970,True,True
137659370,0.00000227,1102754345.00,555933402,555933403,1782868413605772,True,True
137659371,0.00000227,5082262.00,555933404,555933413,1782868413608521,True,True
137659372,0.00000226,100000000.00,555933414,555933414,1782868413642107,True,True
137659373,0.00000226,218190621.00,555933415,555933415,1782868415720705,True,True
137659374,0.00000226,8575106.00,555933416,555933416,1782868417178675,True,True
137659375,0.00000227,3219149900.00,555933417,555933418,1782868417338056,False,True
137659376,0.00000227,2964750500.00,555933419,555933429,1782868417411673,False,True
137659377,0.00000227,3200000000.00,555933430,555933439,1782868417412183,False,True
137659378,0.00000227,2858230762.00,555933440,555933457,1782868417412209,False,True
137659379,0.00000227,168959103.00,555933458,555933458,1782868417594933,True,True
137659380,0.00000227,121921000.00,555933459,555933459,1782868417698147,True,True
137659381,0.00000227,386334000.00,555933460,555933461,1782868417698285,True,True
137659382,0.00000227,663789000.00,555933462,555933462,1782868417698358,True,True
137659383,0.00000227,77261000.00,555933463,555933464,1782868417698365,True,True
137659384,0.00000227,100424000.00,555933465,555933465,1782868417698547,True,True
137659385,0.00000227,24278549.00,555933466,555933466,1782868417732928,True,True
137659386,0.00000227,70855709.00,555933467,555933467,1782868417834962,True,True
137659387,0.00000227,256992131.00,555933468,555933468,1782868417995797,True,True
137659388,0.00000227,3565974234.00,555933469,555933470,1782868418002557,True,True
137659389,0.00000227,89615550.00,555933471,555933471,1782868418024305,True,True
137659390,0.00000227,27064800.00,555933472,555933472,1782868418329514,True,True
137659391,0.00000227,300328443.00,555933473,555933474,1782868418490751,True,True
137659392,0.00000227,100511000.00,555933475,555933475,1782868418537511,True,True
137659393,0.00000227,2880000000.00,555933476,555933484,1782868418537794,True,True
137659394,0.00000227,3347751385.00,555933485,555933489,1782868418537802,True,True
137659395,0.00000226,100000000.00,555933490,555933490,1782868418541340,True,True
137659396,0.00000226,196892839.00,555933491,555933491,1782868418555092,True,True
137659397,0.00000227,2501333.00,555933492,555933492,1782868419181199,False,True
137659398,0.00000227,434638.00,555933493,555933493,1782868419342906,False,True
137659399,0.00000227,51000000.00,555933494,555933494,1782868419489820,False,True
137659400,0.00000226,60000000.00,555933495,555933495,1782868422225562,True,True
137659401,0.00000227,3445080.00,555933496,555933496,1782868423204042,False,True
137659402,0.00000227,7309942.00,555933497,555933497,1782868423356237,False,True
137659403,0.00000227,200000000.00,555933498,555933498,1782868423728891,False,True
137659404,0.00000227,12366128.00,555933499,555933499,1782868423786229,False,True
137659405,0.00000226,1400000.00,555933500,555933502,1782868425180144,True,True
137659406,0.00000226,570000.00,555933503,555933505,1782868425184602,True,True
137659407,0.00000226,1400000.00,555933506,555933507,1782868425186349,True,True
137659408,0.00000227,6607930.00,555933508,555933508,1782868425201745,False,True
137659409,0.00000226,900000.00,555933509,555933509,1782868426170736,True,True
137659410,0.00000227,17621145.00,555933510,555933510,1782868426295461,False,True
137659411,0.00000227,6607930.00,555933511,555933511,1782868427181669,False,True
137659412,0.00000226,970034.00,555933512,555933512,1782868427245077,True,True
137659413,0.00000227,100000000.00,555933513,555933514,1782868427831246,False,True
137659414,0.00000227,100000000.00,555933515,555933516,1782868428490060,False,True
137659415,0.00000227,3200000000.00,555933517,555933517,1782868428509182,False,True
137659416,0.00000227,6058762700.00,555933518,555933535,1782868428510393,False,True
137659417,0.00000227,165200000.00,555933536,555933536,1782868428512160,False,True
137659418,0.00000227,3201500000.00,555933537,555933562,1782868428512361,False,True
137659419,0.00000227,4396615.00,555933563,555933563,1782868428512384,False,True
137659420,0.00000227,4397577.00,555933564,555933564,1782868428512755,False,True
137659421,0.00000227,849955100.00,555933565,555933567,1782868428513886,False,True
137659422,0.00000227,671026400.00,555933568,555933569,1782868428513888,False,True
137659423,0.00000227,830986600.00,555933570,555933574,1782868428514296,False,True
137659424,0.00000227,2343139800.00,555933575,555933577,1782868428514581,False,True
137659425,0.00000227,63607220.00,555933578,555933583,1782868428514940,False,True
137659426,0.00000227,22893749.00,555933584,555933584,1782868430808057,True,True
137659427,0.00000227,129573604.00,555933585,555933585,1782868432003544,True,True
137659428,0.00000227,12781875.00,555933586,555933586,1782868432158556,True,True
137659429,0.00000227,226298968.00,555933587,555933588,1782868432599223,True,True
137659430,0.00000227,61191491.00,555933589,555933589,1782868433191118,True,True
137659431,0.00000227,134639447.00,555933590,555933590,1782868433900630,True,True
137659432,0.00000227,440528634.00,555933591,555933592,1782868434417716,True,True
137659433,0.00000228,3200000000.00,555933593,555933594,1782868435159728,False,True
137659434,0.00000228,7952278382.00,555933595,555933656,1782868435161247,False,True
137659435,0.00000228,169039028.00,555933657,555933658,1782868435180755,True,True
137659436,0.00000228,2651668359.00,555933659,555933661,1782868435205931,True,True
137659437,0.00000229,372910000.00,555933662,555933663,1782868435263697,False,True
137659438,0.00000228,752165112.00,555933664,555933664,1782868435552112,True,True
137659439,0.00000228,5481179.00,555933665,555933665,1782868435686920,True,True
137659440,0.00000228,5481179.00,555933666,555933666,1782868435687040,True,True
137659441,0.00000228,166054785.00,555933667,555933667,1782868435755751,True,True
137659442,0.00000228,343232506.00,555933668,555933669,1782868436005500,True,True
137659443,0.00000229,2634211.00,555933670,555933670,1782868436214996,False,True
137659444,0.00000228,78479541.00,555933671,555933671,1782868436355048,True,True
137659445,0.00000229,4366812.00,555933672,555933672,1782868441692203,False,True
137659446,0.00000229,542700000.00,555933673,555933673,1782868441866042,False,True
137659447,0.00000228,5540838.00,555933674,555933674,1782868442099874,True,True
137659448,0.00000229,9617021.00,555933675,555933675,1782868442374271,False,True
137659449,0.00000229,1647724000.00,555933676,555933680,1782868445455974,False,True
137659450,0.00000229,4820880666.00,555933681,555933742,1782868445457559,False,True
137659451,0.00000229,26873763.00,555933743,555933743,1782868445462659,True,True
137659452,0.00000229,16794359.00,555933744,555933744,1782868445462787,True,True
137659453,0.00000229,172163206.00,555933745,555933745,1782868445465449,True,True
137659454,0.00000229,635656240.00,555933746,555933747,1782868445471550,True,True
137659455,0.00000229,10605326.00,555933748,555933748,1782868445518848,True,True
137659456,0.00000229,5481179.00,555933749,555933749,1782868445864323,True,True
137659457,0.00000229,5481179.00,555933750,555933750,1782868445864612,True,True
137659458,0.00000229,24865318.00,555933751,555933751,1782868446024905,True,True
137659459,0.00000230,27492598.00,555933752,555933753,1782868446055447,False,True
137659460,0.00000229,343232506.00,555933754,555933754,1782868446123532,True,True
137659461,0.00000229,5316294800.00,555933755,555933777,1782868446497950,True,True
137659462,0.00000229,1463358.00,555933778,555933781,1782868446500667,True,True
137659463,0.00000229,1463358.00,555933782,555933784,1782868446500740,True,True
137659464,0.00000229,1037860.00,555933785,555933787,1782868446501357,True,True
137659465,0.00000228,127028068.00,555933788,555933788,1782868453813870,True,True
137659466,0.00000228,535915.00,555933789,555933789,1782868454176709,True,True
137659467,0.00000228,600000.00,555933790,555933790,1782868454177090,True,True
137659468,0.00000228,500000.00,555933791,555933791,1782868454178262,True,True
137659469,0.00000229,404366812.00,555933792,555933792,1782868458431634,False,True
137659470,0.00000228,4500000.00,555933793,555933793,1782868459171315,True,True
137659471,0.00000228,30000000.00,555933794,555933794,1782868461580809,True,True
137659472,0.00000228,10366308.00,555933795,555933795,1782868463968417,True,True
137659473,0.00000229,46597289.00,555933796,555933796,1782868464574474,False,True
137659474,0.00000229,100000000.00,555933797,555933797,1782868466916956,False,True
137659475,0.00000229,121463361.00,555933798,555933798,1782868469407299,False,True
137659476,0.00000229,80000000.00,555933799,555933799,1782868472484805,False,True
137659477,0.00000229,822125.00,555933800,555933800,1782868473621087,False,True
137659478,0.00000229,100000000.00,555933801,555933801,1782868475579184,False,True
137659479,0.00000228,273948025.00,555933802,555933803,1782868475999094,True,True
137659480,0.00000229,75030837.00,555933804,555933804,1782868476172680,False,True
137659481,0.00000229,12438617.00,555933805,555933805,1782868480238841,False,True
137659482,0.00000229,7048014.00,555933806,555933806,1782868480407258,False,True
137659483,0.00000229,100000000.00,555933807,555933808,1782868481885200,False,True
137659484,0.00000229,100000000.00,555933809,555933809,1782868483760056,False,True
137659485,0.00000228,12807692.00,555933810,555933810,1782868488146073,True,True
137659486,0.00000229,50251459.00,555933811,555933811,1782868490353541,False,True
137659487,0.00000228,22798755.00,555933812,555933812,1782868491716082,True,True
137659488,0.00000229,100000000.00,555933813,555933813,1782868494617316,False,True
137659489,0.00000228,13274336.00,555933814,555933814,1782868498810673,True,True
137659490,0.00000229,378876382.00,555933815,555933817,1782868498913429,False,True
137659491,0.00000229,2183406.00,555933818,555933818,1782868499692648,False,True
137659492,0.00000229,3200000000.00,555933819,555933819,1782868500060974,False,True
137659493,0.00000229,482041900.00,555933820,555933821,1782868500061311,False,True
137659494,0.00000229,1453637398.00,555933822,555933849,1782868500061345,False,True
137659495,0.00000230,8121739.00,555933850,555933850,1782868504564234,False,True
137659496,0.00000230,50032975.00,555933851,555933851,1782868506371166,False,True
137659497,0.00000230,80135012.00,555933852,555933852,1782868511842268,False,True
137659498,0.00000230,2998171.00,555933853,555933853,1782868512937996,False,True
137659499,0.00000229,650062.00,555933854,555933854,1782868514173079,True,True
137659500,0.00000229,661696.00,555933855,555933855,1782868514196706,True,True
137659501,0.00000229,312447533.00,555933856,555933856,1782868520655594,True,True
137659502,0.00000230,1274328116.00,555933857,555933883,1782868524511940,False,True
137659503,0.00000230,2719085743.00,555933884,555933923,1782868524512525,False,True
137659504,0.00000230,1463296.00,555933924,555933926,1782868524513373,False,True
137659505,0.00000230,442477.00,555933927,555933927,1782868525149342,True,True
137659506,0.00000231,105015815.00,555933928,555933928,1782868525543109,False,True
137659507,0.00000230,32999971.00,555933929,555933929,1782868527925543,True,True
137659508,0.00000230,659500000.00,555933930,555933931,1782868527992459,True,True
137659509,0.00000230,407400000.00,555933932,555933933,1782868527994880,True,True
137659510,0.00000230,5481179.00,555933934,555933934,1782868527995158,True,True
137659511,0.00000230,1115000000.00,555933935,555933935,1782868527997321,True,True
137659512,0.00000230,1331300000.00,555933936,555933936,1782868527997766,True,True
137659513,0.00000230,1255800000.00,555933937,555933939,1782868527998092,True,True
137659514,0.00000230,1182000000.00,555933940,555933944,1782868527998215,True,True
137659515,0.00000230,691250406.00,555933945,555933962,1782868527998563,True,True
137659516,0.00000230,415900000.00,555933963,555933963,1782868528497923,False,True
137659517,0.00000230,1647400000.00,555933964,555933964,1782868528500198,False,True
137659518,0.00000230,1406656.00,555933965,555933965,1782868528502902,False,True
137659519,0.00000230,3216061688.00,555933966,555933970,1782868528503667,False,True
137659520,0.00000230,90462560.00,555933971,555933989,1782868528504102,False,True
137659521,0.00000230,989400000.00,555933990,555933990,1782868528849729,True,True
137659522,0.00000230,4137500000.00,555933991,555933995,1782868528851111,True,True
137659523,0.00000230,4338394.00,555933996,555933996,1782868528853308,True,True
137659524,0.00000230,2950642.00,555933997,555934002,1782868528854349,True,True
137659525,0.00000230,102963898.00,555934003,555934018,1782868528855903,True,True
137659526,0.00000230,221563898.00,555934019,555934019,1782868529371637,False,True
137659527,0.00000230,6140668978.00,555934020,555934041,1782868529375274,False,True
137659528,0.00000230,1904844.00,555934042,555934045,1782868529377028,False,True
137659529,0.00000230,1322100000.00,555934046,555934046,1782868529551364,True,True
137659530,0.00000230,2533135441.00,555934047,555934068,1782868529556151,True,True
137659531,0.00000229,3102599.00,555934069,555934069,1782868529639431,True,True
137659532,0.00000229,200000000.00,555934070,555934071,1782868534594978,True,True
137659533,0.00000230,462335441.00,555934072,555934072,1782868540687029,False,True
137659534,0.00000230,812900000.00,555934073,555934074,1782868540689906,False,True
137659535,0.00000230,4338718.00,555934075,555934075,1782868540691214,False,True
137659536,0.00000230,4357298.00,555934076,555934076,1782868540696843,False,True
137659537,0.00000230,1642100000.00,555934077,555934078,1782868540751832,False,True
137659538,0.00000230,1133900000.00,555934079,555934079,1782868541677023,False,True
137659539,0.00000230,1115300000.00,555934080,555934097,1782868541677357,False,True
137659540,0.00000230,1859792.00,555934098,555934101,1782868541678709,False,True
137659541,0.00000230,1046737410.00,555934102,555934103,1782868545883075,True,True
137659542,0.00000230,2130400000.00,555934104,555934115,1782868548274357,True,True
137659543,0.00000230,4338394.00,555934116,555934116,1782868548277691,True,True
137659544,0.00000230,4338394.00,555934117,555934117,1782868548278087,True,True
137659545,0.00000230,932444812.00,555934118,555934134,1782868548279624,True,True
137659546,0.00000230,397500000.00,555934135,555934135,1782868559269013,False,True
137659547,0.00000230,596353.00,555934136,555934137,1782868559778381,False,True
137659548,0.00000230,30000000.00,555934138,555934138,1782868562631509,False,True
137659549,0.00000230,434782608.00,555934139,555934139,1782868564168735,False,True
137659550,0.00000229,15860413.00,555934140,555934140,1782868567787992,True,True
137659551,0.00000229,75030837.00,555934141,555934141,1782868587154349,True,True
137659552,0.00000230,109097425.00,555934142,555934142,1782868589453925,False,True
137659553,0.00000230,21739130.00,555934143,555934143,1782868591864179,False,True
137659554,0.00000229,234732351.00,555934144,555934145,1782868591942887,True,True
137659555,0.00000229,10962358.00,555934146,555934146,1782868593155667,True,True
137659556,0.00000229,2626037400.00,555934147,555934149,1782868593255475,True,True
137659557,0.00000229,301798735.00,555934150,555934150,1782868593257586,True,True
137659558,0.00000229,122004300.00,555934151,555934151,1782868593260253,True,True
137659559,0.00000229,165200000.00,555934152,555934152,1782868593262842,True,True
137659560,0.00000229,263953800.00,555934153,555934153,1782868593288894,True,True
137659561,0.00000229,870252000.00,555934154,555934154,1782868593289024,True,True
137659562,0.00000229,791201000.00,555934155,555934174,1782868593347083,True,True
137659563,0.00000229,614304300.00,555934175,555934175,1782868593402547,True,True
137659564,0.00000229,165200000.00,555934176,555934176,1782868593438426,True,True
137659565,0.00000229,199255188.00,555934177,555934203,1782868593439342,True,True
137659566,0.00000229,257424379.00,555934204,555934204,1782868593482212,True,True
137659567,0.00000230,1884924.00,555934205,555934205,1782868593721001,False,True
137659568,0.00000229,122004300.00,555934206,555934206,1782868596904327,True,True
137659569,0.00000229,122004300.00,555934207,555934211,1782868596908548,True,True
137659570,0.00000229,17034409.00,555934212,555934212,1782868600876173,True,True
137659571,0.00000229,81335497.00,555934213,555934213,1782868601989247,True,True
137659572,0.00000229,40668860.00,555934214,555934214,1782868601990614,True,True
137659573,0.00000229,29922492.00,555934215,555934215,1782868602848779,True,True
137659574,0.00000229,122004300.00,555934216,555934216,1782868602944461,True,True
137659575,0.00000229,5481179.00,555934217,555934217,1782868602955204,True,True
137659576,0.00000229,54555300.00,555934218,555934218,1782868602981880,True,True
137659577,0.00000229,67449000.00,555934219,555934219,1782868602982818,True,True
137659578,0.00000229,122004300.00,555934220,555934220,1782868603021255,True,True
137659579,0.00000229,126812836.00,555934221,555934221,1782868603225385,True,True
137659580,0.00000229,101450268.00,555934222,555934222,1782868604045421,True,True
137659581,0.00000229,176163211.00,555934223,555934223,1782868605571943,True,True
137659582,0.00000229,2578727356.00,555934224,555934242,1782868605572152,True,True
137659583,0.00000229,929896.00,555934243,555934244,1782868605573423,True,True
137659584,0.00000228,100000000.00,555934245,555934245,1782868605576936,True,True
137659585,0.00000228,369178754.00,555934246,555934246,1782868611595067,True,True
137659586,0.00000229,57636888.00,555934247,555934247,1782868616421712,False,True
137659587,0.00000229,457000000.00,555934248,555934249,1782868620290902,False,True
137659588,0.00000229,432800000.00,555934250,555934252,1782868620294339,False,True
137659589,0.00000229,437800000.00,555934253,555934259,1782868625919093,False,True
137659590,0.00000229,1579300000.00,555934260,555934261,1782868625921950,False,True
137659591,0.00000229,4358461.00,555934262,555934262,1782868625921977,False,True
137659592,0.00000229,624100000.00,555934263,555934264,1782868625924399,False,True
137659593,0.00000229,576100000.00,555934265,555934266,1782868626039884,False,True
137659594,0.00000229,4331639650.00,555934267,555934287,1782868626042672,False,True
137659595,0.00000229,4358465.00,555934288,555934288,1782868626046969,False,True
137659596,0.00000229,656456.00,555934289,555934289,1782868628027162,False,True
137659597,0.00000229,3200000000.00,555934290,555934301,1782868628083072,False,True
137659598,0.00000229,153700000.00,555934302,555934307,1782868628084509,False,True
137659599,0.00000229,3880508.00,555934308,555934315,1782868628086175,False,True
137659600,0.00000229,207398747.00,555934316,555934316,1782868628572618,True,True
137659601,0.00000229,1602608816.00,555934317,555934318,1782868632432444,True,True
137659602,0.00000229,1755059.00,555934319,555934319,1782868636168613,True,True
137659603,0.00000230,53342888.00,555934320,555934320,1782868648376003,False,True
137659604,0.00000230,58551764.00,555934321,555934321,1782868652814776,False,True
137659605,0.00000229,236712880.00,555934322,555934322,1782868657431234,True,True
137659606,0.00000229,166213147.00,555934323,555934323,1782868657431369,True,True
137659607,0.00000229,360376481.00,555934324,555934324,1782868657431442,True,True
137659608,0.00000229,378254609.00,555934325,555934325,1782868657431648,True,True
137659609,0.00000229,4330643373.00,555934326,555934329,1782868657433466,True,True
137659610,0.00000229,3440113863.00,555934330,555934350,1782868657434645,True,True
137659611,0.00000229,1463296.00,555934351,555934353,1782868657434936,True,True
137659612,0.00000228,100000000.00,555934354,555934354,1782868657438920,True,True
137659613,0.00000228,22798754.00,555934355,555934355,1782868658409183,True,True
137659614,0.00000229,1533100000.00,555934356,555934357,1782868658942867,False,True
137659615,0.00000229,988600000.00,555934358,555934358,1782868658943338,False,True
137659616,0.00000229,1649400000.00,555934359,555934361,1782868658944250,False,True
137659617,0.00000229,3588400000.00,555934362,555934381,1782868658944256,False,True
137659618,0.00000229,695276831.00,555934382,555934389,1782868658944290,False,True
137659619,0.00000229,66828483.00,555934390,555934390,1782868658948705,True,True
137659620,0.00000229,798236704.00,555934391,555934391,1782868658952707,True,True
137659621,0.00000229,814500000.00,555934392,555934393,1782868659109901,True,True
137659622,0.00000229,1604100000.00,555934394,555934394,1782868659112803,True,True
137659623,0.00000229,888800000.00,555934395,555934395,1782868659117887,True,True
137659624,0.00000229,4357298.00,555934396,555934396,1782868659121588,True,True
137659625,0.00000229,4357298.00,555934397,555934397,1782868659121907,True,True
137659626,0.00000229,384923352.00,555934398,555934407,1782868659122741,True,True
137659627,0.00000230,372910000.00,555934408,555934409,1782868659126319,False,True
137659628,0.00000230,21276595.00,555934410,555934410,1782868669188737,False,True
137659629,0.00000229,1108000000.00,555934411,555934421,1782868680846555,True,True
137659630,0.00000229,2335300000.00,555934422,555934428,1782868680846817,True,True
137659631,0.00000229,993000000.00,555934429,555934429,1782868680846964,True,True
137659632,0.00000229,280840286.00,555934430,555934438,1782868683784945,True,True
137659633,0.00000229,207195755.00,555934439,555934439,1782868706485484,True,True
137659634,0.00000230,77855134.00,555934440,555934440,1782868710702029,False,True
137659635,0.00000230,469576.00,555934441,555934441,1782868718782111,False,True
137659636,0.00000229,66260398.00,555934442,555934442,1782868725040753,True,True
137659637,0.00000230,3034934.00,555934443,555934443,1782868727766973,False,True
137659638,0.00000230,1474753.00,555934444,555934444,1782868731045354,False,True
137659639,0.00000230,130434782.00,555934445,555934446,1782868742583489,False,True
137659640,0.00000229,100792949.00,555934447,555934447,1782868753404268,True,True
137659641,0.00000230,359668118.00,555934448,555934449,1782868756191713,False,True
137659642,0.00000229,4347826.00,555934450,555934450,1782868757399668,True,True
137659643,0.00000230,4585152.00,555934451,555934451,1782868771575812,False,True
137659644,0.00000230,9815735243.00,555934452,555934500,1782868777163769,False,True
137659645,0.00000230,1252368981.00,555934501,555934501,1782868777164402,False,True
137659646,0.00000230,4366812.00,555934502,555934502,1782868783405431,False,True
137659647,0.00000230,110503613.00,555934503,555934503,1782868783494548,False,True
137659648,0.00000230,6991967.00,555934504,555934504,1782868792391343,False,True
137659649,0.00000230,21739130.00,555934505,555934505,1782868822922228,False,True
137659650,0.00000230,25220889.00,555934506,555934506,1782868823706296,False,True
137659651,0.00000230,48695652.00,555934507,555934507,1782868831428616,False,True
137659652,0.00000230,2066740.00,555934508,555934508,1782868834128109,False,True
137659653,0.00000230,43478260.00,555934509,555934509,1782868837394637,False,True
137659654,0.00000229,4287553.00,555934510,555934510,1782868859723687,True,True
137659655,0.00000229,268531705.00,555934511,555934516,1782868866935801,True,True
137659656,0.00000229,16115753.00,555934517,555934517,1782868869988540,True,True
137659657,0.00000230,245000000.00,555934518,555934518,1782868882312164,False,True
137659658,0.00000230,50000000.00,555934519,555934519,1782868887428524,False,True
137659659,0.00000230,4604421035.00,555934520,555934520,1782868888785370,False,True
137659660,0.00000230,18078833636.00,555934521,555934521,1782868891008254,False,True
137659661,0.00000230,637952987.00,555934522,555934522,1782868891011228,False,True
137659662,0.00000230,122004357.00,555934523,555934523,1782868891011274,False,True
137659663,0.00000230,2145922.00,555934524,555934524,1782868891011741,False,True
137659664,0.00000230,134866207.00,555934525,555934525,1782868891012928,False,True
137659665,0.00000230,1131900000.00,555934526,555934526,1782868891013786,False,True
