137023594,0.17190000,1872.20000000,277572331,277572332,1782864000182411,False,True
137023595,0.17190000,290.60000000,277572333,277572334,1782864000550479,False,True
137023596,0.17190000,646.70000000,277572335,277572335,1782864000579095,True,True
137023597,0.17200000,290.60000000,277572336,277572337,1782864011239816,False,True
137023598,0.17200000,9163.70000000,277572338,277572343,1782864011247546,True,True
137023599,0.17200000,1798.10000000,277572344,277572346,1782864012408258,False,True
137023600,0.17210000,260.70000000,277572347,277572347,1782864012408258,False,True
137023601,0.17210000,43.60000000,277572348,277572348,1782864017395062,False,True
137023602,0.17210000,116.20000000,277572349,277572350,1782864017403255,False,True
137023603,0.17210000,116.20000000,277572351,277572351,1782864017403486,False,True
137023604,0.17210000,1391.00000000,277572352,277572352,1782864017403748,False,True
137023605,0.17210000,2827.40000000,277572353,277572357,1782864017403907,False,True
137023606,0.17220000,6270.00000000,277572358,277572359,1782864017404680,False,True
137023607,0.17220000,3177.50000000,277572360,277572360,1782864017404768,False,True
137023608,0.17220000,6273.80000000,277572361,277572361,1782864017405583,False,True
137023609,0.17220000,1158.50000000,277572362,277572362,1782864017406135,False,True
137023610,0.17220000,936.10000000,277572363,277572363,1782864017407056,False,True
137023611,0.17220000,468.00000000,277572364,277572364,1782864017408180,False,True
137023612,0.17220000,234.00000000,277572365,277572365,1782864017409352,False,True
137023613,0.17220000,182.20000000,277572366,277572366,1782864017410417,False,True
137023614,0.17220000,117.00000000,277572367,277572367,1782864017410485,False,True
137023615,0.17220000,58.50000000,277572368,277572368,1782864017411480,False,True
137023616,0.17220000,173.00000000,277572369,277572369,1782864017431111,False,True
137023617,0.17220000,7103.90000000,277572370,277572373,1782864017463585,False,True
137023618,0.17220000,30.60000000,277572374,277572374,1782864017503419,True,True
137023619,0.17220000,735.70000000,277572375,277572376,1782864020581864,True,True
137023620,0.17220000,1538.00000000,277572377,277572378,1782864022495537,False,True
137023621,0.17220000,181.60000000,277572379,277572379,1782864022686247,True,True
137023622,0.17230000,1507.50000000,277572380,277572380,1782864026489439,False,True
137023623,0.17230000,8096.70000000,277572381,277572384,1782864026491928,True,True
137023624,0.17220000,23283.20000000,277572385,277572391,1782864026494552,True,True
137023625,0.17220000,16864.00000000,277572392,277572406,1782864026494652,True,True
137023626,0.17220000,30.50000000,277572407,277572407,1782864026498072,True,True
137023627,0.17210000,54.40000000,277572408,277572408,1782864029706480,True,True
137023628,0.17210000,76.60000000,277572409,277572409,1782864031919581,True,True
137023629,0.17220000,4166.70000000,277572410,277572414,1782864048694275,False,True
137023630,0.17230000,46.40000000,277572415,277572415,1782864069382517,False,True
137023631,0.17220000,1289.50000000,277572416,277572418,1782864071939637,True,True
137023632,0.17220000,1483.90000000,277572419,277572421,1782864110541313,False,True
137023633,0.17210000,2161.00000000,277572422,277572427,1782864122718153,True,True
137023634,0.17210000,43.60000000,277572428,277572428,1782864122718214,True,True
137023635,0.17210000,43.60000000,277572429,277572429,1782864122718289,True,True
137023636,0.17210000,43.60000000,277572430,277572430,1782864122718294,True,True
137023637,0.17210000,43.60000000,277572431,277572431,1782864122718351,True,True
137023638,0.17210000,146.00000000,277572432,277572432,1782864122718356,True,True
137023639,0.17210000,634.60000000,277572433,277572433,1782864122718373,True,True
137023640,0.17200000,1526.40000000,277572434,277572435,1782864122718373,True,True
137023641,0.17200000,2161.00000000,277572436,277572437,1782864122718380,True,True
137023642,0.17210000,30.50000000,277572438,277572438,1782864126438474,False,True
137023643,0.17210000,728.60000000,277572439,277572440,1782864135096946,True,True
137023644,0.17200000,30.50000000,277572441,277572441,1782864139092641,True,True
137023645,0.17200000,50.00000000,277572442,277572442,1782864154071002,False,True
137023646,0.17210000,340.50000000,277572443,277572445,1782864155333787,False,True
137023647,0.17210000,1775.40000000,277572446,277572447,1782864192378656,True,True
137023648,0.17200000,131.00000000,277572448,277572448,1782864198804341,True,True
137023649,0.17200000,1823.00000000,277572449,277572449,1782864198804494,True,True
137023650,0.17200000,4599.90000000,277572450,277572454,1782864198805892,True,True
137023651,0.17200000,262.40000000,277572455,277572455,1782864198806976,True,True
137023652,0.17190000,48.00000000,277572456,277572456,1782864212648764,True,True
137023653,0.17190000,48.00000000,277572457,277572457,1782864212648789,True,True
137023654,0.17190000,48.00000000,277572458,277572458,1782864212648825,True,True
137023655,0.17190000,152.00000000,277572459,277572460,1782864212649088,True,True
137023656,0.17190000,58.30000000,277572461,277572462,1782864223848702,True,True
137023657,0.17200000,1825.40000000,277572463,277572465,1782864227414543,False,True
137023658,0.17200000,30.60000000,277572466,277572466,1782864228880716,True,True
137023659,0.17190000,3170.30000000,277572467,277572469,1782864231897818,True,True
137023660,0.17190000,998.50000000,277572470,277572470,1782864242455576,True,True
137023661,0.17200000,1262.60000000,277572471,277572472,1782864251473614,False,True
137023662,0.17210000,206.80000000,277572473,277572473,1782864252338540,False,True
137023663,0.17210000,30.60000000,277572474,277572474,1782864254289166,False,True
137023664,0.17210000,116.30000000,277572475,277572475,1782864266824618,True,True
137023665,0.17210000,4159.20000000,277572476,277572481,1782864292355295,True,True
137023666,0.17210000,4637.00000000,277572482,277572484,1782864292588024,False,True
137023667,0.17220000,274.40000000,277572485,277572486,1782864301478184,False,True
137023668,0.17220000,136.50000000,277572487,277572487,1782864301478267,False,True
137023669,0.17220000,1525.90000000,277572488,277572489,1782864301480557,False,True
137023670,0.17230000,68.00000000,277572490,277572490,1782864305510979,False,True
137023671,0.17230000,3361.00000000,277572491,277572493,1782864322075507,False,True
137023672,0.17230000,378.70000000,277572494,277572494,1782864322094897,True,True
137023673,0.17230000,88.20000000,277572495,277572496,1782864342339889,True,True
137023674,0.17230000,2068.70000000,277572497,277572502,1782864343847108,True,True
137023675,0.17220000,30.50000000,277572503,277572503,1782864344363066,True,True
137023676,0.17220000,142.80000000,277572504,277572506,1782864377496314,False,True
137023677,0.17210000,1336.70000000,277572507,277572510,1782864408401102,True,True
137023678,0.17210000,98.80000000,277572511,277572511,1782864408402544,True,True
137023679,0.17210000,80.50000000,277572512,277572513,1782864430462287,False,True
137023680,0.17210000,30.60000000,277572514,277572514,1782864431656500,True,True
137023681,0.17210000,61.10000000,277572515,277572516,1782864445488327,False,True
137023682,0.17210000,30.60000000,277572517,277572517,1782864454661021,True,True
137023683,0.17210000,394.10000000,277572518,277572519,1782864469629025,False,True
137023684,0.17210000,581.00000000,277572520,277572521,1782864525489374,False,True
137023685,0.17200000,30.50000000,277572522,277572522,1782864541789068,True,True
137023686,0.17190000,149.00000000,277572523,277572525,1782864560281679,True,True
137023687,0.17190000,3308.40000000,277572526,277572529,1782864581667135,True,True
137023688,0.17190000,94.60000000,277572530,277572530,1782864581671073,True,True
137023689,0.17190000,1090.70000000,277572531,277572532,1782864581671167,True,True
137023690,0.17190000,30.60000000,277572533,277572533,1782864582093651,True,True
137023691,0.17180000,1117.40000000,277572534,277572536,1782864603670182,True,True
137023692,0.17180000,1239.00000000,277572537,277572540,1782864603673829,True,True
137023693,0.17180000,390.60000000,277572541,277572543,1782864631442166,False,True
137023694,0.17190000,111.20000000,277572544,277572546,1782864633624337,False,True
137023695,0.17200000,150.70000000,277572547,277572549,1782864657973632,False,True
137023696,0.17200000,237.40000000,277572550,277572551,1782864699075756,True,True
137023697,0.17200000,56.20000000,277572552,277572552,1782864707214717,True,True
137023698,0.17200000,640.40000000,277572553,277572553,1782864707214754,True,True
137023699,0.17200000,186.10000000,277572554,277572555,1782864707216463,True,True
137023700,0.17190000,419.60000000,277572556,277572556,1782864758577230,True,True
137023701,0.17190000,607.80000000,277572557,277572557,1782864758584198,True,True
137023702,0.17200000,441.40000000,277572558,277572559,1782864759920854,False,True
137023703,0.17200000,50.00000000,277572560,277572560,1782864798822746,False,True
137023704,0.17210000,491.60000000,277572561,277572562,1782864812224708,False,True
137023705,0.17210000,30.40000000,277572563,277572563,1782864815241761,True,True
137023706,0.17230000,150.40000000,277572564,277572566,1782864878049499,False,True
137023707,0.17230000,142.20000000,277572567,277572568,1782864878097912,True,True
137023708,0.17230000,1807.70000000,277572569,277572571,1782864894415122,True,True
137023709,0.17240000,80.50000000,277572572,277572573,1782864910705985,False,True
137023710,0.17240000,309.50000000,277572574,277572574,1782864910876124,True,True
137023711,0.17250000,30.50000000,277572575,277572575,1782864914414340,False,True
137023712,0.17250000,683.50000000,277572576,277572576,1782864914777471,True,True
137023713,0.17250000,3421.50000000,277572577,277572583,1782864921861646,True,True
137023714,0.17240000,107.20000000,277572584,277572584,1782864938117592,True,True
137023715,0.17240000,1262.50000000,277572585,277572587,1782864944551382,True,True
137023716,0.17230000,58.00000000,277572588,277572588,1782864957982820,True,True
137023717,0.17230000,259.80000000,277572589,277572589,1782864961860021,True,True
137023718,0.17230000,366.80000000,277572590,277572590,1782864970718181,True,True
137023719,0.17240000,95.90000000,277572591,277572593,1782865019444793,False,True
137023720,0.17230000,1420.50000000,277572594,277572601,1782865055292988,True,True
137023721,0.17230000,30.50000000,277572602,277572602,1782865062238208,True,True
137023722,0.17230000,30.50000000,277572603,277572603,1782865082769633,False,True
137023723,0.17230000,2231.20000000,277572604,277572607,1782865151051436,True,True
137023724,0.17220000,43.60000000,277572608,277572608,1782865151325777,True,True
137023725,0.17220000,43.60000000,277572609,277572609,1782865151325944,True,True
137023726,0.17220000,43.60000000,277572610,277572610,1782865151326982,True,True
137023727,0.17220000,2881.00000000,277572611,277572614,1782865155679240,True,True
137023728,0.17220000,229.70000000,277572615,277572615,1782865155680856,True,True
137023729,0.17210000,2259.80000000,277572616,277572619,1782865188737597,True,True
137023730,0.17210000,11931.40000000,277572620,277572623,1782865188739796,False,True
137023731,0.17210000,7746.70000000,277572624,277572629,1782865188741389,False,True
137023732,0.17210000,2992.80000000,277572630,277572632,1782865198464997,True,True
137023733,0.17210000,6071.30000000,277572633,277572647,1782865200190732,False,True
137023734,0.17220000,5605.00000000,277572648,277572652,1782865200205937,False,True
137023735,0.17220000,362.00000000,277572653,277572655,1782865200360991,True,True
137023736,0.17210000,154.30000000,277572656,277572656,1782865200360991,True,True
137023737,0.17220000,290.60000000,277572657,277572658,1782865201765620,False,True
137023738,0.17230000,74.20000000,277572659,277572660,1782865222113314,False,True
137023739,0.17230000,6887.60000000,277572661,277572668,1782865226288734,True,True
137023740,0.17230000,30.50000000,277572669,277572669,1782865231834457,False,True
137023741,0.17240000,1410.40000000,277572670,277572674,1782865235362701,False,True
137023742,0.17250000,408.50000000,277572675,277572675,1782865264339148,False,True
137023743,0.17240000,1823.00000000,277572676,277572678,1782865281870363,True,True
137023744,0.17240000,271.00000000,277572679,277572679,1782865281872515,True,True
137023745,0.17240000,137.00000000,277572680,277572682,1782865281872521,True,True
137023746,0.17240000,30.00000000,277572683,277572683,1782865281875815,True,True
137023747,0.17230000,728.00000000,277572684,277572685,1782865285089178,True,True
137023748,0.17230000,30.50000000,277572686,277572686,1782865285762139,True,True
137023749,0.17220000,4252.40000000,277572687,277572689,1782865285762139,True,True
137023750,0.17220000,106.70000000,277572690,277572691,1782865292288330,True,True
137023751,0.17210000,30.50000000,277572692,277572692,1782865293088386,True,True
137023752,0.17210000,30.50000000,277572693,277572693,1782865295746392,False,True
137023753,0.17210000,80.60000000,277572694,277572695,1782865299538694,True,True
137023754,0.17210000,30.50000000,277572696,277572696,1782865305462630,False,True
137023755,0.17210000,40.10000000,277572697,277572697,1782865307827913,True,True
137023756,0.17210000,236.00000000,277572698,277572699,1782865311217111,True,True
137023757,0.17210000,492.50000000,277572700,277572700,1782865311217771,True,True
137023758,0.17200000,1631.60000000,277572701,277572704,1782865312609779,True,True
137023759,0.17190000,444.70000000,277572705,277572705,1782865312644797,True,True
137023760,0.17190000,230.60000000,277572706,277572707,1782865312660391,True,True
137023761,0.17180000,868.40000000,277572708,277572708,1782865312660391,True,True
137023762,0.17180000,58.10000000,277572709,277572709,1782865312706732,True,True
137023763,0.17190000,3889.50000000,277572710,277572712,1782865312983844,False,True
137023764,0.17190000,628.70000000,277572713,277572715,1782865312984049,False,True
137023765,0.17190000,30.60000000,277572716,277572716,1782865313115866,False,True
137023766,0.17190000,61.00000000,277572717,277572718,1782865316698097,True,True
137023767,0.17190000,30.60000000,277572719,277572719,1782865316714056,True,True
137023768,0.17180000,408.50000000,277572720,277572720,1782865322433217,True,True
137023769,0.17190000,290.60000000,277572721,277572722,1782865334332152,False,True
137023770,0.17190000,43.70000000,277572723,277572724,1782865336462058,True,True
137023771,0.17190000,43.70000000,277572725,277572725,1782865336462130,True,True
137023772,0.17190000,43.70000000,277572726,277572726,1782865336462142,True,True
137023773,0.17190000,1538.10000000,277572727,277572728,1782865336719512,True,True
137023774,0.17190000,50.10000000,277572729,277572729,1782865340318374,False,True
137023775,0.17180000,48.70000000,277572730,277572730,1782865340418039,True,True
137023776,0.17180000,4633.00000000,277572731,277572736,1782865344965739,True,True
137023777,0.17180000,290.60000000,277572737,277572738,1782865348795260,False,True
137023778,0.17180000,1931.50000000,277572739,277572741,1782865356891845,True,True
137023779,0.17180000,30.60000000,277572742,277572742,1782865362982206,True,True
137023780,0.17180000,13109.40000000,277572743,277572748,1782865376721458,False,True
137023781,0.17180000,24473.30000000,277572749,277572751,1782865376722579,False,True
137023782,0.17190000,59.70000000,277572752,277572752,1782865401391743,False,True
137023783,0.17180000,5662.10000000,277572753,277572760,1782865411182322,True,True
137023784,0.17180000,30.60000000,277572761,277572761,1782865413556130,False,True
137023785,0.17180000,1630.20000000,277572762,277572762,1782865422049448,True,True
137023786,0.17190000,93.00000000,277572763,277572763,1782865436256906,False,True
137023787,0.17190000,175.50000000,277572764,277572764,1782865439699630,False,True
137023788,0.17180000,290.90000000,277572765,277572766,1782865448806318,True,True
137023789,0.17180000,1648.20000000,277572767,277572770,1782865461703370,True,True
137023790,0.17180000,266.60000000,277572771,277572772,1782865466551528,False,True
137023791,0.17190000,116.30000000,277572773,277572773,1782865503904547,False,True
137023792,0.17180000,3874.00000000,277572774,277572777,1782865533302885,True,True
137023793,0.17180000,30.60000000,277572778,277572778,1782865537738418,True,True
137023794,0.17170000,186.90000000,277572779,277572779,1782865537752995,True,True
137023795,0.17170000,290.60000000,277572780,277572780,1782865539908287,True,True
137023796,0.17170000,174.00000000,277572781,277572782,1782865539908744,True,True
137023797,0.17160000,22232.30000000,277572783,277572791,1782865539929177,True,True
137023798,0.17160000,30.60000000,277572792,277572792,1782865539940412,True,True
137023799,0.17150000,4670.10000000,277572793,277572796,1782865539979073,True,True
137023800,0.17160000,2451.00000000,277572797,277572799,1782865540009707,False,True
137023801,0.17160000,2582.00000000,277572800,277572800,1782865540016043,False,True
137023802,0.17150000,7209.30000000,277572801,277572805,1782865540016457,True,True
137023803,0.17150000,1893.80000000,277572806,277572806,1782865540038836,False,True
137023804,0.17160000,3973.30000000,277572807,277572812,1782865540038836,False,True
137023805,0.17160000,555.80000000,277572813,277572814,1782865540042719,False,True
137023806,0.17150000,2973.00000000,277572815,277572817,1782865540155947,True,True
137023807,0.17160000,1714.60000000,277572818,277572822,1782865541305760,False,True
137023808,0.17160000,80.60000000,277572823,277572824,1782865554613562,True,True
137023809,0.17160000,1262.60000000,277572825,277572826,1782865561632516,False,True
137023810,0.17160000,1538.20000000,277572827,277572828,1782865562170674,True,True
137023811,0.17150000,2855.80000000,277572829,277572835,1782865562175397,True,True
137023812,0.17150000,968.40000000,277572836,277572836,1782865562181547,True,True
137023813,0.17150000,8509.40000000,277572837,277572840,1782865562181963,True,True
137023814,0.17150000,345.80000000,277572841,277572841,1782865562188353,True,True
137023815,0.17150000,306.40000000,277572842,277572842,1782865562198572,True,True
137023816,0.17150000,1507.50000000,277572843,277572845,1782865562201788,True,True
137023817,0.17150000,543.50000000,277572846,277572846,1782865562216278,True,True
137023818,0.17150000,803.40000000,277572847,277572848,1782865562216366,True,True
137023819,0.17150000,7670.70000000,277572849,277572855,1782865562316577,False,True
137023820,0.17160000,118.10000000,277572856,277572857,1782865578267772,False,True
137023821,0.17160000,27812.20000000,277572858,277572865,1782865580345327,True,True
137023822,0.17160000,30.60000000,277572866,277572866,1782865581672083,True,True
137023823,0.17160000,3363.60000000,277572867,277572871,1782865600655041,False,True
137023824,0.17160000,7400.80000000,277572872,277572879,1782865612654970,True,True
137023825,0.17150000,389.00000000,277572880,277572884,1782865618300117,True,True
137023826,0.17150000,1538.20000000,277572885,277572886,1782865618318051,False,True
137023827,0.17160000,118.30000000,277572887,277572889,1782865625246726,False,True
137023828,0.17160000,848.40000000,277572890,277572891,1782865646412856,True,True
137023829,0.17160000,821.80000000,277572892,277572893,1782865655669708,True,True
137023830,0.17170000,183.00000000,277572894,277572895,1782865691690648,False,True
137023831,0.17180000,30.60000000,277572896,277572896,1782865698063214,False,True
137023832,0.17180000,80.30000000,277572897,277572898,1782865708298278,True,True
137023833,0.17180000,500.00000000,277572899,277572900,1782865739557798,True,True
137023834,0.17180000,4426.70000000,277572901,277572904,1782865749131430,True,True
137023835,0.17190000,10000.00000000,277572905,277572914,1782865815443336,False,True
137023836,0.17190000,508.50000000,277572915,277572918,1782865836987467,True,True
137023837,0.17200000,13400.00000000,277572919,277572919,1782865842290945,False,True
137023838,0.17200000,14029.00000000,277572920,277572923,1782865842292371,False,True
137023839,0.17210000,1798.10000000,277572924,277572926,1782865844073340,False,True
137023840,0.17220000,303.60000000,277572927,277572927,1782865847975016,False,True
137023841,0.17220000,150.50000000,277572928,277572930,1782865856078732,False,True
137023842,0.17230000,30.50000000,277572931,277572931,1782865860812536,False,True
137023843,0.17240000,30.50000000,277572932,277572932,1782865861963679,False,True
137023844,0.17250000,30.50000000,277572933,277572933,1782865866488300,False,True
137023845,0.17250000,100.00000000,277572934,277572935,1782865868523968,True,True
137023846,0.17260000,2039.70000000,277572936,277572940,1782865871068692,False,True
137023847,0.17270000,173.00000000,277572941,277572942,1782865871465754,False,True
137023848,0.17270000,173.00000000,277572943,277572943,1782865871469700,False,True
137023849,0.17270000,272.50000000,277572944,277572945,1782865872538553,False,True
137023850,0.17270000,1448.40000000,277572946,277572948,1782865873322778,True,True
137023851,0.17260000,1008.90000000,277572949,277572950,1782865875022934,True,True
137023852,0.17250000,30.40000000,277572951,277572951,1782865879225890,True,True
137023853,0.17240000,1248.80000000,277572952,277572953,1782865883253561,True,True
137023854,0.17230000,174.50000000,277572954,277572955,1782865885375549,True,True
137023855,0.17230000,30.50000000,277572956,277572956,1782865916911874,True,True
137023856,0.17220000,1372.50000000,277572957,277572957,1782865923198916,True,True
137023857,0.17220000,58.10000000,277572958,277572959,1782865942055299,True,True
137023858,0.17230000,30.50000000,277572960,277572960,1782865950774256,False,True
137023859,0.17240000,74.10000000,277572961,277572962,1782865952357483,False,True
137023860,0.17240000,5115.60000000,277572963,277572968,1782865955072821,True,True
137023861,0.17230000,9420.50000000,277572969,277572974,1782865955072821,True,True
137023862,0.17240000,30.50000000,277572975,277572975,1782865955863507,False,True
137023863,0.17240000,1250.40000000,277572976,277572977,1782865962114805,True,True
137023864,0.17240000,254.50000000,277572978,277572979,1782865980759759,False,True
137023865,0.17240000,30.50000000,277572980,277572980,1782865982395258,True,True
137023866,0.17230000,1065.00000000,277572981,277572986,1782865988033195,True,True
137023867,0.17220000,2695.20000000,277572987,277572990,1782866004582577,True,True
137023868,0.17220000,425.40000000,277572991,277572993,1782866016177855,False,True
137023869,0.17230000,263.50000000,277572994,277572995,1782866023888699,False,True
137023870,0.17230000,30.50000000,277572996,277572996,1782866046698224,True,True
137023871,0.17230000,230.50000000,277572997,277572998,1782866078102666,False,True
137023872,0.17230000,30.00000000,277572999,277572999,1782866084906147,True,True
137023873,0.17230000,1025.90000000,277573000,277573003,1782866112312475,True,True
137023874,0.17220000,728.40000000,277573004,277573005,1782866127049673,True,True
137023875,0.17210000,106.70000000,277573006,277573007,1782866134038225,True,True
137023876,0.17210000,136.50000000,277573008,277573010,1782866165636484,False,True
137023877,0.17210000,194.00000000,277573011,277573011,1782866165637451,False,True
137023878,0.17210000,30.60000000,277573012,277573012,1782866165643463,False,True
137023879,0.17210000,829.10000000,277573013,277573015,1782866196600680,True,True
137023880,0.17210000,30.50000000,277573016,277573016,1782866224748490,False,True
137023881,0.17220000,5264.60000000,277573017,277573019,1782866224756112,False,True
137023882,0.17210000,62.50000000,277573020,277573020,1782866228915542,True,True
137023883,0.17220000,162.10000000,277573021,277573023,1782866237249204,False,True
137023884,0.17220000,728.60000000,277573024,277573025,1782866244184117,True,True
137023885,0.17210000,681.90000000,277573026,277573026,1782866244184117,True,True
137023886,0.17210000,1747.90000000,277573027,277573030,1782866256783383,True,True
137023887,0.17200000,230.00000000,277573031,277573033,1782866256784642,True,True
137023888,0.17200000,5579.20000000,277573034,277573034,1782866256784697,True,True
137023889,0.17200000,1516.90000000,277573035,277573035,1782866256784871,True,True
137023890,0.17200000,5472.40000000,277573036,277573037,1782866256784898,True,True
137023891,0.17200000,5260.50000000,277573038,277573042,1782866256785339,True,True
137023892,0.17190000,1160.50000000,277573043,277573045,1782866256922118,True,True
137023893,0.17190000,621.20000000,277573046,277573047,1782866256922183,True,True
137023894,0.17190000,1823.00000000,277573048,277573052,1782866263177663,False,True
137023895,0.17190000,2088.70000000,277573053,277573053,1782866263177669,False,True
137023896,0.17200000,3138.30000000,277573054,277573056,1782866303448911,False,True
137023897,0.17200000,80.50000000,277573057,277573058,1782866311939210,True,True
137023898,0.17190000,1065.10000000,277573059,277573063,1782866323804848,True,True
137023899,0.17180000,163.60000000,277573064,277573066,1782866371996728,True,True
137023900,0.17170000,986.90000000,277573067,277573070,1782866389782353,True,True
137023901,0.17160000,34.90000000,277573071,277573071,1782866447812055,True,True
137023902,0.17160000,63.40000000,277573072,277573074,1782866466933759,True,True
137023903,0.17160000,170.60000000,277573075,277573077,1782866466933815,True,True
137023904,0.17160000,3145.20000000,277573078,277573080,1782866492019645,False,True
137023905,0.17160000,1657.60000000,277573081,277573084,1782866545005579,True,True
137023906,0.17160000,30.60000000,277573085,277573085,1782866546908325,True,True
137023907,0.17150000,350.80000000,277573086,277573086,1782866598714980,True,True
137023908,0.17160000,3145.20000000,277573087,277573089,1782866612068887,False,True
137023909,0.17160000,291.30000000,277573090,277573090,1782866613934497,True,True
137023910,0.17170000,30.70000000,277573091,277573091,1782866641463345,False,True
137023911,0.17180000,107.00000000,277573092,277573093,1782866678724812,False,True
137023912,0.17190000,243.20000000,277573094,277573094,1782866678724812,False,True
137023913,0.17180000,150.00000000,277573095,277573096,1782866704478358,True,True
137023914,0.17180000,255.20000000,277573097,277573098,1782866721918984,True,True
137023915,0.17180000,30.60000000,277573099,277573099,1782866759246134,False,True
137023916,0.17190000,79.90000000,277573100,277573100,1782866759246134,False,True
137023917,0.17180000,525.50000000,277573101,277573101,1782866769468138,True,True
137023918,0.17180000,1272.60000000,277573102,277573104,1782866782428165,True,True
137023919,0.17170000,286.90000000,277573105,277573108,1782866786477643,True,True
137023920,0.17170000,121.70000000,277573109,277573110,1782866786479105,True,True
137023921,0.17170000,30.60000000,277573111,277573111,1782866792484246,False,True
137023922,0.17170000,95.60000000,277573112,277573112,1782866812282806,True,True
137023923,0.17180000,74.30000000,277573113,277573114,1782866824794380,False,True
137023924,0.17180000,60.60000000,277573115,277573116,1782866888089957,True,True
137023925,0.17170000,30.60000000,277573117,277573117,1782866889288064,True,True
137023926,0.17170000,118.00000000,277573118,277573119,1782866932271004,False,True
137023927,0.17170000,94.50000000,277573120,277573120,1782866934445770,True,True
137023928,0.17170000,292.00000000,277573121,277573121,1782866943200034,True,True
137023929,0.17170000,1588.10000000,277573122,277573124,1782866978138170,True,True
137023930,0.17160000,25992.70000000,277573125,277573138,1782867024661239,True,True
137023931,0.17170000,30.80000000,277573139,277573140,1782867027413918,False,True
137023932,0.17160000,50.00000000,277573141,277573142,1782867031091804,True,True
137023933,0.17170000,80.50000000,277573143,277573144,1782867076428964,False,True
137023934,0.17180000,82.80000000,277573145,277573145,1782867096451110,False,True
137023935,0.17180000,30.60000000,277573146,277573146,1782867096638208,False,True
137023936,0.17190000,30.60000000,277573147,277573147,1782867145365024,False,True
137023937,0.17200000,156.90000000,277573148,277573150,1782867163852998,False,True
137023938,0.17210000,30.60000000,277573151,277573151,1782867164838372,False,True
137023939,0.17210000,330.60000000,277573152,277573154,1782867167740887,True,True
137023940,0.17210000,46.00000000,277573155,277573156,1782867178087203,False,True
137023941,0.17210000,234.50000000,277573157,277573158,1782867178087466,False,True
137023942,0.17210000,156.90000000,277573159,277573160,1782867180779864,True,True
137023943,0.17210000,362.80000000,277573161,277573161,1782867180779905,True,True
137023944,0.17200000,30.50000000,277573162,277573162,1782867205224815,True,True
137023945,0.17200000,284.60000000,277573163,277573165,1782867207124753,False,True
137023946,0.17200000,274.00000000,277573166,277573166,1782867208871949,True,True
137023947,0.17200000,130.50000000,277573167,277573169,1782867210859828,True,True
137023948,0.17200000,76.80000000,277573170,277573170,1782867238901508,False,True
137023949,0.17190000,1823.00000000,277573171,277573177,1782867250659179,True,True
137023950,0.17180000,739.30000000,277573178,277573180,1782867255630508,True,True
137023951,0.17180000,30.60000000,277573181,277573181,1782867264785389,False,True
137023952,0.17180000,76.70000000,277573182,277573183,1782867287838394,True,True
137023953,0.17180000,61.20000000,277573184,277573184,1782867288640345,True,True
137023954,0.17180000,2956.00000000,277573185,277573188,1782867304785773,True,True
137023955,0.17190000,2256.00000000,277573189,277573193,1782867319538539,False,True
137023956,0.17200000,75.80000000,277573194,277573195,1782867348091123,False,True
137023957,0.17200000,6353.10000000,277573196,277573198,1782867386790542,True,True
137023958,0.17200000,42931.50000000,277573199,277573211,1782867395197234,False,True
137023959,0.17200000,2737.10000000,277573212,277573214,1782867464312109,True,True
137023960,0.17200000,100.00000000,277573215,277573215,1782867477501326,True,True
137023961,0.17200000,871.10000000,277573216,277573217,1782867533372476,False,True
137023962,0.17200000,489.20000000,277573218,277573218,1782867546576992,True,True
137023963,0.17200000,2983.40000000,277573219,277573222,1782867605623490,False,True
137023964,0.17210000,17016.60000000,277573223,277573232,1782867605623490,False,True
137023965,0.17200000,1507.50000000,277573233,277573233,1782867605625814,False,True
137023966,0.17210000,15462.20000000,277573234,277573238,1782867605625814,False,True
137023967,0.17220000,1555.50000000,277573239,277573240,1782867605627326,False,True
137023968,0.17220000,136.50000000,277573241,277573241,1782867605627344,False,True
137023969,0.17210000,100.00000000,277573242,277573242,1782867615185030,True,True
137023970,0.17220000,1754.00000000,277573243,277573245,1782867621169992,False,True
137023971,0.17220000,29.90000000,277573246,277573246,1782867621173009,False,True
137023972,0.17220000,50.00000000,277573247,277573248,1782867621173233,False,True
137023973,0.17220000,1273.00000000,277573249,277573250,1782867632784579,True,True
137023974,0.17220000,34.60000000,277573251,277573251,1782867636447036,True,True
137023975,0.17210000,696.00000000,277573252,277573253,1782867654170011,True,True
137023976,0.17210000,1308.20000000,277573254,277573256,1782867654170153,True,True
137023977,0.17200000,29299.70000000,277573257,277573267,1782867654170496,True,True
137023978,0.17190000,32.00000000,277573268,277573268,1782867654172443,True,True
137023979,0.17190000,12712.30000000,277573269,277573277,1782867654173397,True,True
137023980,0.17190000,6700.00000000,277573278,277573281,1782867654173444,True,True
137023981,0.17190000,651.10000000,277573282,277573283,1782867654174081,True,True
137023982,0.17190000,430.30000000,277573284,277573284,1782867654178679,False,True
137023983,0.17180000,1387.60000000,277573285,277573286,1782867654363030,True,True
137023984,0.17190000,1943.40000000,277573287,277573290,1782867654809936,False,True
137023985,0.17180000,49.70000000,277573291,277573292,1782867666619697,True,True
137023986,0.17200000,29.00000000,277573293,277573293,1782867710528404,False,True
137023987,0.17200000,43.60000000,277573294,277573294,1782867731057354,True,True
137023988,0.17190000,47.30000000,277573295,277573296,1782867741917363,True,True
137023989,0.17190000,80.40000000,277573297,277573298,1782867743399706,True,True
137023990,0.17190000,209.40000000,277573299,277573300,1782867743399775,True,True
137023991,0.17180000,821.00000000,277573301,277573305,1782867746540801,True,True
137023992,0.17180000,49.90000000,277573306,277573306,1782867760183223,False,True
137023993,0.17190000,2910.50000000,277573307,277573308,1782867760187406,False,True
137023994,0.17190000,200.00000000,277573309,277573309,1782867783179306,True,True
137023995,0.17180000,578.90000000,277573310,277573312,1782867796161736,True,True
137023996,0.17180000,572.20000000,277573313,277573313,1782867817605402,False,True
137023997,0.17180000,260.00000000,277573314,277573314,1782867820167165,False,True
137023998,0.17180000,120.90000000,277573315,277573315,1782867844519390,False,True
137023999,0.17170000,325.10000000,277573316,277573319,1782867854086111,True,True
137024000,0.17170000,12.30000000,277573320,277573320,1782867854089133,True,True
137024001,0.17160000,739.80000000,277573321,277573323,1782867857883527,True,True
137024002,0.17160000,187.50000000,277573324,277573325,1782867866695522,False,True
137024003,0.17160000,1507.50000000,277573326,277573326,1782867866724440,True,True
137024004,0.17150000,4082.50000000,277573327,277573332,1782867866724440,True,True
137024005,0.17140000,48.30000000,277573333,277573333,1782867878423765,True,True
137024006,0.17130000,121.00000000,277573334,277573334,1782867880597418,True,True
137024007,0.17130000,3306.30000000,277573335,277573338,1782867882348703,True,True
137024008,0.17130000,100.00000000,277573339,277573339,1782867899181662,False,True
137024009,0.17130000,312.40000000,277573340,277573341,1782867903005056,True,True
137024010,0.17120000,1707.50000000,277573342,277573343,1782867909045559,True,True
137024011,0.17110000,18846.10000000,277573344,277573349,1782867909045559,True,True
137024012,0.17110000,83.60000000,277573350,277573350,1782867910677878,True,True
137024013,0.17110000,200.00000000,277573351,277573351,1782867917106619,True,True
137024014,0.17100000,244.60000000,277573352,277573356,1782867923393562,True,True
137024015,0.17100000,50.40000000,277573357,277573357,1782867923397414,True,True
137024016,0.17100000,57.90000000,277573358,277573358,1782867923397420,True,True
137024017,0.17100000,34.80000000,277573359,277573359,1782867923403434,True,True
137024018,0.17100000,169.60000000,277573360,277573361,1782867923615256,False,True
137024019,0.17090000,5594.70000000,277573362,277573368,1782867923874349,True,True
137024020,0.17080000,16740.30000000,277573369,277573370,1782867923874349,True,True
137024021,0.17090000,1163.90000000,277573371,277573371,1782867923875598,False,True
137024022,0.17090000,1781.00000000,277573372,277573373,1782867923908312,True,True
137024023,0.17090000,344.40000000,277573374,277573375,1782867923912617,False,True
137024024,0.17090000,400.00000000,277573376,277573379,1782867946747744,True,True
137024025,0.17090000,314.60000000,277573380,277573380,1782867946808967,False,True
137024026,0.17090000,136.50000000,277573381,277573383,1782867947526538,False,True
137024027,0.17090000,223.40000000,277573384,277573384,1782867947527205,False,True
137024028,0.17100000,260.00000000,277573385,277573385,1782867952542256,False,True
137024029,0.17110000,461.00000000,277573386,277573387,1782867962519981,True,True
137024030,0.17120000,49.90000000,277573388,277573388,1782867973064492,True,True
137024031,0.17120000,50.00000000,277573389,277573389,1782867979182533,True,True
137024032,0.17110000,287.60000000,277573390,277573392,1782867989948391,True,True
137024033,0.17110000,301.00000000,277573393,277573394,1782867994889536,False,True
137024034,0.17120000,250.00000000,277573395,277573395,1782868008507757,True,True
137024035,0.17110000,303.80000000,277573396,277573397,1782868023680211,True,True
137024036,0.17110000,200.00000000,277573398,277573398,1782868031455329,False,True
137024037,0.17120000,1475.20000000,277573399,277573399,1782868058223115,False,True
137024038,0.17120000,272.00000000,277573400,277573400,1782868064409798,True,True
137024039,0.17110000,347.60000000,277573401,277573403,1782868074047921,True,True
137024040,0.17110000,200.00000000,277573404,277573404,1782868077462009,False,True
137024041,0.17100000,36.80000000,277573405,277573405,1782868100918965,True,True
137024042,0.17100000,35801.40000000,277573406,277573409,1782868114815968,True,True
137024043,0.17090000,6618.40000000,277573410,277573415,1782868119583492,True,True
137024044,0.17090000,185.20000000,277573416,277573417,1782868119695896,False,True
137024045,0.17080000,124.50000000,277573418,277573420,1782868132418994,True,True
137024046,0.17080000,380.70000000,277573421,277573421,1782868132803810,False,True
137024047,0.17080000,200.00000000,277573422,277573422,1782868133058140,False,True
137024048,0.17080000,200.00000000,277573423,277573423,1782868141376685,False,True
137024049,0.17090000,200.00000000,277573424,277573424,1782868150552780,False,True
137024050,0.17090000,49.80000000,277573425,277573425,1782868159120924,True,True
137024051,0.17090000,200.00000000,277573426,277573426,1782868164824831,False,True
137024052,0.17090000,1767.50000000,277573427,277573428,1782868167824731,True,True
137024053,0.17080000,289.30000000,277573429,277573429,1782868167824731,True,True
137024054,0.17090000,555.80000000,277573430,277573430,1782868186677660,False,True
137024055,0.17090000,40.90000000,277573431,277573431,1782868199853370,False,True
137024056,0.17080000,347.80000000,277573432,277573434,1782868205586702,True,True
137024057,0.17070000,1823.00000000,277573435,277573438,1782868215727106,True,True
137024058,0.17070000,280.40000000,277573439,277573440,1782868215728759,True,True
137024059,0.17070000,135.60000000,277573441,277573441,1782868215838595,False,True
137024060,0.17060000,12466.60000000,277573442,277573443,1782868216080450,True,True
137024061,0.17060000,6523.70000000,277573444,277573444,1782868216080651,True,True
137024062,0.17060000,2673.70000000,277573445,277573448,1782868216080655,True,True
137024063,0.17050000,1823.00000000,277573449,277573453,1782868217143759,True,True
137024064,0.17050000,1754.80000000,277573454,277573455,1782868217145327,True,True
137024065,0.17050000,1507.50000000,277573456,277573456,1782868217150025,True,True
137024066,0.17050000,315.50000000,277573457,277573457,1782868217157372,False,True
137024067,0.17040000,3640.50000000,277573458,277573461,1782868220068226,True,True
137024068,0.17040000,29.30000000,277573462,277573462,1782868226531898,False,True
137024069,0.17030000,1393.60000000,277573463,277573465,1782868227952650,True,True
137024070,0.17030000,309.90000000,277573466,277573467,1782868228381106,False,True
137024071,0.17040000,586.80000000,277573468,277573468,1782868231671884,False,True
137024072,0.17030000,92.70000000,277573469,277573469,1782868235253622,True,True
137024073,0.17030000,7028.00000000,277573470,277573472,1782868235261464,True,True
137024074,0.17030000,1232.00000000,277573473,277573473,1782868235262237,True,True
137024075,0.17030000,608.20000000,277573474,277573474,1782868235262493,True,True
137024076,0.17030000,19708.50000000,277573475,277573477,1782868235366295,False,True
137024077,0.17030000,50.00000000,277573478,277573478,1782868238358820,True,True
137024078,0.17030000,824.80000000,277573479,277573479,1782868238404926,False,True
137024079,0.17020000,953.40000000,277573480,277573482,1782868246108413,True,True
137024080,0.17030000,476.40000000,277573483,277573483,1782868249105130,False,True
137024081,0.17010000,2416.50000000,277573484,277573484,1782868250683918,True,True
137024082,0.17010000,3911.60000000,277573485,277573485,1782868250684095,True,True
137024083,0.17010000,1823.00000000,277573486,277573486,1782868250684463,True,True
137024084,0.17010000,6607.00000000,277573487,277573488,1782868250684685,True,True
137024085,0.17010000,1030.00000000,277573489,277573489,1782868250685910,True,True
137024086,0.17010000,6589.20000000,277573490,277573490,1782868250685939,True,True
137024087,0.17010000,6726.60000000,277573491,277573492,1782868250685963,True,True
137024088,0.17000000,4916.80000000,277573493,277573499,1782868250686010,True,True
137024089,0.17000000,128.50000000,277573500,277573500,1782868250686010,True,True
137024090,0.17000000,25037.40000000,277573501,277573521,1782868250686010,True,True
137024091,0.17000000,3965.70000000,277573522,277573523,1782868250686067,True,True
137024092,0.17000000,3395.60000000,277573524,277573524,1782868250686152,True,True
137024093,0.17000000,530.00000000,277573525,277573525,1782868250686162,True,True
137024094,0.17000000,1265.00000000,277573526,277573526,1782868250686301,True,True
137024095,0.17000000,2337.90000000,277573527,277573527,1782868250687011,True,True
137024096,0.17000000,32.40000000,277573528,277573528,1782868250688685,True,True
137024097,0.17000000,4562.50000000,277573529,277573531,1782868250703058,True,True
137024098,0.17010000,146.90000000,277573532,277573532,1782868252113262,False,True
137024099,0.17000000,360.00000000,277573533,277573534,1782868253113915,True,True
137024100,0.17000000,96.90000000,277573535,277573535,1782868254938501,True,True
137024101,0.17000000,146.90000000,277573536,277573536,1782868255033337,False,True
137024102,0.17000000,199.90000000,277573537,277573537,1782868257126091,True,True
137024103,0.17000000,300.00000000,277573538,277573538,1782868258113455,True,True
137024104,0.17000000,1281.90000000,277573539,277573540,1782868259067282,True,True
137024105,0.16990000,1966.00000000,277573541,277573542,1782868262162299,True,True
137024106,0.16990000,1486.10000000,277573543,277573543,1782868262162299,True,True
137024107,0.16990000,1332.00000000,277573544,277573546,1782868262164792,True,True
137024108,0.16980000,154.00000000,277573547,277573548,1782868262164792,True,True
137024109,0.16980000,734.00000000,277573549,277573549,1782868262165053,True,True
137024110,0.16990000,159.20000000,277573550,277573550,1782868262307123,False,True
137024111,0.16980000,217.30000000,277573551,277573551,1782868262829088,True,True
137024112,0.16990000,49.90000000,277573552,277573552,1782868263961850,False,True
137024113,0.17000000,176.60000000,277573553,277573555,1782868268776647,False,True
137024114,0.17010000,88.40000000,277573556,277573557,1782868269925092,False,True
137024115,0.17010000,88.40000000,277573558,277573558,1782868270157131,True,True
137024116,0.17000000,88.40000000,277573559,277573560,1782868279661461,False,True
137024117,0.17000000,196.90000000,277573561,277573561,1782868283821130,False,True
137024118,0.17010000,50.00000000,277573562,277573562,1782868293130459,False,True
137024119,0.17000000,356.10000000,277573563,277573563,1782868293753864,True,True
137024120,0.17000000,44.10000000,277573564,277573564,1782868304601381,True,True
137024121,0.17000000,1507.50000000,277573565,277573565,1782868307463442,False,True
137024122,0.17010000,3115.30000000,277573566,277573567,1782868307463442,False,True
137024123,0.17000000,1507.50000000,277573568,277573568,1782868314303397,False,True
137024124,0.17000000,196.70000000,277573569,277573569,1782868318019119,True,True
137024125,0.17010000,88.40000000,277573570,277573571,1782868319817260,False,True
137024126,0.17010000,1475.00000000,277573572,277573573,1782868323237477,True,True
137024127,0.17000000,106.10000000,277573574,277573574,1782868332483301,True,True
137024128,0.17010000,1507.50000000,277573575,277573575,1782868336097373,False,True
137024129,0.17010000,2949.50000000,277573576,277573576,1782868339208088,True,True
137024130,0.17000000,44.10000000,277573577,277573577,1782868341921402,True,True
137024131,0.16980000,298.00000000,277573578,277573578,1782868345361759,True,True
137024132,0.16990000,700.10000000,277573579,277573579,1782868356470172,False,True
137024133,0.16980000,44.20000000,277573580,277573580,1782868362090037,True,True
137024134,0.16980000,44.20000000,277573581,277573581,1782868362090605,True,True
137024135,0.16980000,44.20000000,277573582,277573582,1782868362091031,True,True
137024136,0.16980000,3073.70000000,277573583,277573583,1782868363197481,True,True
137024137,0.16970000,1344.30000000,277573584,277573586,1782868363197481,True,True
137024138,0.16970000,761.00000000,277573587,277573588,1782868363197919,True,True
137024139,0.16980000,137.90000000,277573589,277573589,1782868363297217,False,True
137024140,0.16970000,7497.00000000,277573590,277573593,1782868364489477,True,True
137024141,0.16960000,2503.00000000,277573594,277573598,1782868364489477,True,True
137024142,0.16950000,259.60000000,277573599,277573600,1782868364901667,True,True
137024143,0.16950000,251.80000000,277573601,277573602,1782868364901667,True,True
137024144,0.16950000,875.60000000,277573603,277573604,1782868364901667,True,True
137024145,0.16950000,143.20000000,277573605,277573605,1782868364910467,True,True
137024146,0.16950000,50.00000000,277573606,277573606,1782868364922232,True,True
137024147,0.16940000,1823.00000000,277573607,277573608,1782868365323911,True,True
137024148,0.16940000,1285.30000000,277573609,277573609,1782868365347799,True,True
137024149,0.16930000,587.30000000,277573610,277573613,1782868365496001,True,True
137024150,0.16930000,908.40000000,277573614,277573614,1782868365498071,True,True
137024151,0.16920000,622.40000000,277573615,277573619,1782868365636859,True,True
137024152,0.16910000,88.80000000,277573620,277573620,1782868365875433,True,True
137024153,0.16900000,7127.10000000,277573621,277573632,1782868365941375,True,True
137024154,0.16900000,1769.10000000,277573633,277573635,1782868366005504,False,True
137024155,0.16890000,4659.00000000,277573636,277573642,1782868366302807,True,True
137024156,0.16890000,126.90000000,277573643,277573644,1782868366302807,True,True
137024157,0.16880000,987.70000000,277573645,277573645,1782868366302807,True,True
137024158,0.16890000,313.40000000,277573646,277573646,1782868366455578,False,True
137024159,0.16880000,19679.30000000,277573647,277573657,1782868366649417,True,True
137024160,0.16880000,150.00000000,277573658,277573658,1782868366739139,False,True
137024161,0.16880000,4915.20000000,277573659,277573662,1782868366797997,True,True
137024162,0.16870000,11110.10000000,277573663,277573678,1782868366800384,True,True
137024163,0.16870000,6473.50000000,277573679,277573681,1782868366809317,False,True
137024164,0.16870000,136.50000000,277573682,277573682,1782868366906333,False,True
137024165,0.16870000,1095.50000000,277573683,277573683,1782868366907106,False,True
137024166,0.16880000,578.50000000,277573684,277573684,1782868366999385,False,True
137024167,0.16880000,200.00000000,277573685,277573685,1782868367038809,False,True
137024168,0.16880000,615.60000000,277573686,277573686,1782868367339627,True,True
137024169,0.16880000,648.70000000,277573687,277573690,1782868367357350,True,True
137024170,0.16870000,86.50000000,277573691,277573691,1782868367384689,True,True
137024171,0.16870000,1189.50000000,277573692,277573693,1782868367384852,True,True
137024172,0.16880000,423.00000000,277573694,277573694,1782868367603166,False,True
137024173,0.16880000,99.90000000,277573695,277573695,1782868367797103,False,True
137024174,0.16890000,56.20000000,277573696,277573696,1782868368070460,True,True
137024175,0.16890000,640.40000000,277573697,277573697,1782868368075664,True,True
137024176,0.16890000,49.90000000,277573698,277573698,1782868368078468,True,True
137024177,0.16890000,59.10000000,277573699,277573699,1782868368863205,False,True
137024178,0.16880000,5263.60000000,277573700,277573704,1782868368908521,True,True
137024179,0.16880000,6030.30000000,277573705,277573705,1782868369053734,True,True
137024180,0.16880000,7222.50000000,277573706,277573708,1782868369122743,False,True
137024181,0.16880000,13400.00000000,277573709,277573709,1782868369122780,False,True
137024182,0.16880000,50.00000000,277573710,277573710,1782868369123528,False,True
137024183,0.16880000,249.60000000,277573711,277573712,1782868369624577,True,True
137024184,0.16880000,138.30000000,277573713,277573714,1782868369848657,False,True
137024185,0.16880000,136.50000000,277573715,277573716,1782868370222881,False,True
137024186,0.16880000,1.90000000,277573717,277573717,1782868370223678,False,True
137024187,0.16890000,592.40000000,277573718,277573718,1782868371399461,False,True
137024188,0.16890000,99.90000000,277573719,277573719,1782868371981349,True,True
137024189,0.16890000,79.20000000,277573720,277573720,1782868372483638,False,True
137024190,0.16870000,4850.00000000,277573721,277573727,1782868372578636,True,True
137024191,0.16870000,553.40000000,277573728,277573728,1782868372581384,True,True
137024192,0.16870000,602.80000000,277573729,277573729,1782868372581396,True,True
137024193,0.16870000,32.60000000,277573730,277573730,1782868372597407,True,True
137024194,0.16870000,180.10000000,277573731,277573732,1782868372607542,True,True
137024195,0.16870000,99.90000000,277573733,277573734,1782868372995306,False,True
137024196,0.16880000,49.90000000,277573735,277573735,1782868373587004,True,True
137024197,0.16880000,1555.50000000,277573736,277573736,1782868373609165,False,True
137024198,0.16890000,150.00000000,277573737,277573738,1782868375064931,True,True
137024199,0.16880000,1646.50000000,277573739,277573741,1782868375089582,True,True
137024200,0.16860000,377.90000000,277573742,277573742,1782868375284615,True,True
137024201,0.16860000,474.20000000,277573743,277573745,1782868376612950,True,True
137024202,0.16860000,149.90000000,277573746,277573746,1782868378493615,False,True
137024203,0.16860000,49.90000000,277573747,277573747,1782868379013754,True,True
137024204,0.16860000,3931.30000000,277573748,277573750,1782868379161220,False,True
137024205,0.16880000,592.70000000,277573751,277573753,1782868380161067,False,True
137024206,0.16870000,88.90000000,277573754,277573754,1782868380574758,False,True
137024207,0.16870000,2514.50000000,277573755,277573756,1782868381922981,True,True
137024208,0.16870000,1283.00000000,277573757,277573758,1782868382061060,True,True
137024209,0.16860000,41.20000000,277573759,277573759,1782868382725443,False,True
137024210,0.16870000,88.60000000,277573760,277573760,1782868382725443,False,True
137024211,0.16870000,36.00000000,277573761,277573761,1782868382996212,False,True
137024212,0.16870000,52.90000000,277573762,277573762,1782868382997671,False,True
137024213,0.16860000,138.90000000,277573763,277573764,1782868384730964,False,True
137024214,0.16870000,70.30000000,277573765,277573765,1782868384767208,False,True
137024215,0.16860000,200.00000000,277573766,277573766,1782868385222203,True,True
137024216,0.16860000,138.90000000,277573767,277573768,1782868385961125,False,True
137024217,0.16850000,1823.00000000,277573769,277573773,1782868387684840,True,True
137024218,0.16850000,2546.50000000,277573774,277573776,1782868387684840,True,True
137024219,0.16840000,66846.90000000,277573777,277573796,1782868387684840,True,True
137024220,0.16830000,87822.90000000,277573797,277573813,1782868387684840,True,True
137024221,0.16820000,42783.70000000,277573814,277573826,1782868387684840,True,True
137024222,0.16830000,32.70000000,277573827,277573827,1782868387688060,True,True
137024223,0.16830000,35.60000000,277573828,277573828,1782868387689327,True,True
137024224,0.16830000,553.00000000,277573829,277573829,1782868387690308,True,True
137024225,0.16830000,35.60000000,277573830,277573830,1782868387691111,True,True
137024226,0.16840000,59.40000000,277573831,277573831,1782868387692445,False,True
137024227,0.16830000,575.10000000,277573832,277573832,1782868387693830,True,True
137024228,0.16820000,393.90000000,277573833,277573833,1782868387693830,True,True
137024229,0.16820000,553.00000000,277573834,277573834,1782868387693858,True,True
137024230,0.16830000,553.00000000,277573835,277573836,1782868387695200,True,True
137024231,0.16830000,150.00000000,277573837,277573837,1782868387783047,False,True
137024232,0.16830000,100.00000000,277573838,277573838,1782868387790439,False,True
137024233,0.16830000,8949.40000000,277573839,277573840,1782868388074516,False,True
137024234,0.16840000,40.00000000,277573841,277573841,1782868388152996,False,True
137024235,0.16840000,3873.40000000,277573842,277573846,1782868389080940,False,True
137024236,0.16840000,6700.00000000,277573847,277573848,1782868389081104,False,True
137024237,0.16840000,1823.00000000,277573849,277573849,1782868389083972,False,True
137024238,0.16840000,50.00000000,277573850,277573850,1782868389085235,False,True
137024239,0.16850000,593.80000000,277573851,277573851,1782868389119334,False,True
137024240,0.16840000,349.90000000,277573852,277573852,1782868389347073,True,True
137024241,0.16830000,605.60000000,277573853,277573853,1782868389487465,False,True
137024242,0.16830000,200.00000000,277573854,277573854,1782868390281843,True,True
137024243,0.16820000,152.60000000,277573855,277573855,1782868390501403,True,True
137024244,0.16820000,6700.00000000,277573856,277573858,1782868390829901,False,True
137024245,0.16820000,7049.90000000,277573859,277573859,1782868390829927,False,True
137024246,0.16820000,50.00000000,277573860,277573860,1782868390831738,False,True
137024247,0.16830000,89.40000000,277573861,277573862,1782868390953091,False,True
137024248,0.16830000,50.00000000,277573863,277573863,1782868391046854,True,True
137024249,0.16840000,1393.00000000,277573864,277573864,1782868392080313,False,True
137024250,0.16830000,50.00000000,277573865,277573865,1782868392425310,True,True
137024251,0.16830000,4562.50000000,277573866,277573868,1782868393190953,True,True
137024252,0.16820000,55.70000000,277573869,277573869,1782868393190953,True,True
137024253,0.16810000,1823.00000000,277573870,277573873,1782868393774380,True,True
137024254,0.16800000,4465.00000000,277573874,277573881,1782868393834424,True,True
137024255,0.16800000,89.40000000,277573882,277573883,1782868394261265,True,True
137024256,0.16800000,20100.00000000,277573884,277573884,1782868394261828,True,True
137024257,0.16800000,6700.00000000,277573885,277573885,1782868394262240,True,True
137024258,0.16800000,6700.00000000,277573886,277573886,1782868394262815,True,True
137024259,0.16800000,1823.00000000,277573887,277573887,1782868394265042,True,True
137024260,0.16800000,1823.00000000,277573888,277573888,1782868394278325,True,True
137024261,0.16800000,14000.00000000,277573889,277573889,1782868394353770,True,True
137024262,0.16800000,80.40000000,277573890,277573890,1782868394356335,True,True
137024263,0.16800000,1823.00000000,277573891,277573891,1782868394357468,True,True
137024264,0.16800000,1189.50000000,277573892,277573892,1782868394360069,True,True
137024265,0.16800000,7338.10000000,277573893,277573893,1782868394369431,True,True
137024266,0.16800000,1901.70000000,277573894,277573894,1782868394369598,True,True
137024267,0.16800000,8062.00000000,277573895,277573895,1782868394369607,True,True
137024268,0.16800000,8796.50000000,277573896,277573896,1782868394369710,True,True
137024269,0.16800000,11906.00000000,277573897,277573897,1782868394370188,True,True
137024270,0.16800000,6549.60000000,277573898,277573898,1782868394370288,True,True
137024271,0.16800000,4803.70000000,277573899,277573899,1782868394370289,True,True
137024272,0.16800000,11906.00000000,277573900,277573900,1782868394370391,True,True
137024273,0.16800000,188.50000000,277573901,277573902,1782868394370436,True,True
137024274,0.16790000,2509.70000000,277573903,277573907,1782868394371171,True,True
137024275,0.16780000,1955.30000000,277573908,277573909,1782868394371171,True,True
137024276,0.16780000,835.90000000,277573910,277573910,1782868394371171,True,True
137024277,0.16790000,199.90000000,277573911,277573911,1782868394531347,False,True
137024278,0.16790000,50.00000000,277573912,277573912,1782868394598322,False,True
137024279,0.16800000,2026.10000000,277573913,277573914,1782868394598322,False,True
137024280,0.16800000,20727.90000000,277573915,277573920,1782868395208872,False,True
137024281,0.16810000,89.40000000,277573921,277573922,1782868395707261,False,True
137024282,0.16820000,59.20000000,277573923,277573923,1782868395707261,False,True
137024283,0.16810000,59.40000000,277573924,277573924,1782868396863838,True,True
137024284,0.16810000,271.20000000,277573925,277573927,1782868396865473,True,True
137024285,0.16800000,56.10000000,277573928,277573928,1782868396867860,True,True
137024286,0.16790000,146.70000000,277573929,277573929,1782868398395695,True,True
137024287,0.16790000,49.90000000,277573930,277573930,1782868398797834,False,True
137024288,0.16790000,237.90000000,277573931,277573931,1782868398900793,False,True
137024289,0.16790000,50.00000000,277573932,277573932,1782868399090553,False,True
137024290,0.16800000,89.40000000,277573933,277573934,1782868400022757,False,True
137024291,0.16800000,49.90000000,277573935,277573935,1782868400835408,True,True
137024292,0.16790000,50.00000000,277573936,277573936,1782868401504679,True,True
137024293,0.16800000,89.40000000,277573937,277573938,1782868402178487,False,True
137024294,0.16810000,420.80000000,277573939,277573942,1782868402198321,False,True
137024295,0.16820000,18802.50000000,277573943,277573944,1782868402553565,True,True
137024296,0.16820000,50.00000000,277573945,277573945,1782868402560505,True,True
137024297,0.16820000,50.00000000,277573946,277573946,1782868402562049,True,True
137024298,0.16790000,4701.50000000,277573947,277573951,1782868403450778,True,True
137024299,0.16780000,2123.00000000,277573952,277573952,1782868403451466,True,True
137024300,0.16790000,99.90000000,277573953,277573954,1782868403604140,False,True
137024301,0.16790000,77.40000000,277573955,277573955,1782868404553117,False,True
137024302,0.16780000,202.50000000,277573956,277573956,1782868404828351,True,True
137024303,0.16780000,339.20000000,277573957,277573957,1782868405236371,True,True
137024304,0.16780000,674.10000000,277573958,277573960,1782868405238084,True,True
137024305,0.16780000,1823.00000000,277573961,277573961,1782868405245118,False,True
137024306,0.16780000,1507.50000000,277573962,277573962,1782868405245707,False,True
137024307,0.16780000,1823.00000000,277573963,277573963,1782868405248240,True,True
137024308,0.16780000,1823.00000000,277573964,277573965,1782868405678802,False,True
137024309,0.16780000,561.00000000,277573966,277573966,1782868405724983,False,True
137024310,0.16780000,1260.90000000,277573967,277573967,1782868405951006,False,True
137024311,0.16780000,125.90000000,277573968,277573968,1782868406479050,False,True
137024312,0.16780000,347.20000000,277573969,277573969,1782868406479200,False,True
137024313,0.16770000,7436.50000000,277573970,277573973,1782868406654606,True,True
137024314,0.16780000,14673.30000000,277573974,277573974,1782868406698942,False,True
137024315,0.16780000,59.60000000,277573975,277573975,1782868406785158,False,True
137024316,0.16780000,595.90000000,277573976,277573977,1782868407151040,False,True
137024317,0.16780000,405.60000000,277573978,277573978,1782868407171799,False,True
137024318,0.16780000,88.90000000,277573979,277573979,1782868407440096,False,True
137024319,0.16790000,178.50000000,277573980,277573982,1782868407691915,False,True
137024320,0.16800000,232.90000000,277573983,277573983,1782868408693018,True,True
137024321,0.16800000,10643.40000000,277573984,277573984,1782868409027056,True,True
137024322,0.16800000,150.00000000,277573985,277573986,1782868409033268,True,True
137024323,0.16780000,50.00000000,277573987,277573987,1782868411648985,True,True
137024324,0.16780000,49.90000000,277573988,277573988,1782868412007797,False,True
137024325,0.16790000,89.60000000,277573989,277573990,1782868412214220,False,True
137024326,0.16800000,89.40000000,277573991,277573992,1782868413086204,False,True
137024327,0.16810000,89.40000000,277573993,277573994,1782868413217357,False,True
137024328,0.16810000,149.90000000,277573995,277573995,1782868413543990,True,True
137024329,0.16780000,149.90000000,277573996,277573996,1782868415374525,False,True
137024330,0.16790000,89.60000000,277573997,277573998,1782868416110644,False,True
137024331,0.16800000,505.60000000,277573999,277573999,1782868416110644,False,True
137024332,0.16800000,50.00000000,277574000,277574000,1782868417127870,True,True
137024333,0.16800000,50.00000000,277574001,277574001,1782868417331340,False,True
137024334,0.16810000,149.90000000,277574002,277574002,1782868418733322,True,True
137024335,0.16790000,34.00000000,277574003,277574003,1782868418838344,True,True
137024336,0.16790000,1766.00000000,277574004,277574005,1782868419987551,False,True
137024337,0.16790000,339.10000000,277574006,277574007,1782868419988207,False,True
137024338,0.16800000,89.40000000,277574008,277574009,1782868420673196,False,True
137024339,0.16800000,199.90000000,277574010,277574012,1782868421821122,True,True
137024340,0.16810000,89.40000000,277574013,277574014,1782868423278348,False,True
137024341,0.16810000,200.00000000,277574015,277574015,1782868423281054,True,True
137024342,0.16820000,1980.70000000,277574016,277574020,1782868423368605,False,True
137024343,0.16810000,43.10000000,277574021,277574021,1782868424523716,True,True
137024344,0.16810000,50.00000000,277574022,277574022,1782868424771408,False,True
137024345,0.16820000,851.30000000,277574023,277574023,1782868424912959,False,True
137024346,0.16820000,89.40000000,277574024,277574025,1782868426048040,False,True
137024347,0.16840000,118.90000000,277574026,277574028,1782868427710417,False,True
137024348,0.16840000,249.90000000,277574029,277574029,1782868428378742,True,True
137024349,0.16850000,89.20000000,277574030,277574031,1782868428952982,False,True
137024350,0.16860000,50.00000000,277574032,277574032,1782868429534285,False,True
137024351,0.16870000,250.00000000,277574033,277574034,1782868430085659,False,True
137024352,0.16870000,250.00000000,277574035,277574035,1782868430130899,True,True
137024353,0.16870000,83.20000000,277574036,277574037,1782868430621937,True,True
137024354,0.16870000,116.80000000,277574038,277574039,1782868430622183,True,True
137024355,0.16870000,49.90000000,277574040,277574040,1782868431189629,False,True
137024356,0.16880000,4193.60000000,277574041,277574045,1782868432572374,False,True
137024357,0.16880000,2503.30000000,277574046,277574047,1782868432578295,False,True
137024358,0.16890000,202.50000000,277574048,277574048,1782868434996450,True,True
137024359,0.16900000,1823.00000000,277574049,277574054,1782868436928252,False,True
137024360,0.16900000,88.00000000,277574055,277574055,1782868436929983,False,True
137024361,0.16900000,545.70000000,277574056,277574056,1782868436930635,False,True
137024362,0.16910000,138.80000000,277574057,277574059,1782868437325165,False,True
137024363,0.16920000,118.50000000,277574060,277574061,1782868438513878,False,True
137024364,0.16920000,532.10000000,277574062,277574063,1782868438830155,True,True
137024365,0.16930000,1823.00000000,277574064,277574064,1782868440425173,False,True
137024366,0.16930000,104.30000000,277574065,277574065,1782868440427277,False,True
137024367,0.16930000,114.50000000,277574066,277574066,1782868440427436,False,True
137024368,0.16940000,1694.60000000,277574067,277574067,1782868440775888,False,True
137024369,0.16950000,176.00000000,277574068,277574069,1782868441339051,False,True
137024370,0.16950000,78.90000000,277574070,277574070,1782868441341046,False,True
137024371,0.16950000,206.30000000,277574071,277574071,1782868441348396,True,True
137024372,0.16950000,206.30000000,277574072,277574072,1782868441348573,True,True
137024373,0.16960000,1182.70000000,277574073,277574073,1782868441873853,True,True
137024374,0.16960000,300.00000000,277574074,277574074,1782868442112073,True,True
137024375,0.16970000,178.20000000,277574075,277574075,1782868443858568,False,True
137024376,0.16970000,8062.70000000,277574076,277574078,1782868444607705,False,True
137024377,0.16970000,390.80000000,277574079,277574080,1782868444913458,True,True
137024378,0.16970000,7600.00000000,277574081,277574084,1782868444939163,False,True
137024379,0.16970000,20285.40000000,277574085,277574087,1782868444945164,False,True
137024380,0.16970000,1507.50000000,277574088,277574088,1782868445033679,False,True
137024381,0.16980000,4712.50000000,277574089,277574092,1782868445033679,False,True
137024382,0.16980000,8993.00000000,277574093,277574104,1782868445042281,False,True
137024383,0.16980000,1595.50000000,277574105,277574107,1782868445043713,False,True
137024384,0.16980000,1541.70000000,277574108,277574109,1782868445439602,True,True
137024385,0.16990000,588.90000000,277574110,277574111,1782868445597307,False,True
137024386,0.16990000,3120.90000000,277574112,277574116,1782868446095438,False,True
137024387,0.16990000,208.10000000,277574117,277574118,1782868446261367,True,True
137024388,0.16970000,50.00000000,277574119,277574119,1782868447233745,True,True
137024389,0.16950000,462.70000000,277574120,277574121,1782868448093123,True,True
137024390,0.16960000,318.20000000,277574122,277574123,1782868448104865,False,True
137024391,0.16970000,1646.10000000,277574124,277574127,1782868448113204,False,True
137024392,0.16960000,50.00000000,277574128,277574128,1782868448854259,True,True
137024393,0.16960000,88.60000000,277574129,277574130,1782868450051944,False,True
137024394,0.16960000,50.00000000,277574131,277574131,1782868450413816,True,True
137024395,0.16940000,50.00000000,277574132,277574132,1782868451494742,True,True
137024396,0.16930000,44.30000000,277574133,277574133,1782868452897326,True,True
137024397,0.16920000,29.60000000,277574134,277574134,1782868453863513,True,True
137024398,0.16930000,88.80000000,277574135,277574136,1782868455647801,False,True
137024399,0.16940000,1086.30000000,277574137,277574139,1782868457932452,False,True
137024400,0.16940000,1031.30000000,277574140,277574141,1782868457932921,False,True
137024401,0.16940000,962.90000000,277574142,277574142,1782868457933090,False,True
137024402,0.16940000,1550.60000000,277574143,277574144,1782868457933812,False,True
137024403,0.16930000,1957.40000000,277574145,277574147,1782868458388366,True,True
137024404,0.16930000,359.50000000,277574148,277574150,1782868459209739,False,True
137024405,0.16940000,1555.50000000,277574151,277574151,1782868460881967,False,True
137024406,0.16940000,42.90000000,277574152,277574152,1782868460881999,False,True
137024407,0.16940000,2639.00000000,277574153,277574156,1782868463881590,True,True
137024408,0.16930000,97.20000000,277574157,277574157,1782868464743927,True,True
137024409,0.16930000,49.70000000,277574158,277574158,1782868464744024,True,True
137024410,0.16930000,50.00000000,277574159,277574159,1782868465169589,True,True
137024411,0.16920000,46.80000000,277574160,277574160,1782868465169589,True,True
137024412,0.16920000,50.00000000,277574161,277574161,1782868465591781,True,True
137024413,0.16930000,88.80000000,277574162,277574163,1782868468142127,False,True
137024414,0.16940000,411.20000000,277574164,277574165,1782868468142127,False,True
137024415,0.16930000,233.70000000,277574166,277574166,1782868468594087,True,True
137024416,0.16920000,1557.50000000,277574167,277574168,1782868468600202,True,True
137024417,0.16920000,13750.50000000,277574169,277574174,1782868469928888,True,True
137024418,0.16920000,50.00000000,277574175,277574175,1782868472241936,True,True
137024419,0.16910000,94.40000000,277574176,277574177,1782868473585352,True,True
137024420,0.16910000,136.50000000,277574178,277574178,1782868473746328,False,True
137024421,0.16910000,61.30000000,277574179,277574179,1782868473748942,False,True
137024422,0.16910000,160.20000000,277574180,277574180,1782868474024800,False,True
137024423,0.16910000,100.00000000,277574181,277574181,1782868476198572,True,True
137024424,0.16920000,250.00000000,277574182,277574182,1782868480990877,False,True
137024425,0.16930000,10930.20000000,277574183,277574197,1782868480996737,False,True
137024426,0.16930000,282.90000000,277574198,277574198,1782868481685349,True,True
137024427,0.16930000,46.20000000,277574199,277574199,1782868482075007,True,True
137024428,0.16900000,97.30000000,277574200,277574200,1782868487467976,True,True
137024429,0.16900000,50.00000000,277574201,277574201,1782868487751919,True,True
137024430,0.16910000,160.00000000,277574202,277574204,1782868491527781,False,True
137024431,0.16920000,3719.20000000,277574205,277574210,1782868492260908,False,True
137024432,0.16910000,7150.70000000,277574211,277574215,1782868496188051,True,True
137024433,0.16930000,88.80000000,277574216,277574217,1782868500062148,False,True
137024434,0.16950000,88.60000000,277574218,277574219,1782868501404433,False,True
137024435,0.16950000,199.90000000,277574220,277574220,1782868502234502,True,True
137024436,0.16960000,353.70000000,277574221,277574221,1782868503912827,False,True
137024437,0.16970000,89.00000000,277574222,277574222,1782868503915828,False,True
137024438,0.16970000,7600.00000000,277574223,277574223,1782868504066640,False,True
137024439,0.16970000,7600.00000000,277574224,277574224,1782868504075262,False,True
137024440,0.16980000,8150.00000000,277574225,277574228,1782868504514857,False,True
137024441,0.16970000,100.00000000,277574229,277574229,1782868504919836,True,True
137024442,0.16970000,96.40000000,277574230,277574230,1782868506013733,True,True
137024443,0.16970000,202.00000000,277574231,277574232,1782868506014143,True,True
137024444,0.16960000,44.20000000,277574233,277574233,1782868506124191,True,True
137024445,0.16960000,482.70000000,277574234,277574234,1782868506665038,False,True
137024446,0.16960000,17.90000000,277574235,277574235,1782868506665377,False,True
137024447,0.16970000,44.30000000,277574236,277574236,1782868506821053,False,True
137024448,0.16980000,3419.10000000,277574237,277574240,1782868507171568,False,True
137024449,0.16990000,1823.00000000,277574241,277574244,1782868507541932,False,True
137024450,0.16990000,136.50000000,277574245,277574245,1782868507551100,False,True
137024451,0.16990000,1853.20000000,277574246,277574248,1782868507843543,False,True
137024452,0.16990000,70.00000000,277574249,277574249,1782868507846657,False,True
137024453,0.16990000,50.00000000,277574250,277574250,1782868507848385,False,True
137024454,0.16990000,94.10000000,277574251,277574251,1782868507892523,True,True
137024455,0.16990000,94.10000000,277574252,277574252,1782868507892527,True,True
137024456,0.17000000,2326.00000000,277574253,277574254,1782868508760818,False,True
137024457,0.17010000,1043.70000000,277574255,277574256,1782868509256000,False,True
137024458,0.17010000,971.70000000,277574257,277574257,1782868509256353,False,True
137024459,0.17010000,3320.20000000,277574258,277574258,1782868509263938,False,True
137024460,0.17010000,142.20000000,277574259,277574259,1782868510407014,True,True
137024461,0.17020000,285.80000000,277574260,277574263,1782868510676728,False,True
137024462,0.17020000,94.00000000,277574264,277574264,1782868510680476,True,True
137024463,0.17020000,94.00000000,277574265,277574265,1782868510680482,True,True
137024464,0.17020000,6.70000000,277574266,277574266,1782868510680761,True,True
137024465,0.17030000,88.50000000,277574267,277574268,1782868510973923,False,True
137024466,0.17040000,2934.20000000,277574269,277574271,1782868511121126,False,True
137024467,0.17040000,11614.30000000,277574272,277574274,1782868511127817,False,True
137024468,0.17040000,1685.60000000,277574275,277574275,1782868511166699,False,True
137024469,0.17050000,6840.00000000,277574276,277574281,1782868511369432,False,True
137024470,0.17040000,466.90000000,277574282,277574282,1782868511494123,True,True
137024471,0.17020000,6392.70000000,277574283,277574288,1782868511675556,True,True
137024472,0.17010000,4708.60000000,277574289,277574293,1782868511679825,True,True
137024473,0.17020000,912.90000000,277574294,277574295,1782868511682340,False,True
137024474,0.17010000,1581.20000000,277574296,277574297,1782868511686763,True,True
137024475,0.17010000,1660.10000000,277574298,277574299,1782868511687388,True,True
137024476,0.17010000,661.10000000,277574300,277574300,1782868511688271,True,True
137024477,0.17010000,2628.50000000,277574301,277574302,1782868511694786,True,True
137024478,0.17020000,4394.60000000,277574303,277574306,1782868511709669,False,True
137024479,0.17020000,173.70000000,277574307,277574307,1782868511994966,True,True
137024480,0.17020000,1232.00000000,277574308,277574308,1782868512149975,False,True
137024481,0.17020000,50.00000000,277574309,277574309,1782868512990496,False,True
137024482,0.17020000,86.80000000,277574310,277574310,1782868513168973,True,True
137024483,0.17020000,49.90000000,277574311,277574311,1782868513641031,True,True
137024484,0.17000000,44.10000000,277574312,277574312,1782868514946194,True,True
137024485,0.17000000,149.90000000,277574313,277574313,1782868515342362,False,True
137024486,0.17010000,2257.00000000,277574314,277574315,1782868515346012,False,True
137024487,0.17010000,881.80000000,277574316,277574318,1782868516307959,False,True
137024488,0.17020000,88.40000000,277574319,277574320,1782868518607475,False,True
137024489,0.17030000,88.20000000,277574321,277574322,1782868518903516,False,True
137024490,0.17020000,449.90000000,277574323,277574324,1782868519149775,True,True
137024491,0.17010000,132.70000000,277574325,277574326,1782868519154047,True,True
137024492,0.17010000,99.90000000,277574327,277574327,1782868519170778,False,True
137024493,0.17020000,50.00000000,277574328,277574328,1782868519293248,False,True
137024494,0.17030000,88.20000000,277574329,277574330,1782868520486770,False,True
137024495,0.17030000,49.90000000,277574331,277574331,1782868520661860,True,True
137024496,0.17030000,88.20000000,277574332,277574333,1782868521234284,False,True
137024497,0.17030000,150.00000000,277574334,277574335,1782868522720477,True,True
137024498,0.17040000,587.10000000,277574336,277574339,1782868522897140,False,True
137024499,0.17040000,50.00000000,277574340,277574340,1782868526087933,True,True
137024500,0.17030000,50.00000000,277574341,277574341,1782868527998146,True,True
137024501,0.17030000,50.00000000,277574342,277574342,1782868529109801,True,True
137024502,0.17020000,1557.50000000,277574343,277574344,1782868530109136,True,True
137024503,0.17020000,50.00000000,277574345,277574345,1782868531138705,True,True
137024504,0.17020000,49.90000000,277574346,277574346,1782868531448304,False,True
137024505,0.17020000,49.90000000,277574347,277574347,1782868534089786,True,True
137024506,0.17010000,49.90000000,277574348,277574348,1782868535185060,False,True
137024507,0.17020000,88.40000000,277574349,277574350,1782868538832794,False,True
137024508,0.17030000,88.20000000,277574351,277574352,1782868540689770,False,True
137024509,0.17030000,88.20000000,277574353,277574353,1782868541988597,False,True
137024510,0.17040000,88.20000000,277574354,277574355,1782868542565084,False,True
137024511,0.17050000,1178.90000000,277574356,277574358,1782868544940648,False,True
137024512,0.17050000,193.40000000,277574359,277574359,1782868544942278,False,True
137024513,0.17050000,991.80000000,277574360,277574362,1782868544942435,False,True
137024514,0.17050000,2800.60000000,277574363,277574364,1782868544948110,False,True
137024515,0.17050000,1826.60000000,277574365,277574365,1782868544954280,False,True
137024516,0.17050000,50.00000000,277574366,277574366,1782868544960449,False,True
137024517,0.17050000,349.80000000,277574367,277574367,1782868545038436,True,True
137024518,0.17050000,93.30000000,277574368,277574368,1782868545423532,True,True
137024519,0.17050000,1464.20000000,277574369,277574370,1782868546081036,True,True
137024520,0.17050000,7342.40000000,277574371,277574371,1782868546323563,False,True
137024521,0.17050000,1833.40000000,277574372,277574375,1782868546325033,False,True
137024522,0.17050000,49.90000000,277574376,277574376,1782868547295894,True,True
137024523,0.17020000,50.00000000,277574377,277574377,1782868557752028,True,True
137024524,0.17010000,50.00000000,277574378,277574378,1782868560567917,True,True
137024525,0.17000000,9107.90000000,277574379,277574381,1782868561016819,True,True
137024526,0.17000000,12493.60000000,277574382,277574384,1782868561017087,True,True
137024527,0.16990000,1146.90000000,277574385,277574385,1782868562137811,True,True
137024528,0.16990000,238.30000000,277574386,277574386,1782868564180290,True,True
137024529,0.16970000,1185.00000000,277574387,277574387,1782868568479503,True,True
137024530,0.16960000,39.00000000,277574388,277574388,1782868568479659,True,True
137024531,0.16960000,609.60000000,277574389,277574389,1782868568602605,True,True
137024532,0.16960000,238.60000000,277574390,277574391,1782868570140133,False,True
137024533,0.16970000,88.60000000,277574392,277574393,1782868572515010,False,True
137024534,0.16990000,38.30000000,277574394,277574394,1782868577231843,False,True
137024535,0.16970000,200.00000000,277574395,277574395,1782868578184311,True,True
137024536,0.16970000,1307.50000000,277574396,277574396,1782868578525003,True,True
137024537,0.16970000,62.00000000,277574397,277574397,1782868579841110,False,True
137024538,0.16970000,38.00000000,277574398,277574398,1782868579841328,False,True
137024539,0.16960000,3185.30000000,277574399,277574399,1782868583618278,True,True
137024540,0.16950000,51.40000000,277574400,277574400,1782868587423726,False,True
137024541,0.16950000,274.90000000,277574401,277574402,1782868593050291,True,True
137024542,0.16940000,1888.60000000,277574403,277574404,1782868593134461,True,True
137024543,0.16940000,117.90000000,277574405,277574405,1782868594970950,False,True
137024544,0.16930000,333.00000000,277574406,277574406,1782868596547807,False,True
137024545,0.16930000,49.90000000,277574407,277574407,1782868597543812,False,True
137024546,0.16910000,1061.30000000,277574408,277574408,1782868608429876,True,True
137024547,0.16900000,820.00000000,277574409,277574409,1782868608434404,True,True
137024548,0.16900000,333.00000000,277574410,277574410,1782868608435003,True,True
137024549,0.16900000,447.90000000,277574411,277574413,1782868608437363,True,True
137024550,0.16890000,372.10000000,277574414,277574415,1782868608437363,True,True
137024551,0.16910000,465.60000000,277574416,277574416,1782868610110792,False,True
137024552,0.16910000,75.70000000,277574417,277574417,1782868611986438,False,True
137024553,0.16900000,99.90000000,277574418,277574419,1782868615691583,True,True
137024554,0.16900000,78.00000000,277574420,277574420,1782868615799589,False,True
137024555,0.16890000,1274.20000000,277574421,277574423,1782868617012792,True,True
137024556,0.16880000,791.00000000,277574424,277574424,1782868617014542,True,True
137024557,0.16880000,791.00000000,277574425,277574427,1782868617018005,True,True
137024558,0.16880000,388.00000000,277574428,277574428,1782868617018235,True,True
137024559,0.16880000,791.00000000,277574429,277574429,1782868617019042,True,True
137024560,0.16880000,10020.30000000,277574430,277574431,1782868617020227,True,True
137024561,0.16900000,833.10000000,277574432,277574432,1782868618002052,False,True
137024562,0.16900000,78.10000000,277574433,277574433,1782868618413165,False,True
137024563,0.16900000,239.00000000,277574434,277574434,1782868620286239,False,True
137024564,0.16900000,50.00000000,277574435,277574435,1782868620537711,True,True
137024565,0.16900000,49.90000000,277574436,277574436,1782868622688130,False,True
137024566,0.16900000,109.70000000,277574437,277574437,1782868625922404,False,True
137024567,0.16910000,1555.00000000,277574438,277574440,1782868626604828,False,True
137024568,0.16940000,1694.60000000,277574441,277574441,1782868630498227,False,True
137024569,0.16950000,88.60000000,277574442,277574443,1782868630525200,False,True
137024570,0.16950000,556.90000000,277574444,277574445,1782868632763788,True,True
137024571,0.16940000,49.90000000,277574446,277574446,1782868639552791,False,True
137024572,0.16960000,1823.00000000,277574447,277574447,1782868640064175,False,True
137024573,0.16960000,4678.90000000,277574448,277574448,1782868640065532,False,True
137024574,0.16960000,2867.80000000,277574449,277574449,1782868640065649,False,True
137024575,0.16970000,293.80000000,277574450,277574451,1782868640413213,False,True
137024576,0.16980000,7737.20000000,277574452,277574460,1782868640834664,False,True
137024577,0.16970000,49.90000000,277574461,277574461,1782868646004826,True,True
137024578,0.16950000,138.30000000,277574462,277574462,1782868652897834,False,True
137024579,0.16950000,80.40000000,277574463,277574463,1782868653457298,True,True
137024580,0.16950000,19.60000000,277574464,277574464,1782868653457927,True,True
137024581,0.16950000,50.00000000,277574465,277574465,1782868654030632,True,True
137024582,0.16930000,54.90000000,277574466,277574466,1782868659407200,False,True
137024583,0.16940000,1829.40000000,277574467,277574470,1782868660047938,False,True
137024584,0.16930000,200.00000000,277574471,277574471,1782868662201822,False,True
137024585,0.16940000,288.80000000,277574472,277574474,1782868663065735,False,True
137024586,0.16940000,100.00000000,277574475,277574476,1782868665353338,False,True
137024587,0.16950000,100.00000000,277574477,277574477,1782868677081709,True,True
137024588,0.16950000,1711.80000000,277574478,277574480,1782868680719995,True,True
137024589,0.16950000,200.00000000,277574481,277574481,1782868683119936,False,True
137024590,0.16960000,6007.80000000,277574482,277574484,1782868683743891,False,True
137024591,0.16960000,288.60000000,277574485,277574487,1782868683760306,False,True
137024592,0.16960000,200.00000000,277574488,277574488,1782868683979272,False,True
137024593,0.16960000,1395.40000000,277574489,277574490,1782868686077921,True,True
137024594,0.16960000,50.00000000,277574491,277574491,1782868691978478,True,True
137024595,0.16960000,49.90000000,277574492,277574492,1782868694990150,False,True
137024596,0.16970000,88.60000000,277574493,277574494,1782868695719421,False,True
137024597,0.16980000,80.40000000,277574495,277574495,1782868704154761,True,True
137024598,0.16980000,69.50000000,277574496,277574496,1782868704156963,True,True
137024599,0.16970000,104.80000000,277574497,277574498,1782868705222074,True,True
137024600,0.16970000,50.00000000,277574499,277574499,1782868707115699,True,True
137024601,0.16970000,200.00000000,277574500,277574500,1782868714587165,False,True
137024602,0.16980000,109.50000000,277574501,277574503,1782868715877051,False,True
137024603,0.16980000,1534.50000000,277574504,277574505,1782868715880133,False,True
137024604,0.16980000,318.10000000,277574506,277574506,1782868715882785,False,True
137024605,0.16980000,2183.20000000,277574507,277574508,1782868715884138,False,True
137024606,0.16980000,904.40000000,277574509,277574510,1782868715884592,False,True
137024607,0.16980000,230.10000000,277574511,277574512,1782868715890102,False,True
137024608,0.16980000,50.00000000,277574513,277574513,1782868717145681,True,True
137024609,0.16990000,50.10000000,277574514,277574515,1782868719107014,False,True
137024610,0.16990000,88.40000000,277574516,277574517,1782868723289846,False,True
137024611,0.16990000,49.90000000,277574518,277574518,1782868723815684,True,True
137024612,0.16980000,106.70000000,277574519,277574519,1782868729698507,True,True
137024613,0.17000000,1777.00000000,277574520,277574522,1782868730919821,False,True
137024614,0.17010000,8189.10000000,277574523,277574529,1782868730919821,False,True
137024615,0.17020000,1644.50000000,277574530,277574533,1782868735335935,False,True
137024616,0.17030000,4222.60000000,277574534,277574538,1782868735335935,False,True
137024617,0.17020000,222.50000000,277574539,277574539,1782868735650705,True,True
137024618,0.17020000,472.10000000,277574540,277574540,1782868736739687,True,True
137024619,0.17020000,100.00000000,277574541,277574541,1782868737008650,True,True
137024620,0.17010000,49.90000000,277574542,277574542,1782868740359060,False,True
137024621,0.17000000,222.60000000,277574543,277574545,1782868746403993,False,True
137024622,0.17000000,136.50000000,277574546,277574546,1782868746404173,False,True
137024623,0.17010000,59.00000000,277574547,277574547,1782868749700241,False,True
137024624,0.17020000,88.40000000,277574548,277574549,1782868749729359,False,True
137024625,0.17030000,554.80000000,277574550,277574552,1782868751982692,False,True
137024626,0.17030000,100.00000000,277574553,277574553,1782868756125658,True,True
137024627,0.17030000,46.00000000,277574554,277574554,1782868757225138,True,True
137024628,0.17030000,50.00000000,277574555,277574555,1782868766793537,False,True
137024629,0.17040000,1772.20000000,277574556,277574563,1782868769771806,False,True
137024630,0.17040000,1823.00000000,277574564,277574566,1782868770473807,False,True
137024631,0.17040000,50.00000000,277574567,277574567,1782868770920008,True,True
137024632,0.17030000,48.20000000,277574568,277574568,1782868770920008,True,True
137024633,0.17040000,88.20000000,277574569,277574570,1782868775082821,False,True
137024634,0.17050000,50.00000000,277574571,277574571,1782868780283083,True,True
137024635,0.17040000,50.00000000,277574572,277574572,1782868783796089,True,True
137024636,0.17040000,49.90000000,277574573,277574573,1782868788883269,False,True
137024637,0.17050000,88.20000000,277574574,277574575,1782868790139584,False,True
137024638,0.17050000,359.90000000,277574576,277574576,1782868790688124,True,True
137024639,0.17060000,107.70000000,277574577,277574579,1782868791070716,False,True
137024640,0.17040000,8014.60000000,277574580,277574584,1782868793354586,True,True
137024641,0.17050000,288.20000000,277574585,277574587,1782868794889412,False,True
137024642,0.17060000,79276.80000000,277574588,277574613,1782868794889412,False,True
137024643,0.17070000,20435.00000000,277574614,277574624,1782868794889412,False,True
137024644,0.17060000,80.40000000,277574625,277574625,1782868794989848,True,True
137024645,0.17060000,130.80000000,277574626,277574627,1782868794990125,True,True
137024646,0.17050000,232.90000000,277574628,277574628,1782868795074085,True,True
137024647,0.17060000,1465.40000000,277574629,277574639,1782868795528920,False,True
137024648,0.17080000,175.00000000,277574640,277574643,1782868798145089,False,True
137024649,0.17070000,1232.00000000,277574644,277574644,1782868800024788,True,True
137024650,0.17060000,88.00000000,277574645,277574646,1782868801254234,True,True
137024651,0.17070000,193.20000000,277574647,277574647,1782868803897528,True,True
137024652,0.17050000,624.20000000,277574648,277574648,1782868813247637,True,True
137024653,0.17060000,4673.50000000,277574649,277574653,1782868813964434,False,True
137024654,0.17070000,82507.40000000,277574654,277574668,1782868813964434,False,True
137024655,0.17080000,12819.10000000,277574669,277574690,1782868813964434,False,True
137024656,0.17060000,68.30000000,277574691,277574691,1782868814025972,True,True
137024657,0.17070000,1682.00000000,277574692,277574693,1782868815089140,True,True
137024658,0.17070000,419.00000000,277574694,277574694,1782868815865031,True,True
137024659,0.17070000,1232.00000000,277574695,277574695,1782868816307575,True,True
137024660,0.17070000,101.20000000,277574696,277574696,1782868816838393,True,True
137024661,0.17070000,63.10000000,277574697,277574697,1782868818135497,True,True
137024662,0.17060000,88.00000000,277574698,277574699,1782868821224814,True,True
137024663,0.17060000,209.00000000,277574700,277574700,1782868823934357,True,True
137024664,0.17060000,3055.00000000,277574701,277574702,1782868832924464,True,True
137024665,0.17070000,88.00000000,277574703,277574704,1782868834426912,False,True
137024666,0.17070000,2000.00000000,277574705,277574707,1782868835792429,True,True
137024667,0.17060000,5912.00000000,277574708,277574713,1782868838014257,True,True
137024668,0.17060000,181.90000000,277574714,277574717,1782868851428674,True,True
137024669,0.17060000,53.80000000,277574718,277574718,1782868853054255,False,True
137024670,0.17060000,49.90000000,277574719,277574719,1782868858225312,False,True
137024671,0.17070000,162.30000000,277574720,277574720,1782868858382441,False,True
137024672,0.17060000,50.00000000,277574721,277574721,1782868861257738,True,True
137024673,0.17060000,50.00000000,277574722,277574722,1782868861871866,False,True
137024674,0.17060000,2789.50000000,277574723,277574725,1782868863646200,False,True
137024675,0.17060000,2210.50000000,277574726,277574726,1782868863648989,True,True
137024676,0.17070000,88.00000000,277574727,277574728,1782868867773880,False,True
137024677,0.17070000,1791.00000000,277574729,277574730,1782868867809172,True,True
137024678,0.17070000,124.70000000,277574731,277574731,1782868868299431,True,True
137024679,0.17070000,50.00000000,277574732,277574732,1782868872806814,False,True
137024680,0.17070000,74.10000000,277574733,277574733,1782868878435640,True,True
137024681,0.17080000,88.00000000,277574734,277574735,1782868888312990,False,True
137024682,0.17080000,49.90000000,277574736,277574736,1782868888519158,True,True
137024683,0.17070000,0.10000000,277574737,277574737,1782868888519158,True,True
137024684,0.17060000,9423.00000000,277574738,277574738,1782868902704942,True,True
137024685,0.17050000,237.90000000,277574739,277574739,1782868903475814,True,True
137024686,0.17060000,913.00000000,277574740,277574741,1782868919121136,True,True
137024687,0.17050000,88.00000000,277574742,277574743,1782868920153842,True,True
137024688,0.17050000,1099.90000000,277574744,277574745,1782868924030113,False,True
137024689,0.17060000,3560.80000000,277574746,277574749,1782868950113694,True,True
137024690,0.17060000,2281.20000000,277574750,277574751,1782868950113989,True,True
137024691,0.17060000,3389.00000000,277574752,277574752,1782868950114858,True,True
137024692,0.17060000,2549.50000000,277574753,277574753,1782868950114916,True,True
137024693,0.17060000,2864.70000000,277574754,277574754,1782868950115079,True,True
137024694,0.17070000,662.30000000,277574755,277574758,1782868951108936,False,True
137024695,0.17080000,11576.70000000,277574759,277574771,1782868951500611,False,True
137024696,0.17080000,155.50000000,277574772,277574773,1782868951637229,True,True
137024697,0.17080000,100.00000000,277574774,277574774,1782868952611207,True,True
137024698,0.17080000,6129.00000000,277574775,277574776,1782868952616271,True,True
137024699,0.17080000,1406.20000000,277574777,277574777,1782868952616476,True,True
137024700,0.17070000,87.80000000,277574778,277574779,1782868954286254,True,True
137024701,0.17090000,268.00000000,277574780,277574782,1782868963379903,False,True
137024702,0.17100000,292.30000000,277574783,277574783,1782868963574395,False,True
137024703,0.17100000,175.00000000,277574784,277574784,1782868963798621,False,True
137024704,0.17080000,29.30000000,277574785,277574785,1782868965810509,True,True
137024705,0.17090000,1643.00000000,277574786,277574787,1782868970740521,True,True
137024706,0.17090000,137.30000000,277574788,277574788,1782868970748737,True,True
137024707,0.17100000,72.50000000,277574789,277574789,1782868971379020,False,True
137024708,0.17100000,8.10000000,277574790,277574790,1782868971380614,False,True
137024709,0.17100000,47.80000000,277574791,277574791,1782868971387491,True,True
137024710,0.17100000,1232.00000000,277574792,277574792,1782868973525101,True,True
137024711,0.17090000,87.80000000,277574793,277574794,1782868976604913,True,True
137024712,0.17080000,87.80000000,277574795,277574796,1782868977537839,True,True
137024713,0.17070000,50.00000000,277574797,277574797,1782868983791194,False,True
137024714,0.17070000,50.00000000,277574798,277574798,1782868991235223,True,True
137024715,0.17060000,138.00000000,277574799,277574801,1782868992034383,True,True
137024716,0.17060000,58.60000000,277574802,277574802,1782868994879899,False,True
137024717,0.17070000,4805.80000000,277574803,277574806,1782869001453612,False,True
137024718,0.17070000,36.00000000,277574807,277574807,1782869003024923,True,True
137024719,0.17060000,88.00000000,277574808,277574809,1782869006488189,True,True
137024720,0.17060000,36.10000000,277574810,277574810,1782869006880070,False,True
137024721,0.17060000,13.80000000,277574811,277574811,1782869006881304,False,True
137024722,0.17040000,88.00000000,277574812,277574813,1782869023432506,True,True
137024723,0.17040000,100.00000000,277574814,277574814,1782869024794660,True,True
137024724,0.17030000,1369.60000000,277574815,277574816,1782869038448707,True,True
137024725,0.17030000,250.00000000,277574817,277574817,1782869042220149,False,True
137024726,0.17040000,803.40000000,277574818,277574820,1782869061572056,False,True
137024727,0.17030000,50.00000000,277574821,277574821,1782869064135590,False,True
137024728,0.17030000,49.90000000,277574822,277574822,1782869077581036,True,True
137024729,0.17020000,59.00000000,277574823,277574823,1782869080984498,True,True
137024730,0.17020000,406.40000000,277574824,277574824,1782869082154695,True,True
137024731,0.17000000,1682.60000000,277574825,277574825,1782869089160459,True,True
137024732,0.17010000,49.90000000,277574826,277574827,1782869096022941,False,True
137024733,0.17010000,38.50000000,277574828,277574828,1782869096024122,False,True
137024734,0.17020000,88.40000000,277574829,277574830,1782869103385051,False,True
137024735,0.17030000,88.20000000,277574831,277574832,1782869105855737,False,True
137024736,0.17030000,587.20000000,277574833,277574833,1782869109118585,True,True
137024737,0.17030000,71.10000000,277574834,277574834,1782869111258142,True,True
137024738,0.17030000,200.00000000,277574835,277574835,1782869118308091,False,True
137024739,0.17030000,1232.00000000,277574836,277574836,1782869118688055,True,True
137024740,0.17020000,44.10000000,277574837,277574837,1782869123235320,True,True
137024741,0.17010000,200.00000000,277574838,277574838,1782869127095701,False,True
137024742,0.17020000,288.40000000,277574839,277574841,1782869130776645,False,True
137024743,0.17020000,250.00000000,277574842,277574843,1782869149105380,False,True
137024744,0.17030000,7736.10000000,277574844,277574850,1782869149107752,False,True
137024745,0.17030000,16772.80000000,277574851,277574853,1782869149108208,False,True
137024746,0.17030000,1657.50000000,277574854,277574856,1782869155427723,True,True
137024747,0.17020000,50.00000000,277574857,277574857,1782869160434617,True,True
137024748,0.17020000,49.90000000,277574858,277574858,1782869162488835,False,True
137024749,0.17030000,208.20000000,277574859,277574861,1782869163484046,False,True
137024750,0.17030000,135.70000000,277574862,277574862,1782869170279242,False,True
137024751,0.17040000,310.70000000,277574863,277574863,1782869178034157,True,True
137024752,0.17050000,871.20000000,277574864,277574865,1782869182388624,False,True
137024753,0.17060000,49.90000000,277574866,277574866,1782869187703153,True,True
137024754,0.17060000,273.50000000,277574867,277574867,1782869198633107,False,True
137024755,0.17070000,1103.30000000,277574868,277574868,1782869198633107,False,True
137024756,0.17070000,1823.00000000,277574869,277574872,1782869210942028,False,True
137024757,0.17070000,112.70000000,277574873,277574873,1782869210943240,False,True
137024758,0.17070000,1507.50000000,277574874,277574874,1782869222932811,True,True
137024759,0.17060000,4029.50000000,277574875,277574881,1782869222944676,True,True
137024760,0.17060000,372.00000000,277574882,277574883,1782869223251749,False,True
137024761,0.17060000,50.00000000,277574884,277574884,1782869226733654,False,True
137024762,0.17060000,629.70000000,277574885,277574885,1782869253153645,True,True
137024763,0.17050000,2629.30000000,277574886,277574887,1782869253520915,True,True
137024764,0.17070000,69.50000000,277574888,277574888,1782869267372746,False,True
137024765,0.17080000,50.00000000,277574889,277574889,1782869276910734,False,True
137024766,0.17080000,150.00000000,277574890,277574891,1782869304678148,False,True
137024767,0.17090000,2103.70000000,277574892,277574896,1782869309528177,False,True
137024768,0.17090000,7129.60000000,277574897,277574897,1782869310570606,True,True
137024769,0.17100000,2374.00000000,277574898,277574898,1782869311077043,True,True
137024770,0.17100000,3823.80000000,277574899,277574900,1782869311078441,True,True
137024771,0.17090000,1630.70000000,277574901,277574903,1782869315037046,True,True
137024772,0.17080000,87.80000000,277574904,277574905,1782869317427083,True,True
137024773,0.17070000,50.00000000,277574906,277574906,1782869317950846,True,True
137024774,0.17070000,50.00000000,277574907,277574907,1782869318669479,False,True
137024775,0.17080000,11677.60000000,277574908,277574915,1782869324623969,False,True
137024776,0.17070000,50.00000000,277574916,277574916,1782869335302373,True,True
137024777,0.17070000,254.00000000,277574917,277574918,1782869339683259,False,True
137024778,0.17080000,492.00000000,277574919,277574923,1782869351333113,False,True
137024779,0.17080000,1134.10000000,277574924,277574924,1782869351939810,True,True
137024780,0.17080000,200.00000000,277574925,277574927,1782869371472403,False,True
137024781,0.17080000,58.50000000,277574928,277574928,1782869376660299,True,True
137024782,0.17080000,150.00000000,277574929,277574929,1782869392803975,False,True
137024783,0.17070000,87.80000000,277574930,277574931,1782869400851406,True,True
137024784,0.17070000,150.00000000,277574932,277574932,1782869405222098,False,True
137024785,0.17080000,50.00000000,277574933,277574933,1782869410294882,False,True
137024786,0.17090000,1070.80000000,277574934,277574934,1782869410972313,False,True
137024787,0.17090000,138.00000000,277574935,277574937,1782869413544755,False,True
137024788,0.17090000,150.00000000,277574938,277574938,1782869418989914,False,True
137024789,0.17100000,50.00000000,277574939,277574939,1782869420887382,False,True
137024790,0.17110000,388.00000000,277574940,277574942,1782869424689434,False,True
137024791,0.17110000,3409.00000000,277574943,277574950,1782869424690862,False,True
137024792,0.17110000,138.90000000,277574951,277574951,1782869425051213,True,True
137024793,0.17110000,116.70000000,277574952,277574952,1782869433775356,False,True
137024794,0.17110000,3749.00000000,277574953,277574965,1782869433778127,False,True
137024795,0.17110000,300.00000000,277574966,277574967,1782869436364679,False,True
137024796,0.17120000,1823.00000000,277574968,277574972,1782869437812281,False,True
137024797,0.17120000,6.50000000,277574973,277574973,1782869437813712,False,True
137024798,0.17120000,200.00000000,277574974,277574974,1782869440429823,False,True
137024799,0.17130000,2120.40000000,277574975,277574980,1782869445298684,False,True
137024800,0.17130000,100.00000000,277574981,277574981,1782869463483804,False,True
137024801,0.17140000,2067.90000000,277574982,277574986,1782869467801875,False,True
137024802,0.17140000,6341.90000000,277574987,277574997,1782869467802004,False,True
137024803,0.17140000,1216.40000000,277574998,277574998,1782869467806259,True,True
137024804,0.17140000,69.40000000,277574999,277574999,1782869467807548,True,True
137024805,0.17130000,87.60000000,277575000,277575001,1782869479568021,True,True
137024806,0.17120000,53.00000000,277575002,277575002,1782869489323859,True,True
137024807,0.17110000,262.60000000,277575003,277575005,1782869492388411,True,True
137024808,0.17100000,175.00000000,277575006,277575006,1782869503739394,True,True
137024809,0.17100000,50.00000000,277575007,277575007,1782869505446777,True,True
137024810,0.17100000,50.00000000,277575008,277575008,1782869505693775,True,True
137024811,0.17100000,50.00000000,277575009,277575009,1782869505769777,True,True
137024812,0.17100000,50.00000000,277575010,277575010,1782869505974746,True,True
137024813,0.17080000,125.10000000,277575011,277575011,1782869517314577,False,True
137024814,0.17080000,39.80000000,277575012,277575012,1782869517315715,False,True
137024815,0.17090000,60.40000000,277575013,277575014,1782869520135300,False,True
137024816,0.17090000,214.00000000,277575015,277575015,1782869520137129,False,True
137024817,0.17100000,55.50000000,277575016,277575016,1782869521977443,False,True
137024818,0.17100000,673.60000000,277575017,277575017,1782869530703225,False,True
137024819,0.17100000,898.20000000,277575018,277575018,1782869530704926,False,True
137024820,0.17100000,993.40000000,277575019,277575019,1782869530705449,False,True
