429175723,0.14440000,1603.30000000,770014974,770014982,1782864002408011,False,True
429175724,0.14440000,74.70000000,770014983,770014984,1782864006663000,True,True
429175725,0.14440000,330.00000000,770014985,770014985,1782864008172709,False,True
429175726,0.14440000,200.00000000,770014986,770014986,1782864015258318,False,True
429175727,0.14440000,22606.70000000,770014987,770014990,1782864023084460,False,True
429175728,0.14440000,36.40000000,770014991,770014991,1782864023085566,False,True
429175729,0.14440000,484.00000000,770014992,770014992,1782864024437420,True,True
429175730,0.14450000,2094.00000000,770014993,770014993,1782864036028203,False,True
429175731,0.14440000,41957.00000000,770014994,770014997,1782864036470771,True,True
429175732,0.14440000,3287.30000000,770014998,770015002,1782864036476976,True,True
429175733,0.14450000,69.30000000,770015003,770015003,1782864048107300,False,True
429175734,0.14450000,52.00000000,770015004,770015004,1782864052197429,False,True
429175735,0.14440000,26054.60000000,770015005,770015010,1782864061838811,True,True
429175736,0.14440000,34.70000000,770015011,770015011,1782864061840303,True,True
429175737,0.14440000,52.00000000,770015012,770015012,1782864086964544,False,True
429175738,0.14440000,52.00000000,770015013,770015013,1782864086964564,False,True
429175739,0.14440000,52.00000000,770015014,770015014,1782864086964644,False,True
429175740,0.14440000,52.00000000,770015015,770015015,1782864086964655,False,True
429175741,0.14440000,52.00000000,770015016,770015016,1782864086964659,False,True
429175742,0.14440000,52.00000000,770015017,770015017,1782864086964688,False,True
429175743,0.14440000,58860.20000000,770015018,770015031,1782864086975220,False,True
429175744,0.14450000,210.20000000,770015032,770015032,1782864089054015,False,True
429175745,0.14440000,14363.90000000,770015033,770015037,1782864093101527,True,True
429175746,0.14440000,11515.90000000,770015038,770015046,1782864093102935,True,True
429175747,0.14440000,34.70000000,770015047,770015047,1782864093104523,True,True
429175748,0.14440000,609.20000000,770015048,770015051,1782864098833228,False,True
429175749,0.14440000,55342.80000000,770015052,770015064,1782864101432121,True,True
429175750,0.14440000,1120.50000000,770015065,770015068,1782864123290635,False,True
429175751,0.14440000,609.20000000,770015069,770015072,1782864124833685,False,True
429175752,0.14440000,27124.30000000,770015073,770015076,1782864135673075,True,True
429175753,0.14440000,10817.90000000,770015077,770015083,1782864135673158,True,True
429175754,0.14440000,68.60000000,770015084,770015084,1782864138599790,False,True
429175755,0.14440000,1755.20000000,770015085,770015086,1782864159638764,False,True
429175756,0.14440000,1888.70000000,770015087,770015087,1782864159639844,False,True
429175757,0.14440000,609.20000000,770015088,770015091,1782864160309020,False,True
429175758,0.14440000,5633.60000000,770015092,770015096,1782864171673555,True,True
429175759,0.14440000,48.90000000,770015097,770015097,1782864171822112,False,True
429175760,0.14440000,52.00000000,770015098,770015098,1782864172094295,False,True
429175761,0.14440000,36.90000000,770015099,770015099,1782864182884946,False,True
429175762,0.14430000,5231.20000000,770015100,770015110,1782864192303538,True,True
429175763,0.14430000,71.10000000,770015111,770015112,1782864192307071,True,True
429175764,0.14430000,72.80000000,770015113,770015114,1782864192307791,True,True
429175765,0.14430000,791.00000000,770015115,770015115,1782864192439602,False,True
429175766,0.14430000,83.10000000,770015116,770015116,1782864196542302,False,True
429175767,0.14430000,138.60000000,770015117,770015117,1782864206026657,False,True
429175768,0.14430000,269.90000000,770015118,770015118,1782864209020601,False,True
429175769,0.14430000,609.20000000,770015119,770015122,1782864220712006,False,True
429175770,0.14430000,138.50000000,770015123,770015123,1782864220715197,True,True
429175771,0.14440000,449.80000000,770015124,770015124,1782864232714854,False,True
429175772,0.14440000,1933.60000000,770015125,770015125,1782864237587939,False,True
429175773,0.14440000,324.10000000,770015126,770015126,1782864260887651,False,True
429175774,0.14440000,22556.00000000,770015127,770015135,1782864282467835,False,True
429175775,0.14440000,109.20000000,770015136,770015138,1782864282469256,False,True
429175776,0.14450000,921.20000000,770015139,770015139,1782864284857871,False,True
429175777,0.14450000,52.00000000,770015140,770015140,1782864293176368,False,True
429175778,0.14440000,69.20000000,770015141,770015141,1782864320451438,True,True
429175779,0.14440000,764.10000000,770015142,770015142,1782864340970918,True,True
429175780,0.14440000,25401.10000000,770015143,770015153,1782864344083668,True,True
429175781,0.14440000,99.60000000,770015154,770015155,1782864344085072,True,True
429175782,0.14440000,34.70000000,770015156,770015156,1782864344085228,True,True
429175783,0.14440000,277.00000000,770015157,770015157,1782864359112638,False,True
429175784,0.14430000,36.90000000,770015158,770015158,1782864376307005,True,True
429175785,0.14430000,126.60000000,770015159,770015159,1782864391122265,True,True
429175786,0.14430000,4029.20000000,770015160,770015170,1782864406782536,True,True
429175787,0.14420000,48.20000000,770015171,770015171,1782864428171146,True,True
429175788,0.14430000,237.90000000,770015172,770015172,1782864429911470,False,True
429175789,0.14420000,46.80000000,770015173,770015173,1782864431180677,True,True
429175790,0.14420000,109.40000000,770015174,770015174,1782864436787794,True,True
429175791,0.14420000,595.50000000,770015175,770015175,1782864441324180,True,True
429175792,0.14420000,74.00000000,770015176,770015176,1782864454421962,True,True
429175793,0.14430000,52.00000000,770015177,770015178,1782864472471044,False,True
429175794,0.14420000,253.80000000,770015179,770015179,1782864478916580,True,True
429175795,0.14420000,286.80000000,770015180,770015180,1782864478926307,True,True
429175796,0.14420000,286.80000000,770015181,770015181,1782864478933865,True,True
429175797,0.14420000,286.80000000,770015182,770015182,1782864478942074,True,True
429175798,0.14420000,286.80000000,770015183,770015183,1782864478949565,True,True
429175799,0.14420000,286.80000000,770015184,770015184,1782864478956631,True,True
429175800,0.14420000,286.80000000,770015185,770015185,1782864478965152,True,True
429175801,0.14420000,286.80000000,770015186,770015186,1782864478972497,True,True
429175802,0.14420000,286.80000000,770015187,770015187,1782864478979999,True,True
429175803,0.14420000,286.80000000,770015188,770015188,1782864478988389,True,True
429175804,0.14420000,286.80000000,770015189,770015189,1782864478995451,True,True
429175805,0.14420000,286.80000000,770015190,770015190,1782864479002905,True,True
429175806,0.14420000,286.80000000,770015191,770015191,1782864479010578,True,True
429175807,0.14430000,1179.00000000,770015192,770015193,1782864513176992,False,True
429175808,0.14430000,1596.00000000,770015194,770015194,1782864513177151,False,True
429175809,0.14430000,6910.00000000,770015195,770015195,1782864513177236,False,True
429175810,0.14430000,10383.40000000,770015196,770015196,1782864513177391,False,True
429175811,0.14430000,3502.00000000,770015197,770015198,1782864524841638,False,True
429175812,0.14430000,6178.00000000,770015199,770015201,1782864524841653,False,True
429175813,0.14430000,36780.00000000,770015202,770015216,1782864528527936,False,True
429175814,0.14440000,52.00000000,770015217,770015217,1782864532441527,False,True
429175815,0.14430000,118.70000000,770015218,770015218,1782864533321988,True,True
429175816,0.14440000,42.20000000,770015219,770015219,1782864533322195,False,True
429175817,0.14430000,126.80000000,770015220,770015220,1782864553773165,True,True
429175818,0.14430000,1000.00000000,770015221,770015224,1782864578756686,True,True
429175819,0.14430000,586.00000000,770015225,770015230,1782864578758746,True,True
429175820,0.14430000,69.30000000,770015231,770015231,1782864581099459,False,True
429175821,0.14420000,3650.00000000,770015232,770015253,1782864582217044,True,True
429175822,0.14410000,11602.50000000,770015254,770015254,1782864593860694,True,True
429175823,0.14410000,887.10000000,770015255,770015266,1782864593862400,True,True
429175824,0.14410000,2162.90000000,770015267,770015267,1782864593862456,True,True
429175825,0.14410000,1000.00000000,770015268,770015275,1782864593879727,True,True
429175826,0.14410000,328.50000000,770015276,770015277,1782864593881221,True,True
429175827,0.14410000,27758.50000000,770015278,770015284,1782864597645943,False,True
429175828,0.14410000,13504.00000000,770015285,770015300,1782864597824617,False,True
429175829,0.14410000,450.00000000,770015301,770015303,1782864616144278,True,True
429175830,0.14410000,471.60000000,770015304,770015304,1782864617303169,True,True
429175831,0.14410000,6568.10000000,770015305,770015305,1782864627964473,True,True
429175832,0.14420000,346.70000000,770015306,770015306,1782864632511888,False,True
429175833,0.14420000,46.10000000,770015307,770015307,1782864653322624,False,True
429175834,0.14420000,5311.70000000,770015308,770015326,1782864657999160,False,True
429175835,0.14420000,38.80000000,770015327,770015327,1782864664618752,True,True
429175836,0.14420000,971.50000000,770015328,770015332,1782864668959772,True,True
429175837,0.14420000,594.90000000,770015333,770015336,1782864692833066,False,True
429175838,0.14420000,892.80000000,770015337,770015340,1782864706262299,True,True
429175839,0.14420000,54.20000000,770015341,770015341,1782864722842163,False,True
429175840,0.14410000,3734.80000000,770015342,770015348,1782864758559752,True,True
429175841,0.14410000,16921.60000000,770015349,770015349,1782864758560647,True,True
429175842,0.14410000,1004.40000000,770015350,770015352,1782864758561207,True,True
429175843,0.14410000,5449.60000000,770015353,770015362,1782864758563745,True,True
429175844,0.14410000,1520.80000000,770015363,770015363,1782864758571784,True,True
429175845,0.14410000,1815.80000000,770015364,770015367,1782864758572087,True,True
429175846,0.14410000,770.50000000,770015368,770015370,1782864759146530,False,True
429175847,0.14400000,47.20000000,770015371,770015371,1782864770022236,True,True
429175848,0.14400000,34.80000000,770015372,770015372,1782864778881075,True,True
429175849,0.14400000,138.70000000,770015373,770015375,1782864778887210,True,True
429175850,0.14400000,138.70000000,770015376,770015376,1782864778887214,True,True
429175851,0.14400000,286.80000000,770015377,770015381,1782864778889646,True,True
429175852,0.14400000,284.60000000,770015382,770015382,1782864778891582,True,True
429175853,0.14400000,1000.00000000,770015383,770015386,1782864778930047,True,True
429175854,0.14400000,228.40000000,770015387,770015388,1782864778931682,True,True
429175855,0.14400000,514.40000000,770015389,770015389,1782864779363501,False,True
429175856,0.14400000,12993.50000000,770015390,770015405,1782864796337378,False,True
429175857,0.14400000,3037.30000000,770015406,770015410,1782864796340702,False,True
429175858,0.14410000,4477.40000000,770015411,770015411,1782864796925816,False,True
429175859,0.14400000,1316.20000000,770015412,770015413,1782864807074966,True,True
429175860,0.14410000,1708.70000000,770015414,770015425,1782864835391213,False,True
429175861,0.14410000,36.50000000,770015426,770015426,1782864835392448,False,True
429175862,0.14420000,22478.00000000,770015427,770015428,1782864835396315,False,True
429175863,0.14420000,34307.00000000,770015429,770015432,1782864835396678,False,True
429175864,0.14410000,65.20000000,770015433,770015433,1782864845169590,True,True
429175865,0.14420000,48758.70000000,770015434,770015449,1782864878214936,False,True
429175866,0.14420000,468.40000000,770015450,770015454,1782864893573713,True,True
429175867,0.14420000,1043.90000000,770015455,770015460,1782864900758147,False,True
429175868,0.14420000,3037.50000000,770015461,770015462,1782864906467100,True,True
429175869,0.14420000,109.20000000,770015463,770015465,1782864906500228,True,True
429175870,0.14410000,6932.40000000,770015466,770015466,1782864906505075,True,True
429175871,0.14420000,90.20000000,770015467,770015468,1782864910391670,False,True
429175872,0.14420000,111.00000000,770015469,770015469,1782864910392334,False,True
429175873,0.14420000,609.30000000,770015470,770015473,1782864910708540,False,True
429175874,0.14420000,5762.30000000,770015474,770015477,1782864928619950,True,True
429175875,0.14420000,675.00000000,770015478,770015482,1782864939405332,True,True
429175876,0.14410000,1088.20000000,770015483,770015486,1782864948527390,True,True
429175877,0.14410000,203.20000000,770015487,770015489,1782864948527599,True,True
429175878,0.14410000,101.10000000,770015490,770015492,1782864948529682,True,True
429175879,0.14410000,1040.90000000,770015493,770015493,1782864963145856,False,True
429175880,0.14410000,4096.90000000,770015494,770015503,1782864980124950,False,True
429175881,0.14410000,1388.30000000,770015504,770015506,1782864980126170,False,True
429175882,0.14410000,1488.00000000,770015507,770015507,1782864980126568,False,True
429175883,0.14410000,1966.30000000,770015508,770015508,1782864980127079,False,True
429175884,0.14410000,1769.90000000,770015509,770015509,1782864980127814,False,True
429175885,0.14410000,2325.60000000,770015510,770015510,1782864980128565,False,True
429175886,0.14410000,1211.80000000,770015511,770015511,1782864980128979,False,True
429175887,0.14410000,235.20000000,770015512,770015512,1782864980130763,False,True
429175888,0.14410000,1000.00000000,770015513,770015513,1782864980132868,True,True
429175889,0.14410000,286.80000000,770015514,770015514,1782864985991727,True,True
429175890,0.14410000,286.80000000,770015515,770015515,1782864985999830,True,True
429175891,0.14410000,286.80000000,770015516,770015516,1782864986625711,True,True
429175892,0.14410000,286.80000000,770015517,770015517,1782864986633556,True,True
429175893,0.14410000,567.70000000,770015518,770015521,1782865032486962,True,True
429175894,0.14410000,9701.60000000,770015522,770015522,1782865032488581,True,True
429175895,0.14410000,73.00000000,770015523,770015524,1782865032490414,True,True
429175896,0.14400000,1469.80000000,770015525,770015525,1782865032493768,True,True
429175897,0.14400000,100.40000000,770015526,770015526,1782865040915999,True,True
429175898,0.14400000,25623.10000000,770015527,770015529,1782865041232883,True,True
429175899,0.14410000,1311.50000000,770015530,770015536,1782865056357750,False,True
429175900,0.14410000,1580.70000000,770015537,770015538,1782865056358919,False,True
429175901,0.14410000,5887.50000000,770015539,770015541,1782865056589560,False,True
429175902,0.14410000,2341.70000000,770015542,770015548,1782865056593311,False,True
429175903,0.14410000,742.30000000,770015549,770015553,1782865072147907,True,True
429175904,0.14400000,37831.10000000,770015554,770015575,1782865119022469,True,True
429175905,0.14400000,740.00000000,770015576,770015577,1782865122309925,True,True
429175906,0.14400000,89.40000000,770015578,770015578,1782865126811689,True,True
429175907,0.14400000,121.50000000,770015579,770015579,1782865133037286,True,True
429175908,0.14400000,1475.10000000,770015580,770015582,1782865145576937,True,True
429175909,0.14400000,7646.90000000,770015583,770015598,1782865151050513,True,True
429175910,0.14400000,132.40000000,770015599,770015599,1782865154102529,False,True
429175911,0.14390000,9243.60000000,770015600,770015602,1782865155914308,True,True
429175912,0.14400000,17155.90000000,770015603,770015605,1782865171441942,False,True
429175913,0.14390000,5886.50000000,770015606,770015614,1782865176050953,True,True
429175914,0.14390000,1000.00000000,770015615,770015621,1782865178558598,True,True
429175915,0.14390000,23186.20000000,770015622,770015627,1782865178563534,True,True
429175916,0.14390000,36.50000000,770015628,770015628,1782865178564807,True,True
429175917,0.14380000,1079.30000000,770015629,770015629,1782865178564807,True,True
429175918,0.14390000,720.50000000,770015630,770015630,1782865178744767,False,True
429175919,0.14380000,1100.30000000,770015631,770015631,1782865186722679,True,True
429175920,0.14390000,252.60000000,770015632,770015632,1782865197663290,False,True
429175921,0.14390000,51.80000000,770015633,770015633,1782865201634362,False,True
429175922,0.14380000,187.60000000,770015634,770015634,1782865204977687,True,True
429175923,0.14390000,9609.70000000,770015635,770015636,1782865225566725,False,True
429175924,0.14380000,109.40000000,770015637,770015637,1782865226373783,True,True
429175925,0.14390000,39237.20000000,770015638,770015657,1782865231842647,False,True
429175926,0.14400000,58.00000000,770015658,770015658,1782865252722726,False,True
429175927,0.14390000,47.30000000,770015659,770015659,1782865252822466,True,True
429175928,0.14390000,3037.50000000,770015660,770015660,1782865258819676,True,True
429175929,0.14400000,48.20000000,770015661,770015661,1782865264280206,False,True
429175930,0.14390000,475.90000000,770015662,770015662,1782865266416029,True,True
429175931,0.14390000,2037.50000000,770015663,770015663,1782865269390798,True,True
429175932,0.14390000,4530.00000000,770015664,770015664,1782865269439476,True,True
429175933,0.14390000,2181.20000000,770015665,770015665,1782865269451668,True,True
429175934,0.14390000,2661.60000000,770015666,770015671,1782865269537037,True,True
429175935,0.14380000,75.20000000,770015672,770015673,1782865281904543,True,True
429175936,0.14380000,625.80000000,770015674,770015674,1782865282498814,False,True
429175937,0.14380000,111183.90000000,770015675,770015694,1782865288413100,False,True
429175938,0.14380000,3243.70000000,770015695,770015699,1782865292286660,True,True
429175939,0.14380000,2476.90000000,770015700,770015702,1782865292287925,True,True
429175940,0.14380000,1651.40000000,770015703,770015703,1782865292289139,True,True
429175941,0.14380000,1831.10000000,770015704,770015704,1782865292289297,True,True
429175942,0.14380000,36.50000000,770015705,770015705,1782865292289693,True,True
429175943,0.14370000,6937.20000000,770015706,770015706,1782865292293094,True,True
429175944,0.14380000,139.00000000,770015707,770015707,1782865301487169,False,True
429175945,0.14380000,1858.50000000,770015708,770015717,1782865307035921,False,True
429175946,0.14380000,527.50000000,770015718,770015719,1782865307037338,False,True
429175947,0.14380000,2780.10000000,770015720,770015722,1782865311066974,True,True
429175948,0.14370000,3368.70000000,770015723,770015723,1782865312605842,True,True
429175949,0.14370000,1334.50000000,770015724,770015728,1782865312606232,True,True
429175950,0.14370000,2529.50000000,770015729,770015738,1782865312606978,True,True
429175951,0.14370000,4351.00000000,770015739,770015740,1782865312608828,True,True
429175952,0.14370000,3448.60000000,770015741,770015742,1782865312609693,True,True
429175953,0.14370000,1198.60000000,770015743,770015744,1782865312610365,True,True
429175954,0.14370000,3450.10000000,770015745,770015746,1782865312611930,True,True
429175955,0.14370000,2514.70000000,770015747,770015747,1782865312615750,True,True
429175956,0.14370000,632.40000000,770015748,770015748,1782865312615883,True,True
429175957,0.14370000,45.80000000,770015749,770015749,1782865312619724,True,True
429175958,0.14370000,14792.40000000,770015750,770015752,1782865312622183,True,True
429175959,0.14370000,7020.50000000,770015753,770015760,1782865312634477,True,True
429175960,0.14360000,69.50000000,770015761,770015761,1782865312702595,True,True
429175961,0.14360000,1386.60000000,770015762,770015770,1782865312702595,True,True
429175962,0.14370000,418.80000000,770015771,770015771,1782865312733561,False,True
429175963,0.14370000,10710.20000000,770015772,770015781,1782865312773536,False,True
429175964,0.14370000,181.40000000,770015782,770015783,1782865312828757,True,True
429175965,0.14370000,8837.10000000,770015784,770015786,1782865312833215,False,True
429175966,0.14370000,1009.00000000,770015787,770015793,1782865313142201,False,True
429175967,0.14370000,482.10000000,770015794,770015798,1782865316494213,True,True
429175968,0.14360000,41.80000000,770015799,770015800,1782865318712977,True,True
429175969,0.14370000,1455.10000000,770015801,770015801,1782865375588779,False,True
429175970,0.14370000,6544.70000000,770015802,770015812,1782865379537858,False,True
429175971,0.14370000,36.60000000,770015813,770015813,1782865379539891,False,True
429175972,0.14370000,1973.70000000,770015814,770015819,1782865398144705,True,True
429175973,0.14370000,789.40000000,770015820,770015825,1782865440158583,False,True
429175974,0.14370000,51.70000000,770015826,770015826,1782865441447877,True,True
429175975,0.14370000,12704.20000000,770015827,770015827,1782865441713418,True,True
429175976,0.14370000,3154.20000000,770015828,770015831,1782865441745718,True,True
429175977,0.14370000,3037.50000000,770015832,770015832,1782865441752318,True,True
429175978,0.14370000,3037.50000000,770015833,770015833,1782865441762170,True,True
429175979,0.14370000,1037.60000000,770015834,770015838,1782865441769867,True,True
429175980,0.14370000,69.50000000,770015839,770015839,1782865468029967,False,True
429175981,0.14360000,280.10000000,770015840,770015842,1782865472019696,True,True
429175982,0.14360000,57.00000000,770015843,770015843,1782865491022453,True,True
429175983,0.14370000,113.30000000,770015844,770015844,1782865507564447,False,True
429175984,0.14370000,695.80000000,770015845,770015845,1782865526252142,False,True
429175985,0.14360000,1000.00000000,770015846,770015854,1782865537817169,True,True
429175986,0.14360000,34.90000000,770015855,770015855,1782865537818473,True,True
429175987,0.14360000,2556.80000000,770015856,770015862,1782865537822076,True,True
429175988,0.14360000,1415.40000000,770015863,770015863,1782865537823384,True,True
429175989,0.14360000,856.60000000,770015864,770015864,1782865537902133,True,True
429175990,0.14360000,733.80000000,770015865,770015865,1782865537913625,True,True
429175991,0.14360000,127.00000000,770015866,770015866,1782865537924485,True,True
429175992,0.14360000,207.80000000,770015867,770015867,1782865537940708,True,True
429175993,0.14360000,91.80000000,770015868,770015868,1782865537953789,True,True
429175994,0.14360000,143.10000000,770015869,770015869,1782865537982749,True,True
429175995,0.14360000,132.10000000,770015870,770015870,1782865538012751,True,True
429175996,0.14360000,160.50000000,770015871,770015871,1782865538039923,True,True
429175997,0.14360000,273.10000000,770015872,770015872,1782865538079413,True,True
429175998,0.14360000,119.20000000,770015873,770015873,1782865538092464,True,True
429175999,0.14360000,79.30000000,770015874,770015874,1782865538104385,True,True
429176000,0.14360000,156.80000000,770015875,770015875,1782865538119095,True,True
429176001,0.14360000,108.10000000,770015876,770015878,1782865538121720,True,True
429176002,0.14360000,36.60000000,770015879,770015879,1782865538121736,True,True
429176003,0.14350000,1418.60000000,770015880,770015880,1782865538163709,True,True
429176004,0.14360000,12543.50000000,770015881,770015882,1782865538424548,False,True
429176005,0.14360000,637.30000000,770015883,770015884,1782865538551164,False,True
429176006,0.14360000,7454.20000000,770015885,770015886,1782865538732045,False,True
429176007,0.14360000,711.00000000,770015887,770015892,1782865539401709,False,True
429176008,0.14360000,529.80000000,770015893,770015893,1782865539405451,False,True
429176009,0.14350000,10147.30000000,770015894,770015900,1782865539913051,True,True
429176010,0.14350000,13580.10000000,770015901,770015903,1782865539913761,True,True
429176011,0.14350000,5260.00000000,770015904,770015904,1782865539915498,True,True
429176012,0.14350000,1485.30000000,770015905,770015905,1782865539917088,True,True
429176013,0.14350000,45.90000000,770015906,770015906,1782865539917897,True,True
429176014,0.14350000,27596.00000000,770015907,770015919,1782865539918736,True,True
429176015,0.14350000,3838.30000000,770015920,770015921,1782865539918770,True,True
429176016,0.14350000,5772.90000000,770015922,770015923,1782865539924951,True,True
429176017,0.14350000,15649.30000000,770015924,770015925,1782865539927470,True,True
429176018,0.14350000,6231.40000000,770015926,770015926,1782865539929758,True,True
429176019,0.14350000,3676.60000000,770015927,770015928,1782865539931960,True,True
429176020,0.14350000,12808.10000000,770015929,770015931,1782865539932202,True,True
429176021,0.14350000,2803.90000000,770015932,770015932,1782865539934492,True,True
429176022,0.14350000,30922.00000000,770015933,770015937,1782865539940225,True,True
429176023,0.14350000,12704.20000000,770015938,770015938,1782865539957046,True,True
429176024,0.14350000,28373.80000000,770015939,770015947,1782865539960353,True,True
429176025,0.14340000,4202.20000000,770015948,770015954,1782865540022556,True,True
429176026,0.14340000,16436.90000000,770015955,770015968,1782865540022556,True,True
429176027,0.14340000,794.60000000,770015969,770015969,1782865540042318,True,True
429176028,0.14340000,2092.50000000,770015970,770015975,1782865540209928,True,True
429176029,0.14350000,53.70000000,770015976,770015976,1782865542145647,False,True
429176030,0.14340000,1433.00000000,770015977,770015979,1782865544379293,True,True
429176031,0.14350000,23651.00000000,770015980,770015983,1782865548432254,False,True
429176032,0.14350000,13882.50000000,770015984,770015986,1782865550914146,False,True
429176033,0.14350000,3918.70000000,770015987,770016002,1782865561718405,False,True
429176034,0.14350000,1376.40000000,770016003,770016003,1782865562172142,True,True
429176035,0.14350000,1426.50000000,770016004,770016004,1782865562175652,True,True
429176036,0.14350000,607.60000000,770016005,770016010,1782865562193023,True,True
429176037,0.14340000,471.50000000,770016011,770016019,1782865562233924,True,True
429176038,0.14340000,76.70000000,770016020,770016020,1782865568717449,True,True
429176039,0.14340000,109.60000000,770016021,770016021,1782865578473253,True,True
429176040,0.14340000,34.90000000,770016022,770016022,1782865581692784,True,True
429176041,0.14340000,950.00000000,770016023,770016023,1782865611745979,True,True
429176042,0.14350000,481.60000000,770016024,770016025,1782865621012047,False,True
429176043,0.14350000,10065.00000000,770016026,770016044,1782865625261615,False,True
429176044,0.14360000,7711.70000000,770016045,770016050,1782865630851164,False,True
429176045,0.14360000,10425.10000000,770016051,770016051,1782865643059643,False,True
429176046,0.14360000,5421.10000000,770016052,770016053,1782865653990354,False,True
429176047,0.14350000,5854.00000000,770016054,770016054,1782865680507667,True,True
429176048,0.14360000,18026.00000000,770016055,770016081,1782865689991789,False,True
429176049,0.14360000,36.00000000,770016082,770016082,1782865689993175,False,True
429176050,0.14370000,5000.60000000,770016083,770016083,1782865691123774,False,True
429176051,0.14370000,38.50000000,770016084,770016084,1782865704950417,False,True
429176052,0.14370000,23057.80000000,770016085,770016101,1782865724407381,False,True
429176053,0.14370000,1073.40000000,770016102,770016102,1782865724409347,False,True
429176054,0.14370000,26409.80000000,770016103,770016106,1782865724409494,False,True
429176055,0.14370000,48.40000000,770016107,770016107,1782865729721791,True,True
429176056,0.14380000,2086.20000000,770016108,770016108,1782865786772867,False,True
429176057,0.14370000,851.70000000,770016109,770016109,1782865792388287,True,True
429176058,0.14370000,500.00000000,770016110,770016110,1782865808369110,True,True
429176059,0.14380000,45.80000000,770016111,770016111,1782865817566177,False,True
429176060,0.14380000,19360.70000000,770016112,770016126,1782865817566767,False,True
429176061,0.14390000,3515.40000000,770016127,770016127,1782865817567696,False,True
429176062,0.14390000,10448.80000000,770016128,770016128,1782865817567848,False,True
429176063,0.14390000,9537.00000000,770016129,770016130,1782865817567857,False,True
429176064,0.14390000,6198.70000000,770016131,770016131,1782865817567876,False,True
429176065,0.14390000,3513.70000000,770016132,770016133,1782865817567907,False,True
429176066,0.14390000,22286.40000000,770016134,770016143,1782865817568118,False,True
429176067,0.14390000,5568.00000000,770016144,770016147,1782865817568222,False,True
429176068,0.14390000,3558.80000000,770016148,770016148,1782865817568389,False,True
429176069,0.14390000,1600.00000000,770016149,770016149,1782865817568526,False,True
429176070,0.14390000,3591.40000000,770016150,770016156,1782865817568633,False,True
429176071,0.14390000,13912.30000000,770016157,770016161,1782865817571164,False,True
429176072,0.14390000,28858.40000000,770016162,770016168,1782865817709151,False,True
429176073,0.14390000,9559.80000000,770016169,770016172,1782865817710386,False,True
429176074,0.14390000,1943.90000000,770016173,770016173,1782865817718630,True,True
429176075,0.14390000,23858.50000000,770016174,770016179,1782865817743920,True,True
429176076,0.14390000,111.40000000,770016180,770016182,1782865817745053,True,True
429176077,0.14380000,773.20000000,770016183,770016183,1782865817901787,True,True
429176078,0.14390000,13745.00000000,770016184,770016186,1782865818375897,False,True
429176079,0.14390000,371.00000000,770016187,770016187,1782865818377998,False,True
429176080,0.14380000,2392.00000000,770016188,770016188,1782865819213451,True,True
429176081,0.14390000,9959.80000000,770016189,770016193,1782865819848618,False,True
429176082,0.14400000,14048.20000000,770016194,770016197,1782865819848618,False,True
429176083,0.14400000,3918.00000000,770016198,770016199,1782865819848811,False,True
429176084,0.14400000,3900.00000000,770016200,770016200,1782865819849075,False,True
429176085,0.14400000,3819.00000000,770016201,770016201,1782865819849391,False,True
429176086,0.14400000,3921.00000000,770016202,770016204,1782865819849581,False,True
429176087,0.14390000,19821.30000000,770016205,770016206,1782865819882864,True,True
429176088,0.14400000,7074.80000000,770016207,770016217,1782865821846383,False,True
429176089,0.14400000,29067.00000000,770016218,770016221,1782865821876479,False,True
429176090,0.14400000,3883.70000000,770016222,770016228,1782865821916480,False,True
429176091,0.14410000,2467.30000000,770016229,770016229,1782865821916480,False,True
429176092,0.14410000,10434.00000000,770016230,770016231,1782865821916562,False,True
429176093,0.14410000,4154.00000000,770016232,770016233,1782865821916652,False,True
429176094,0.14410000,10441.00000000,770016234,770016235,1782865821916725,False,True
429176095,0.14410000,4404.00000000,770016236,770016236,1782865821916845,False,True
429176096,0.14410000,4276.00000000,770016237,770016238,1782865821916985,False,True
429176097,0.14410000,4293.00000000,770016239,770016240,1782865821917239,False,True
429176098,0.14400000,24433.40000000,770016241,770016247,1782865822095723,True,True
429176099,0.14400000,979.70000000,770016248,770016251,1782865822097181,True,True
429176100,0.14400000,109.50000000,770016252,770016254,1782865822098230,True,True
429176101,0.14400000,366.00000000,770016255,770016257,1782865838181526,False,True
429176102,0.14400000,2026.00000000,770016258,770016261,1782865838185757,False,True
429176103,0.14400000,229.80000000,770016262,770016265,1782865838191091,False,True
429176104,0.14400000,98.20000000,770016266,770016268,1782865838197890,False,True
429176105,0.14410000,815.00000000,770016269,770016278,1782865844277241,False,True
429176106,0.14410000,3000.00000000,770016279,770016279,1782865847050817,True,True
429176107,0.14410000,1172.00000000,770016280,770016280,1782865847738580,True,True
429176108,0.14420000,11231.00000000,770016281,770016291,1782865852250800,False,True
429176109,0.14420000,109.50000000,770016292,770016294,1782865852252470,False,True
429176110,0.14430000,832.00000000,770016295,770016305,1782865861944539,False,True
429176111,0.14440000,486.70000000,770016306,770016306,1782865862940825,False,True
429176112,0.14430000,3581.80000000,770016307,770016310,1782865863854085,True,True
429176113,0.14430000,13061.80000000,770016311,770016318,1782865863854158,True,True
429176114,0.14430000,581.90000000,770016319,770016323,1782865864383331,False,True
429176115,0.14440000,34.60000000,770016324,770016324,1782865865553915,False,True
429176116,0.14440000,38.10000000,770016325,770016325,1782865867900680,False,True
429176117,0.14440000,103.70000000,770016326,770016326,1782865868611250,False,True
429176118,0.14440000,2513.00000000,770016327,770016338,1782865870917247,False,True
429176119,0.14450000,16295.40000000,770016339,770016346,1782865872034121,False,True
429176120,0.14450000,12267.60000000,770016347,770016355,1782865872553936,False,True
429176121,0.14450000,12704.20000000,770016356,770016360,1782865873084916,True,True
429176122,0.14450000,1169.60000000,770016361,770016364,1782865873087017,True,True
429176123,0.14450000,29.20000000,770016365,770016365,1782865873087458,True,True
429176124,0.14440000,814.80000000,770016366,770016366,1782865873234002,True,True
429176125,0.14450000,950.00000000,770016367,770016368,1782865874187428,False,True
429176126,0.14450000,242.20000000,770016369,770016369,1782865874697128,False,True
429176127,0.14450000,341.50000000,770016370,770016370,1782865879439549,False,True
429176128,0.14440000,42000.00000000,770016371,770016380,1782865879477004,True,True
429176129,0.14440000,5131.20000000,770016381,770016381,1782865879477021,True,True
429176130,0.14440000,25249.20000000,770016382,770016388,1782865879477085,True,True
429176131,0.14440000,40.00000000,770016389,770016389,1782865879478761,True,True
429176132,0.14430000,476.90000000,770016390,770016397,1782865889391076,True,True
429176133,0.14430000,164.60000000,770016398,770016398,1782865897133558,True,True
429176134,0.14440000,1051.60000000,770016399,770016402,1782865908183247,False,True
429176135,0.14440000,11256.60000000,770016403,770016407,1782865911927032,True,True
429176136,0.14440000,109.20000000,770016408,770016410,1782865911929082,True,True
429176137,0.14430000,92.00000000,770016411,770016411,1782865930263559,True,True
429176138,0.14440000,242.00000000,770016412,770016413,1782865932551819,False,True
429176139,0.14430000,16750.80000000,770016414,770016420,1782865941693096,True,True
429176140,0.14430000,11625.30000000,770016421,770016431,1782865941693327,True,True
429176141,0.14430000,509.20000000,770016432,770016435,1782865950133465,False,True
429176142,0.14440000,254.10000000,770016436,770016436,1782865950453535,False,True
429176143,0.14440000,940.40000000,770016437,770016441,1782865952608464,False,True
429176144,0.14440000,48.90000000,770016442,770016442,1782865961555384,True,True
429176145,0.14440000,2318.30000000,770016443,770016448,1782865962349695,True,True
429176146,0.14440000,2353.80000000,770016449,770016455,1782865967177039,False,True
429176147,0.14440000,36.40000000,770016456,770016456,1782865967178350,False,True
429176148,0.14440000,234.00000000,770016457,770016458,1782865977499089,True,True
429176149,0.14450000,148.10000000,770016459,770016459,1782865982210342,False,True
429176150,0.14450000,34.60000000,770016460,770016460,1782865986897155,False,True
429176151,0.14440000,12819.70000000,770016461,770016467,1782865991901057,True,True
429176152,0.14440000,1797.60000000,770016468,770016470,1782866001723427,False,True
429176153,0.14440000,1114.70000000,770016471,770016471,1782866001772188,False,True
429176154,0.14440000,1465.10000000,770016472,770016473,1782866013238531,False,True
429176155,0.14440000,7832.30000000,770016474,770016479,1782866013238892,False,True
429176156,0.14440000,36.40000000,770016480,770016480,1782866013238906,False,True
429176157,0.14450000,877.10000000,770016481,770016481,1782866016249327,False,True
429176158,0.14450000,81.10000000,770016482,770016482,1782866034788287,False,True
429176159,0.14450000,5158.40000000,770016483,770016483,1782866050192644,False,True
429176160,0.14440000,12547.80000000,770016484,770016489,1782866054133181,True,True
429176161,0.14440000,1339.90000000,770016490,770016491,1782866059055353,False,True
429176162,0.14440000,1324.70000000,770016492,770016497,1782866078240478,False,True
429176163,0.14440000,36.40000000,770016498,770016498,1782866078241698,False,True
429176164,0.14440000,2143.90000000,770016499,770016503,1782866087608527,True,True
429176165,0.14440000,128.90000000,770016504,770016505,1782866092976827,True,True
429176166,0.14440000,148.00000000,770016506,770016506,1782866101068742,True,True
429176167,0.14440000,1903.40000000,770016507,770016511,1782866104557683,True,True
429176168,0.14430000,2180.70000000,770016512,770016517,1782866115393788,True,True
429176169,0.14420000,733.70000000,770016518,770016518,1782866124344766,True,True
429176170,0.14420000,196.60000000,770016519,770016523,1782866128475547,True,True
429176171,0.14420000,17555.00000000,770016524,770016530,1782866138671208,True,True
429176172,0.14420000,19312.40000000,770016531,770016536,1782866138671357,True,True
429176173,0.14420000,50.40000000,770016537,770016538,1782866161259585,False,True
429176174,0.14420000,88.30000000,770016539,770016539,1782866165319032,False,True
429176175,0.14420000,509.40000000,770016540,770016543,1782866165889649,False,True
429176176,0.14420000,2490.90000000,770016544,770016549,1782866196166830,True,True
429176177,0.14420000,136.50000000,770016550,770016550,1782866206379224,False,True
429176178,0.14410000,46.20000000,770016551,770016551,1782866212221532,True,True
429176179,0.14420000,64.50000000,770016552,770016552,1782866219139087,False,True
429176180,0.14420000,889.80000000,770016553,770016557,1782866224749057,False,True
429176181,0.14420000,227.30000000,770016558,770016558,1782866228022629,True,True
429176182,0.14420000,1927.40000000,770016559,770016560,1782866235102974,True,True
429176183,0.14420000,108.40000000,770016561,770016561,1782866239380657,True,True
429176184,0.14430000,48.30000000,770016562,770016563,1782866257688342,False,True
429176185,0.14420000,664.50000000,770016564,770016564,1782866260213135,True,True
429176186,0.14420000,113.90000000,770016565,770016565,1782866270390134,True,True
429176187,0.14420000,2176.00000000,770016566,770016566,1782866275983653,True,True
429176188,0.14430000,1011.70000000,770016567,770016574,1782866294517162,False,True
429176189,0.14430000,36.40000000,770016575,770016575,1782866294517298,False,True
429176190,0.14430000,1127.90000000,770016576,770016577,1782866316545551,True,True
429176191,0.14430000,9195.00000000,770016578,770016579,1782866316551680,True,True
429176192,0.14430000,2362.30000000,770016580,770016580,1782866316551688,True,True
429176193,0.14430000,1245.90000000,770016581,770016581,1782866316552948,True,True
429176194,0.14430000,143.90000000,770016582,770016585,1782866316554844,True,True
429176195,0.14430000,12499.00000000,770016586,770016592,1782866318700742,False,True
429176196,0.14440000,19732.30000000,770016593,770016594,1782866318700742,False,True
429176197,0.14430000,2143.90000000,770016595,770016599,1782866323111562,True,True
429176198,0.14420000,199.90000000,770016600,770016600,1782866329419572,True,True
429176199,0.14420000,1722.70000000,770016601,770016601,1782866330439580,True,True
429176200,0.14420000,1433.00000000,770016602,770016602,1782866332792139,True,True
429176201,0.14430000,41.70000000,770016603,770016603,1782866334122658,False,True
429176202,0.14420000,4162.50000000,770016604,770016604,1782866348759000,True,True
429176203,0.14420000,233.30000000,770016605,770016605,1782866361163141,True,True
429176204,0.14420000,3755.40000000,770016606,770016611,1782866371317162,True,True
429176205,0.14410000,307.70000000,770016612,770016612,1782866371426639,True,True
429176206,0.14420000,1198.30000000,770016613,770016617,1782866392618040,False,True
429176207,0.14410000,486.70000000,770016618,770016618,1782866403633467,True,True
429176208,0.14420000,52.10000000,770016619,770016620,1782866411270704,False,True
429176209,0.14410000,50.30000000,770016621,770016621,1782866416464102,True,True
429176210,0.14420000,283.00000000,770016622,770016623,1782866420203561,False,True
429176211,0.14420000,1257.30000000,770016624,770016625,1782866424113094,False,True
429176212,0.14420000,509.50000000,770016626,770016629,1782866435043809,False,True
429176213,0.14420000,287.80000000,770016630,770016631,1782866451488110,True,True
429176214,0.14420000,24026.10000000,770016632,770016639,1782866463589174,True,True
429176215,0.14420000,36.40000000,770016640,770016640,1782866463590852,True,True
429176216,0.14420000,693.40000000,770016641,770016641,1782866465734529,False,True
429176217,0.14420000,583.50000000,770016642,770016643,1782866488656537,False,True
429176218,0.14420000,472.80000000,770016644,770016646,1782866492015163,False,True
429176219,0.14430000,46.10000000,770016647,770016647,1782866515550900,False,True
429176220,0.14430000,516.30000000,770016648,770016648,1782866523948202,False,True
429176221,0.14430000,34.60000000,770016649,770016649,1782866532151848,False,True
429176222,0.14420000,553.00000000,770016650,770016650,1782866556201792,True,True
429176223,0.14430000,1853.80000000,770016651,770016651,1782866563078575,False,True
429176224,0.14430000,1985.50000000,770016652,770016654,1782866589396982,False,True
429176225,0.14420000,62.20000000,770016655,770016655,1782866627512755,True,True
429176226,0.14430000,70.20000000,770016656,770016656,1782866631802563,False,True
429176227,0.14430000,3024.20000000,770016657,770016657,1782866632529080,False,True
429176228,0.14430000,5269.40000000,770016658,770016668,1782866632529096,False,True
429176229,0.14430000,4368.80000000,770016669,770016675,1782866632529168,False,True
429176230,0.14440000,700.00000000,770016676,770016676,1782866678707090,False,True
429176231,0.14440000,1048.20000000,770016677,770016686,1782866679974050,False,True
429176232,0.14440000,1158.20000000,770016687,770016687,1782866679975316,False,True
429176233,0.14440000,655.80000000,770016688,770016692,1782866679977215,False,True
429176234,0.14440000,57.40000000,770016693,770016693,1782866690721931,True,True
429176235,0.14440000,1205.40000000,770016694,770016694,1782866700697181,True,True
429176236,0.14440000,1415.10000000,770016695,770016698,1782866700699423,True,True
429176237,0.14440000,1500.00000000,770016699,770016700,1782866701003748,True,True
429176238,0.14440000,37776.30000000,770016701,770016708,1782866706010241,True,True
429176239,0.14440000,145.40000000,770016709,770016709,1782866710574972,False,True
429176240,0.14440000,3332.90000000,770016710,770016718,1782866728798859,False,True
429176241,0.14440000,2064.20000000,770016719,770016721,1782866744936500,True,True
429176242,0.14440000,40.70000000,770016722,770016722,1782866747801108,True,True
429176243,0.14450000,130.10000000,770016723,770016723,1782866757879259,False,True
429176244,0.14450000,12504.10000000,770016724,770016741,1782866769501190,False,True
429176245,0.14450000,4603.60000000,770016742,770016742,1782866769520269,True,True
429176246,0.14450000,4827.30000000,770016743,770016743,1782866769708085,True,True
429176247,0.14450000,2916.40000000,770016744,770016745,1782866769824185,True,True
429176248,0.14450000,2923.30000000,770016746,770016750,1782866769839034,True,True
429176249,0.14450000,3565.10000000,770016751,770016751,1782866769970437,True,True
429176250,0.14450000,2400.60000000,770016752,770016752,1782866769991239,True,True
429176251,0.14450000,965.30000000,770016753,770016755,1782866772159058,True,True
429176252,0.14450000,2143.90000000,770016756,770016760,1782866772972522,True,True
429176253,0.14450000,346.00000000,770016761,770016763,1782866777641925,False,True
429176254,0.14450000,35.00000000,770016764,770016764,1782866782920918,False,True
429176255,0.14450000,7000.00000000,770016765,770016765,1782866814952311,False,True
429176256,0.14450000,449.20000000,770016766,770016770,1782866828941202,False,True
429176257,0.14450000,2071.10000000,770016771,770016773,1782866835294791,True,True
429176258,0.14440000,793.10000000,770016774,770016774,1782866866549898,True,True
429176259,0.14450000,114.10000000,770016775,770016778,1782866870428898,False,True
429176260,0.14450000,1000.00000000,770016779,770016779,1782866882884671,False,True
429176261,0.14440000,2185.50000000,770016780,770016785,1782866888093739,True,True
429176262,0.14440000,652.80000000,770016786,770016788,1782866932270524,False,True
429176263,0.14440000,14462.40000000,770016789,770016797,1782866947173075,False,True
429176264,0.14440000,892.40000000,770016798,770016798,1782866961099539,True,True
429176265,0.14440000,1178.70000000,770016799,770016801,1782866961100872,True,True
429176266,0.14430000,2784.80000000,770016802,770016802,1782866978795011,True,True
429176267,0.14430000,227.60000000,770016803,770016803,1782866993314688,True,True
429176268,0.14440000,39.70000000,770016804,770016804,1782867001273963,False,True
429176269,0.14430000,432.00000000,770016805,770016805,1782867002953116,True,True
429176270,0.14430000,44.70000000,770016806,770016806,1782867004507931,True,True
429176271,0.14440000,138.50000000,770016807,770016807,1782867024129538,False,True
429176272,0.14430000,45454.70000000,770016808,770016821,1782867036812269,True,True
429176273,0.14430000,103.80000000,770016822,770016822,1782867038887997,True,True
429176274,0.14430000,241.80000000,770016823,770016824,1782867047915330,True,True
429176275,0.14440000,41.00000000,770016825,770016825,1782867087262378,False,True
429176276,0.14440000,1119.30000000,770016826,770016826,1782867093302381,False,True
429176277,0.14440000,1642.70000000,770016827,770016830,1782867093303781,False,True
429176278,0.14440000,1817.10000000,770016831,770016832,1782867093342886,False,True
429176279,0.14440000,1477.30000000,770016833,770016835,1782867093343818,False,True
429176280,0.14440000,36.40000000,770016836,770016836,1782867093343824,False,True
429176281,0.14450000,743.30000000,770016837,770016837,1782867110703718,False,True
429176282,0.14450000,847.50000000,770016838,770016844,1782867162070695,False,True
429176283,0.14460000,2536.50000000,770016845,770016856,1782867164811525,False,True
429176284,0.14460000,2916.40000000,770016857,770016864,1782867167273488,True,True
429176285,0.14450000,109322.20000000,770016865,770016887,1782867172103890,True,True
429176286,0.14440000,190453.80000000,770016888,770016912,1782867172103890,True,True
429176287,0.14450000,7847.60000000,770016913,770016914,1782867172105318,False,True
429176288,0.14450000,714.40000000,770016915,770016924,1782867177956706,False,True
429176289,0.14450000,11.10000000,770016925,770016925,1782867177958223,False,True
429176290,0.14450000,2847.30000000,770016926,770016929,1782867181057655,True,True
429176291,0.14440000,91.80000000,770016930,770016930,1782867186677586,True,True
429176292,0.14440000,39.70000000,770016931,770016931,1782867187635177,True,True
429176293,0.14450000,3041.40000000,770016932,770016932,1782867190587952,False,True
429176294,0.14450000,25858.30000000,770016933,770016938,1782867190589923,False,True
429176295,0.14450000,732.30000000,770016939,770016940,1782867190591739,False,True
429176296,0.14450000,109.20000000,770016941,770016943,1782867190593443,False,True
429176297,0.14450000,85.90000000,770016944,770016944,1782867201670591,True,True
429176298,0.14450000,1985.20000000,770016945,770016947,1782867205223301,True,True
429176299,0.14440000,2260.30000000,770016948,770016955,1782867250570420,True,True
429176300,0.14430000,198.80000000,770016956,770016957,1782867259276658,True,True
429176301,0.14440000,2537.40000000,770016958,770016959,1782867315776154,False,True
429176302,0.14440000,1253.50000000,770016960,770016960,1782867315777448,False,True
429176303,0.14440000,34734.90000000,770016961,770016967,1782867343164801,False,True
429176304,0.14440000,20939.90000000,770016968,770016970,1782867343164857,False,True
429176305,0.14440000,1422.30000000,770016971,770016974,1782867343164961,False,True
429176306,0.14450000,27056.40000000,770016975,770016977,1782867347026265,False,True
429176307,0.14450000,692.00000000,770016978,770016978,1782867382915559,False,True
429176308,0.14440000,40470.60000000,770016979,770016991,1782867391948800,True,True
429176309,0.14430000,215906.10000000,770016992,770017029,1782867391948800,True,True
429176310,0.14440000,2752.40000000,770017030,770017031,1782867396664531,False,True
429176311,0.14440000,38164.90000000,770017032,770017045,1782867396665258,False,True
429176312,0.14450000,2550.00000000,770017046,770017046,1782867396668656,False,True
429176313,0.14450000,1190.00000000,770017047,770017047,1782867396670524,False,True
429176314,0.14450000,20900.10000000,770017048,770017060,1782867396691980,False,True
429176315,0.14450000,580.60000000,770017061,770017062,1782867396713896,True,True
429176316,0.14450000,10976.90000000,770017063,770017066,1782867402244975,True,True
429176317,0.14450000,64.40000000,770017067,770017067,1782867409522116,False,True
429176318,0.14450000,490.30000000,770017068,770017073,1782867423517599,False,True
429176319,0.14450000,36.40000000,770017074,770017074,1782867423517634,False,True
429176320,0.14460000,481.40000000,770017075,770017075,1782867425537425,False,True
429176321,0.14450000,4362.90000000,770017076,770017076,1782867440852635,True,True
429176322,0.14450000,1982.40000000,770017077,770017077,1782867440853724,True,True
429176323,0.14450000,1096.30000000,770017078,770017078,1782867440854766,True,True
429176324,0.14450000,9628.60000000,770017079,770017084,1782867440875425,True,True
429176325,0.14450000,436.30000000,770017085,770017089,1782867444497411,False,True
429176326,0.14450000,9598.00000000,770017090,770017095,1782867449710200,True,True
429176327,0.14450000,35.90000000,770017096,770017096,1782867449712241,True,True
429176328,0.14450000,71.70000000,770017097,770017097,1782867481196407,False,True
429176329,0.14450000,1044.30000000,770017098,770017102,1782867481197647,False,True
429176330,0.14450000,36.40000000,770017103,770017103,1782867481198083,False,True
429176331,0.14450000,7003.10000000,770017104,770017104,1782867492559143,True,True
429176332,0.14450000,143.90000000,770017105,770017108,1782867492561163,True,True
429176333,0.14450000,1384.90000000,770017109,770017109,1782867510419203,False,True
429176334,0.14450000,3271.30000000,770017110,770017110,1782867510419249,False,True
429176335,0.14450000,17779.00000000,770017111,770017117,1782867510419290,False,True
429176336,0.14450000,12649.00000000,770017118,770017118,1782867510419382,False,True
429176337,0.14450000,9728.90000000,770017119,770017119,1782867510419389,False,True
429176338,0.14450000,7712.70000000,770017120,770017122,1782867510419426,False,True
429176339,0.14460000,442.40000000,770017123,770017123,1782867524477163,False,True
429176340,0.14460000,262.50000000,770017124,770017124,1782867533975378,False,True
429176341,0.14450000,3759.20000000,770017125,770017125,1782867551335149,True,True
429176342,0.14450000,2646.30000000,770017126,770017126,1782867551336309,True,True
429176343,0.14450000,2027.60000000,770017127,770017127,1782867551337506,True,True
429176344,0.14450000,1038.40000000,770017128,770017132,1782867551408157,True,True
429176345,0.14450000,1301.50000000,770017133,770017133,1782867574183848,False,True
429176346,0.14450000,2469.20000000,770017134,770017134,1782867574184257,False,True
429176347,0.14450000,1505.80000000,770017135,770017135,1782867574185376,False,True
429176348,0.14450000,1191.50000000,770017136,770017136,1782867574186579,False,True
429176349,0.14450000,117.60000000,770017137,770017139,1782867579341253,False,True
429176350,0.14450000,842.60000000,770017140,770017143,1782867585385263,False,True
429176351,0.14460000,39.00000000,770017144,770017144,1782867606180283,False,True
429176352,0.14450000,85.00000000,770017145,770017145,1782867630115518,True,True
429176353,0.14450000,4964.80000000,770017146,770017155,1782867691563679,True,True
429176354,0.14440000,107.60000000,770017156,770017158,1782867706621461,True,True
429176355,0.14450000,8417.80000000,770017159,770017164,1782867716203420,False,True
429176356,0.14460000,41.40000000,770017165,770017165,1782867724816325,False,True
429176357,0.14450000,41.30000000,770017166,770017166,1782867730287338,True,True
429176358,0.14450000,2779.30000000,770017167,770017169,1782867730703407,True,True
429176359,0.14450000,1561.90000000,770017170,770017170,1782867730704740,True,True
429176360,0.14450000,883.70000000,770017171,770017174,1782867730705926,True,True
429176361,0.14450000,41.30000000,770017175,770017175,1782867733624434,False,True
429176362,0.14440000,41.30000000,770017176,770017177,1782867740377056,True,True
429176363,0.14440000,871.00000000,770017178,770017185,1782867745026831,True,True
429176364,0.14440000,35.70000000,770017186,770017186,1782867745027805,True,True
429176365,0.14440000,4576.70000000,770017187,770017187,1782867760188379,False,True
429176366,0.14440000,409.20000000,770017188,770017191,1782867772452105,False,True
429176367,0.14440000,70.30000000,770017192,770017192,1782867778576537,True,True
429176368,0.14440000,481.40000000,770017193,770017193,1782867782441555,True,True
429176369,0.14440000,143.90000000,770017194,770017197,1782867783283352,True,True
429176370,0.14440000,444.70000000,770017198,770017202,1782867789758148,False,True
429176371,0.14440000,1051.30000000,770017203,770017203,1782867791681343,True,True
429176372,0.14440000,111.10000000,770017204,770017206,1782867791768786,True,True
429176373,0.14430000,1000.00000000,770017207,770017208,1782867801576314,True,True
429176374,0.14440000,2148.10000000,770017209,770017210,1782867803130110,False,True
429176375,0.14430000,83.60000000,770017211,770017211,1782867809877679,True,True
429176376,0.14440000,21914.70000000,770017212,770017216,1782867831741143,False,True
429176377,0.14430000,1327.00000000,770017217,770017218,1782867857700809,True,True
429176378,0.14430000,866.90000000,770017219,770017224,1782867857701847,True,True
429176379,0.14430000,5708.20000000,770017225,770017225,1782867857701896,True,True
429176380,0.14430000,8640.80000000,770017226,770017226,1782867857702202,True,True
429176381,0.14430000,5500.90000000,770017227,770017227,1782867857703221,True,True
429176382,0.14430000,582.80000000,770017228,770017228,1782867857703958,True,True
429176383,0.14430000,3395.60000000,770017229,770017232,1782867857704528,True,True
429176384,0.14430000,1234.90000000,770017233,770017233,1782867857705209,True,True
429176385,0.14430000,1789.40000000,770017234,770017235,1782867857705720,True,True
429176386,0.14430000,1335.70000000,770017236,770017236,1782867857706886,True,True
429176387,0.14430000,249.60000000,770017237,770017237,1782867857708985,True,True
429176388,0.14430000,20598.20000000,770017238,770017238,1782867857710338,True,True
429176389,0.14430000,8032.40000000,770017239,770017239,1782867857717779,True,True
429176390,0.14430000,4703.70000000,770017240,770017240,1782867857719048,True,True
429176391,0.14430000,4529.50000000,770017241,770017241,1782867858037160,True,True
429176392,0.14430000,16149.80000000,770017242,770017249,1782867858038818,True,True
429176393,0.14430000,27700.80000000,770017250,770017255,1782867858275741,False,True
429176394,0.14430000,69.00000000,770017256,770017256,1782867859686539,False,True
429176395,0.14430000,1570.40000000,770017257,770017263,1782867867563303,False,True
429176396,0.14440000,7483.50000000,770017264,770017266,1782867867563303,False,True
429176397,0.14430000,609.90000000,770017267,770017267,1782867867564862,True,True
429176398,0.14430000,616.40000000,770017268,770017269,1782867876659869,True,True
429176399,0.14430000,558.30000000,770017270,770017270,1782867879978869,False,True
429176400,0.14430000,1753.50000000,770017271,770017271,1782867884782039,False,True
429176401,0.14430000,53.70000000,770017272,770017272,1782867887342731,False,True
429176402,0.14420000,208.80000000,770017273,770017277,1782867895812234,True,True
429176403,0.14420000,25607.50000000,770017278,770017283,1782867895813851,True,True
429176404,0.14420000,36.40000000,770017284,770017284,1782867895815622,True,True
429176405,0.14420000,67.40000000,770017285,770017285,1782867901930443,False,True
429176406,0.14410000,2587.00000000,770017286,770017298,1782867915912808,True,True
429176407,0.14410000,34.70000000,770017299,770017299,1782867915915648,True,True
429176408,0.14410000,6976.70000000,770017300,770017300,1782867921748728,False,True
429176409,0.14410000,33615.00000000,770017301,770017311,1782867921749244,False,True
429176410,0.14410000,388.50000000,770017312,770017312,1782867921751627,True,True
429176411,0.14410000,388.50000000,770017313,770017313,1782867921752028,True,True
429176412,0.14420000,668.50000000,770017314,770017315,1782867921754238,False,True
429176413,0.14420000,6573.00000000,770017316,770017316,1782867921754469,False,True
429176414,0.14420000,752.60000000,770017317,770017317,1782867921754854,False,True
429176415,0.14420000,414.80000000,770017318,770017318,1782867921754909,False,True
429176416,0.14420000,3316.40000000,770017319,770017320,1782867921754990,False,True
429176417,0.14420000,1003.40000000,770017321,770017321,1782867921755015,False,True
429176418,0.14420000,1754.20000000,770017322,770017322,1782867921755126,False,True
429176419,0.14420000,5755.40000000,770017323,770017326,1782867921755179,False,True
429176420,0.14420000,48527.00000000,770017327,770017328,1782867921755665,False,True
429176421,0.14420000,736.40000000,770017329,770017333,1782867921756077,False,True
429176422,0.14420000,5285.90000000,770017334,770017335,1782867921756282,False,True
429176423,0.14420000,2795.60000000,770017336,770017336,1782867921756286,False,True
429176424,0.14420000,15880.90000000,770017337,770017337,1782867921756426,False,True
429176425,0.14420000,1409.40000000,770017338,770017338,1782867921756477,False,True
429176426,0.14420000,1923.90000000,770017339,770017339,1782867921756556,False,True
429176427,0.14420000,1278.00000000,770017340,770017340,1782867921756755,False,True
429176428,0.14420000,6226.00000000,770017341,770017341,1782867921757352,False,True
429176429,0.14420000,1298.00000000,770017342,770017342,1782867921757355,False,True
429176430,0.14420000,7515.40000000,770017343,770017351,1782867921758157,False,True
429176431,0.14420000,3625.40000000,770017352,770017352,1782867921765578,True,True
429176432,0.14420000,973.30000000,770017353,770017353,1782867921776351,True,True
429176433,0.14420000,973.30000000,770017354,770017356,1782867921786841,True,True
429176434,0.14420000,973.30000000,770017357,770017357,1782867921796664,True,True
429176435,0.14420000,536.20000000,770017358,770017358,1782867921818071,True,True
429176436,0.14420000,299.10000000,770017359,770017359,1782867921853986,True,True
429176437,0.14420000,15076.30000000,770017360,770017360,1782867921880048,True,True
429176438,0.14420000,4391.10000000,770017361,770017365,1782867921882238,True,True
429176439,0.14410000,15076.30000000,770017366,770017368,1782867921993619,True,True
429176440,0.14410000,3043.80000000,770017369,770017369,1782867922372736,True,True
429176441,0.14410000,22853.50000000,770017370,770017374,1782867922778895,True,True
429176442,0.14410000,68939.20000000,770017375,770017402,1782867922913829,True,True
429176443,0.14420000,164138.30000000,770017403,770017431,1782867922939783,False,True
429176444,0.14420000,44.90000000,770017432,770017432,1782867923711110,False,True
429176445,0.14410000,145.10000000,770017433,770017436,1782867938351029,False,True
429176446,0.14410000,516.70000000,770017437,770017439,1782867939783258,True,True
429176447,0.14410000,2235.30000000,770017440,770017445,1782867940465313,False,True
429176448,0.14410000,1812.60000000,770017446,770017446,1782867940466549,False,True
429176449,0.14410000,2301.10000000,770017447,770017447,1782867940467262,False,True
429176450,0.14410000,1816.30000000,770017448,770017448,1782867940467668,False,True
429176451,0.14410000,1246.40000000,770017449,770017449,1782867940468341,False,True
429176452,0.14410000,1172.00000000,770017450,770017450,1782867940468781,False,True
429176453,0.14410000,35.60000000,770017451,770017451,1782867940530581,False,True
429176454,0.14410000,697.10000000,770017452,770017455,1782867941047243,True,True
429176455,0.14400000,292.50000000,770017456,770017461,1782867945136287,True,True
429176456,0.14410000,824.60000000,770017462,770017466,1782867947830059,False,True
429176457,0.14410000,745.80000000,770017467,770017469,1782867951559072,True,True
429176458,0.14410000,69.30000000,770017470,770017470,1782867951786255,False,True
429176459,0.14410000,17067.80000000,770017471,770017482,1782867952278491,False,True
429176460,0.14420000,138.60000000,770017483,770017485,1782867953893921,False,True
429176461,0.14420000,1591.90000000,770017486,770017493,1782867959501389,False,True
429176462,0.14420000,6922.80000000,770017494,770017494,1782867959507605,True,True
429176463,0.14420000,284.00000000,770017495,770017495,1782867959515240,True,True
429176464,0.14420000,887.90000000,770017496,770017499,1782867973245896,True,True
429176465,0.14420000,683.60000000,770017500,770017500,1782867973247815,False,True
429176466,0.14410000,748.90000000,770017501,770017501,1782867975988030,True,True
429176467,0.14420000,444.70000000,770017502,770017506,1782867977641518,False,True
429176468,0.14430000,69.30000000,770017507,770017508,1782867988970625,False,True
429176469,0.14420000,13274.20000000,770017509,770017514,1782867989947190,True,True
429176470,0.14410000,138.60000000,770017515,770017515,1782867990504728,True,True
429176471,0.14410000,1686.20000000,770017516,770017526,1782867997926751,True,True
429176472,0.14410000,350.00000000,770017527,770017531,1782868001386676,False,True
429176473,0.14410000,80.10000000,770017532,770017532,1782868010321669,True,True
429176474,0.14410000,20915.10000000,770017533,770017533,1782868012865620,True,True
429176475,0.14410000,28879.60000000,770017534,770017540,1782868012865635,True,True
429176476,0.14410000,36.50000000,770017541,770017541,1782868012866920,True,True
429176477,0.14410000,859.50000000,770017542,770017546,1782868026983817,False,True
429176478,0.14420000,1193.10000000,770017547,770017547,1782868027420107,False,True
429176479,0.14410000,63.70000000,770017548,770017548,1782868028115399,True,True
429176480,0.14420000,69.30000000,770017549,770017549,1782868032816898,False,True
429176481,0.14410000,893.70000000,770017550,770017553,1782868052520443,True,True
429176482,0.14420000,2317.70000000,770017554,770017558,1782868057623395,False,True
429176483,0.14420000,1904.20000000,770017559,770017559,1782868057624632,False,True
429176484,0.14420000,1409.40000000,770017560,770017560,1782868057625750,False,True
429176485,0.14420000,962.20000000,770017561,770017567,1782868057626911,False,True
429176486,0.14420000,69.40000000,770017568,770017569,1782868066620519,True,True
429176487,0.14420000,674.20000000,770017570,770017575,1782868081097808,False,True
429176488,0.14420000,309.70000000,770017576,770017577,1782868082702084,True,True
429176489,0.14420000,492.90000000,770017578,770017583,1782868085883508,False,True
429176490,0.14420000,48.50000000,770017584,770017584,1782868088475536,True,True
429176491,0.14420000,67.30000000,770017585,770017586,1782868090686581,True,True
429176492,0.14420000,1369.70000000,770017587,770017587,1782868091259464,True,True
429176493,0.14420000,21449.50000000,770017588,770017590,1782868092614505,True,True
429176494,0.14410000,76.70000000,770017591,770017591,1782868104262524,True,True
429176495,0.14410000,26447.90000000,770017592,770017603,1782868112933464,True,True
429176496,0.14410000,69.30000000,770017604,770017604,1782868123738093,False,True
429176497,0.14400000,1369.90000000,770017605,770017615,1782868131400203,True,True
429176498,0.14400000,145.10000000,770017616,770017619,1782868134882080,False,True
429176499,0.14400000,71.30000000,770017620,770017621,1782868137940474,True,True
429176500,0.14400000,66.30000000,770017622,770017623,1782868141301874,False,True
429176501,0.14400000,279.70000000,770017624,770017627,1782868144807097,False,True
429176502,0.14400000,17404.00000000,770017628,770017629,1782868148798241,True,True
429176503,0.14410000,458.90000000,770017630,770017630,1782868153490107,False,True
429176504,0.14400000,71.30000000,770017631,770017632,1782868177065471,True,True
429176505,0.14400000,180.40000000,770017633,770017633,1782868179794002,False,True
429176506,0.14400000,1556.50000000,770017634,770017635,1782868180927305,False,True
429176507,0.14400000,1196.40000000,770017636,770017636,1782868180928465,False,True
429176508,0.14400000,2917.90000000,770017637,770017637,1782868180929259,False,True
429176509,0.14400000,1995.50000000,770017638,770017638,1782868180930235,False,True
429176510,0.14400000,529.80000000,770017639,770017639,1782868187054070,False,True
429176511,0.14400000,489.90000000,770017640,770017644,1782868187109564,False,True
429176512,0.14410000,48.80000000,770017645,770017645,1782868192497497,False,True
429176513,0.14410000,69.30000000,770017646,770017646,1782868192837221,False,True
429176514,0.14410000,322.80000000,770017647,770017647,1782868198121585,False,True
429176515,0.14400000,161.10000000,770017648,770017648,1782868200314164,True,True
429176516,0.14400000,280.60000000,770017649,770017649,1782868200322572,True,True
429176517,0.14400000,1283.50000000,770017650,770017653,1782868215180722,True,True
429176518,0.14390000,27213.10000000,770017654,770017663,1782868215807545,True,True
429176519,0.14390000,11598.10000000,770017664,770017675,1782868215808666,True,True
429176520,0.14390000,1641.70000000,770017676,770017677,1782868215809195,True,True
429176521,0.14390000,9594.30000000,770017678,770017682,1782868217160176,True,True
429176522,0.14390000,12732.00000000,770017683,770017697,1782868217249504,False,True
429176523,0.14390000,9844.20000000,770017698,770017701,1782868217304315,True,True
429176524,0.14390000,9824.30000000,770017702,770017702,1782868218525691,False,True
429176525,0.14380000,1093.30000000,770017703,770017703,1782868227890929,True,True
429176526,0.14380000,8813.80000000,770017704,770017714,1782868227895692,True,True
429176527,0.14380000,1449.70000000,770017715,770017716,1782868228434435,False,True
429176528,0.14380000,263.40000000,770017717,770017721,1782868228461104,False,True
429176529,0.14380000,144.60000000,770017722,770017725,1782868229683136,True,True
429176530,0.14380000,1980.90000000,770017726,770017726,1782868229787349,False,True
429176531,0.14370000,3319.40000000,770017727,770017736,1782868238183950,True,True
429176532,0.14360000,866.80000000,770017737,770017737,1782868238870063,True,True
429176533,0.14370000,507.50000000,770017738,770017738,1782868239028832,False,True
429176534,0.14360000,380.40000000,770017739,770017747,1782868239333290,True,True
429176535,0.14360000,519.90000000,770017748,770017750,1782868239846599,False,True
429176536,0.14360000,109.80000000,770017751,770017753,1782868239933046,False,True
429176537,0.14360000,13640.30000000,770017754,770017755,1782868241199341,True,True
429176538,0.14360000,9419.10000000,770017756,770017761,1782868241199423,True,True
429176539,0.14360000,372.20000000,770017762,770017766,1782868249443365,False,True
429176540,0.14360000,34.90000000,770017767,770017767,1782868249532536,True,True
429176541,0.14360000,377.70000000,770017768,770017771,1782868249877471,False,True
429176542,0.14360000,74.90000000,770017772,770017773,1782868250299201,True,True
429176543,0.14350000,1318.70000000,770017774,770017780,1782868252422461,True,True
429176544,0.14360000,49.10000000,770017781,770017781,1782868252822118,False,True
429176545,0.14350000,9426.30000000,770017782,770017782,1782868254291250,True,True
429176546,0.14350000,74.70000000,770017783,770017783,1782868255738832,True,True
429176547,0.14350000,10000.00000000,770017784,770017784,1782868256165269,True,True
429176548,0.14350000,482.70000000,770017785,770017785,1782868256516137,True,True
429176549,0.14350000,238999.90000000,770017786,770017793,1782868256518414,True,True
429176550,0.14350000,36.60000000,770017794,770017794,1782868256520707,True,True
429176551,0.14350000,143.80000000,770017795,770017798,1782868256521655,True,True
429176552,0.14340000,205.40000000,770017799,770017803,1782868256522576,True,True
429176553,0.14340000,1520.40000000,770017804,770017811,1782868257136782,True,True
429176554,0.14340000,149.80000000,770017812,770017815,1782868257476322,False,True
429176555,0.14340000,34.90000000,770017816,770017816,1782868258099771,True,True
429176556,0.14340000,502.80000000,770017817,770017819,1782868258734028,False,True
429176557,0.14340000,21754.60000000,770017820,770017824,1782868258735665,False,True
429176558,0.14340000,115.60000000,770017825,770017826,1782868259574564,True,True
429176559,0.14340000,35.70000000,770017827,770017827,1782868260955965,False,True
429176560,0.14340000,75.30000000,770017828,770017829,1782868261109702,True,True
429176561,0.14340000,35.70000000,770017830,770017830,1782868263249662,False,True
429176562,0.14340000,74.90000000,770017831,770017832,1782868263452614,True,True
429176563,0.14340000,145.90000000,770017833,770017836,1782868263489777,False,True
429176564,0.14340000,140.80000000,770017837,770017838,1782868264089312,True,True
429176565,0.14330000,120.70000000,770017839,770017841,1782868265218457,True,True
429176566,0.14340000,145.50000000,770017842,770017845,1782868265308038,False,True
429176567,0.14350000,2085.20000000,770017846,770017852,1782868269578771,False,True
429176568,0.14350000,8676.70000000,770017853,770017855,1782868269666507,True,True
429176569,0.14350000,10000.00000000,770017856,770017857,1782868272765884,True,True
429176570,0.14350000,144.70000000,770017858,770017861,1782868273009176,True,True
429176571,0.14340000,36.00000000,770017862,770017862,1782868273166794,True,True
429176572,0.14340000,5036.80000000,770017863,770017872,1782868273643674,True,True
429176573,0.14340000,2092.00000000,770017873,770017873,1782868275287233,False,True
429176574,0.14330000,179.60000000,770017874,770017877,1782868278818229,True,True
429176575,0.14340000,10134.70000000,770017878,770017885,1782868285427107,False,True
429176576,0.14340000,34.90000000,770017886,770017886,1782868285967845,True,True
429176577,0.14340000,209.80000000,770017887,770017890,1782868289508494,False,True
429176578,0.14340000,2217.70000000,770017891,770017891,1782868291290820,True,True
429176579,0.14340000,1989.40000000,770017892,770017898,1782868293495309,True,True
429176580,0.14340000,11738.70000000,770017899,770017903,1782868293746454,False,True
429176581,0.14340000,585.20000000,770017904,770017908,1782868296108555,True,True
429176582,0.14340000,1787.70000000,770017909,770017914,1782868297345068,False,True
429176583,0.14340000,869.10000000,770017915,770017915,1782868300405359,True,True
429176584,0.14340000,74.90000000,770017916,770017917,1782868304166556,True,True
429176585,0.14330000,3365.00000000,770017918,770017920,1782868313283785,True,True
429176586,0.14340000,3302.10000000,770017921,770017926,1782868314300942,False,True
429176587,0.14340000,1452.30000000,770017927,770017927,1782868314300948,False,True
429176588,0.14340000,16295.40000000,770017928,770017930,1782868314301663,False,True
429176589,0.14340000,2406.20000000,770017931,770017931,1782868314732885,True,True
429176590,0.14350000,527.80000000,770017932,770017938,1782868320307730,False,True
429176591,0.14350000,1122.80000000,770017939,770017944,1782868326234119,True,True
429176592,0.14350000,829.20000000,770017945,770017948,1782868327802959,False,True
429176593,0.14360000,188.30000000,770017949,770017949,1782868329215892,False,True
429176594,0.14350000,251.30000000,770017950,770017955,1782868332083273,True,True
429176595,0.14340000,508.90000000,770017956,770017962,1782868343608465,True,True
429176596,0.14340000,24644.30000000,770017963,770017964,1782868344996738,False,True
429176597,0.14330000,1458.00000000,770017965,770017973,1782868355328618,True,True
429176598,0.14330000,145.00000000,770017974,770017977,1782868355333283,True,True
429176599,0.14330000,507.10000000,770017978,770017978,1782868355893257,False,True
429176600,0.14320000,25371.30000000,770017979,770017992,1782868363879969,True,True
429176601,0.14320000,36.70000000,770017993,770017993,1782868363880590,True,True
429176602,0.14320000,257.60000000,770017994,770017995,1782868363959739,False,True
429176603,0.14320000,596.30000000,770017996,770017996,1782868364446378,False,True
429176604,0.14320000,55.00000000,770017997,770017997,1782868364470081,False,True
429176605,0.14320000,1396.60000000,770017998,770017998,1782868364574534,False,True
429176606,0.14310000,20922.00000000,770017999,770018015,1782868364893616,True,True
429176607,0.14310000,21743.00000000,770018016,770018018,1782868364894054,True,True
429176608,0.14310000,75.00000000,770018019,770018020,1782868364914429,True,True
429176609,0.14310000,1281.30000000,770018021,770018021,1782868364934882,False,True
429176610,0.14300000,1004.60000000,770018022,770018022,1782868365013472,True,True
429176611,0.14300000,979.30000000,770018023,770018024,1782868365013472,True,True
429176612,0.14300000,70.00000000,770018025,770018025,1782868365013472,True,True
429176613,0.14300000,41124.50000000,770018026,770018042,1782868365013472,True,True
429176614,0.14300000,682.70000000,770018043,770018045,1782868365014420,True,True
429176615,0.14300000,1284.10000000,770018046,770018046,1782868365014504,True,True
429176616,0.14300000,1890.90000000,770018047,770018051,1782868365017766,True,True
429176617,0.14300000,4454.80000000,770018052,770018052,1782868365024136,True,True
429176618,0.14300000,3922.70000000,770018053,770018069,1782868365044944,True,True
429176619,0.14300000,15694.70000000,770018070,770018070,1782868365047126,True,True
429176620,0.14300000,1552.20000000,770018071,770018071,1782868365048672,True,True
429176621,0.14300000,1295.90000000,770018072,770018072,1782868365052918,True,True
429176622,0.14300000,1337.30000000,770018073,770018073,1782868365053403,True,True
429176623,0.14300000,4208.40000000,770018074,770018075,1782868365053595,True,True
429176624,0.14300000,1820.50000000,770018076,770018077,1782868365054039,True,True
429176625,0.14300000,15937.00000000,770018078,770018079,1782868365055034,True,True
429176626,0.14300000,3585.60000000,770018080,770018080,1782868365055844,True,True
429176627,0.14300000,8983.60000000,770018081,770018089,1782868365057036,True,True
429176628,0.14290000,3650.00000000,770018090,770018101,1782868365131170,True,True
429176629,0.14290000,39.80000000,770018102,770018102,1782868365131170,True,True
429176630,0.14290000,16279.10000000,770018103,770018105,1782868365131170,True,True
429176631,0.14290000,299.60000000,770018106,770018106,1782868365484296,True,True
429176632,0.14290000,854.90000000,770018107,770018107,1782868365637920,True,True
429176633,0.14290000,30975.30000000,770018108,770018115,1782868365640312,True,True
429176634,0.14280000,615.90000000,770018116,770018118,1782868365643846,True,True
429176635,0.14280000,477.80000000,770018119,770018119,1782868365643846,True,True
429176636,0.14280000,21772.90000000,770018120,770018133,1782868365884804,True,True
429176637,0.14280000,1008.40000000,770018134,770018136,1782868365886215,True,True
429176638,0.14280000,5897.40000000,770018137,770018139,1782868365916936,False,True
429176639,0.14270000,1819.20000000,770018140,770018148,1782868365947991,True,True
429176640,0.14270000,2405.00000000,770018149,770018154,1782868365992409,True,True
429176641,0.14270000,12704.20000000,770018155,770018155,1782868365994629,True,True
429176642,0.14270000,908.60000000,770018156,770018156,1782868365996575,True,True
429176643,0.14270000,1461.00000000,770018157,770018157,1782868365996614,True,True
429176644,0.14270000,9671.90000000,770018158,770018158,1782868366012573,True,True
429176645,0.14280000,34967.90000000,770018159,770018164,1782868366045929,False,True
429176646,0.14270000,15318.10000000,770018165,770018170,1782868366063211,True,True
429176647,0.14270000,640.80000000,770018171,770018172,1782868366063327,True,True
429176648,0.14270000,264.40000000,770018173,770018173,1782868366122051,False,True
429176649,0.14270000,748.80000000,770018174,770018174,1782868366123633,False,True
429176650,0.14270000,488.60000000,770018175,770018175,1782868366130624,False,True
429176651,0.14270000,407.10000000,770018176,770018176,1782868366134049,False,True
429176652,0.14270000,2400.50000000,770018177,770018177,1782868366134365,False,True
429176653,0.14270000,110.40000000,770018178,770018180,1782868366135584,False,True
429176654,0.14280000,34967.90000000,770018181,770018184,1782868366152532,False,True
429176655,0.14270000,1501.80000000,770018185,770018189,1782868366339082,True,True
429176656,0.14270000,1852.70000000,770018190,770018196,1782868366455546,True,True
429176657,0.14260000,279.00000000,770018197,770018199,1782868366587939,True,True
429176658,0.14270000,60009.10000000,770018200,770018213,1782868366769386,False,True
429176659,0.14270000,35.10000000,770018214,770018214,1782868366818399,True,True
429176660,0.14270000,8257.00000000,770018215,770018221,1782868366947495,False,True
429176661,0.14280000,105.10000000,770018222,770018222,1782868367195319,False,True
429176662,0.14280000,3496.80000000,770018223,770018223,1782868367302349,False,True
429176663,0.14270000,9717.60000000,770018224,770018229,1782868367332785,True,True
429176664,0.14270000,5779.70000000,770018230,770018230,1782868367340075,False,True
429176665,0.14270000,174.90000000,770018231,770018231,1782868367379604,False,True
429176666,0.14270000,1402.10000000,770018232,770018232,1782868367626185,False,True
429176667,0.14270000,29559.30000000,770018233,770018233,1782868367626220,False,True
429176668,0.14270000,24632.10000000,770018234,770018238,1782868367626230,False,True
429176669,0.14270000,14198.40000000,770018239,770018239,1782868367626285,False,True
429176670,0.14270000,26453.10000000,770018240,770018247,1782868367626293,False,True
429176671,0.14270000,14263.20000000,770018248,770018253,1782868367639664,True,True
429176672,0.14270000,200.50000000,770018254,770018257,1782868367819262,False,True
429176673,0.14280000,105.20000000,770018258,770018258,1782868368318968,False,True
429176674,0.14270000,23415.80000000,770018259,770018264,1782868368559045,True,True
429176675,0.14270000,2615.90000000,770018265,770018265,1782868368596485,True,True
429176676,0.14270000,7919.20000000,770018266,770018268,1782868368792473,True,True
429176677,0.14270000,1885.70000000,770018269,770018270,1782868369656764,True,True
429176678,0.14270000,9242.00000000,770018271,770018272,1782868369671310,True,True
429176679,0.14270000,2260.10000000,770018273,770018273,1782868369673586,True,True
429176680,0.14270000,20000.00000000,770018274,770018274,1782868369674499,True,True
429176681,0.14270000,965.90000000,770018275,770018280,1782868369675472,True,True
429176682,0.14270000,92783.10000000,770018281,770018293,1782868369854002,False,True
429176683,0.14270000,50395.70000000,770018294,770018294,1782868369854134,False,True
429176684,0.14270000,36.80000000,770018295,770018295,1782868369855783,False,True
429176685,0.14280000,209.70000000,770018296,770018296,1782868370038771,False,True
429176686,0.14280000,1401.50000000,770018297,770018297,1782868370440621,False,True
429176687,0.14280000,73319.90000000,770018298,770018314,1782868370933144,False,True
429176688,0.14270000,8557.60000000,770018315,770018321,1782868371058229,True,True
429176689,0.14280000,5136.30000000,770018322,770018331,1782868371357205,False,True
429176690,0.14280000,15623.70000000,770018332,770018334,1782868371393060,True,True
429176691,0.14280000,14292.40000000,770018335,770018337,1782868371439186,True,True
429176692,0.14270000,69.30000000,770018338,770018338,1782868371948302,True,True
429176693,0.14270000,187.70000000,770018339,770018343,1782868372558283,True,True
429176694,0.14270000,859.70000000,770018344,770018348,1782868373219306,False,True
429176695,0.14270000,4128.60000000,770018349,770018349,1782868373224571,True,True
429176696,0.14270000,35.10000000,770018350,770018350,1782868373337693,True,True
429176697,0.14270000,110.70000000,770018351,770018353,1782868373516409,False,True
429176698,0.14280000,239.40000000,770018354,770018354,1782868374182861,False,True
429176699,0.14280000,1279.00000000,770018355,770018360,1782868374251431,False,True
429176700,0.14280000,2434.40000000,770018361,770018362,1782868374289252,True,True
429176701,0.14280000,7076.90000000,770018363,770018363,1782868374302883,True,True
429176702,0.14280000,13534.50000000,770018364,770018367,1782868374331230,True,True
429176703,0.14280000,150.40000000,770018368,770018371,1782868374432855,False,True
429176704,0.14280000,111.90000000,770018372,770018374,1782868375086406,True,True
429176705,0.14270000,187.70000000,770018375,770018379,1782868375483108,True,True
429176706,0.14260000,1010.00000000,770018380,770018390,1782868375755864,True,True
429176707,0.14260000,1913.50000000,770018391,770018396,1782868375758267,True,True
429176708,0.14250000,187.00000000,770018397,770018398,1782868375813594,True,True
429176709,0.14250000,227.60000000,770018399,770018399,1782868375813594,True,True
429176710,0.14260000,3195.10000000,770018400,770018400,1782868375813594,False,True
429176711,0.14250000,14120.20000000,770018401,770018413,1782868375813594,True,True
429176712,0.14260000,566.90000000,770018414,770018415,1782868376209485,False,True
429176713,0.14250000,147812.10000000,770018416,770018445,1782868376236751,True,True
429176714,0.14260000,149.20000000,770018446,770018446,1782868376669303,False,True
429176715,0.14260000,70.10000000,770018447,770018447,1782868377121867,False,True
429176716,0.14260000,562.10000000,770018448,770018448,1782868377204091,False,True
429176717,0.14260000,365.80000000,770018449,770018449,1782868377698619,False,True
429176718,0.14250000,75.10000000,770018450,770018451,1782868377835693,True,True
429176719,0.14250000,17129.90000000,770018452,770018465,1782868377868056,False,True
429176720,0.14250000,35.10000000,770018466,770018466,1782868377978353,True,True
429176721,0.14250000,1506.80000000,770018467,770018467,1782868378013137,False,True
429176722,0.14250000,850.70000000,770018468,770018468,1782868378119815,False,True
429176723,0.14250000,286.80000000,770018469,770018469,1782868378418127,False,True
429176724,0.14250000,66.70000000,770018470,770018470,1782868378471460,False,True
429176725,0.14250000,268.70000000,770018471,770018475,1782868378484685,False,True
429176726,0.14260000,768.30000000,770018476,770018476,1782868378540636,False,True
429176727,0.14250000,75.10000000,770018477,770018478,1782868379010755,True,True
429176728,0.14240000,1000.00000000,770018479,770018483,1782868379615260,True,True
429176729,0.14240000,282.70000000,770018484,770018484,1782868379615260,True,True
429176730,0.14240000,2141.30000000,770018485,770018485,1782868379616600,True,True
429176731,0.14240000,41318.80000000,770018486,770018499,1782868379617421,True,True
429176732,0.14240000,40.00000000,770018500,770018500,1782868379800678,False,True
429176733,0.14250000,411.40000000,770018501,770018505,1782868380103090,False,True
429176734,0.14260000,259.30000000,770018506,770018506,1782868380156159,False,True
429176735,0.14250000,35.10000000,770018507,770018507,1782868380160037,True,True
429176736,0.14240000,45.30000000,770018508,770018508,1782868380161599,True,True
429176737,0.14250000,110.70000000,770018509,770018511,1782868380592987,False,True
429176738,0.14250000,32760.90000000,770018512,770018516,1782868380618082,True,True
429176739,0.14250000,110.70000000,770018517,770018519,1782868380698314,False,True
429176740,0.14250000,8641.70000000,770018520,770018521,1782868380766078,True,True
429176741,0.14250000,1007.40000000,770018522,770018522,1782868380928590,True,True
429176742,0.14260000,4189.90000000,770018523,770018523,1782868381121953,False,True
429176743,0.14250000,23514.30000000,770018524,770018529,1782868382040451,True,True
429176744,0.14250000,35.10000000,770018530,770018530,1782868382041935,True,True
429176745,0.14250000,194.60000000,770018531,770018535,1782868382996890,False,True
429176746,0.14250000,10000.00000000,770018536,770018537,1782868383100037,True,True
429176747,0.14250000,35.10000000,770018538,770018538,1782868383327145,True,True
429176748,0.14250000,110.70000000,770018539,770018541,1782868383581014,False,True
429176749,0.14260000,222.30000000,770018542,770018542,1782868383755113,False,True
429176750,0.14250000,72.00000000,770018543,770018544,1782868384258429,True,True
429176751,0.14250000,266.00000000,770018545,770018547,1782868384562077,False,True
429176752,0.14250000,35.10000000,770018548,770018548,1782868385379011,True,True
429176753,0.14250000,800.00000000,770018549,770018551,1782868385976741,False,True
429176754,0.14240000,206.30000000,770018552,770018554,1782868386477091,True,True
429176755,0.14240000,207.50000000,770018555,770018558,1782868386938916,True,True
429176756,0.14240000,35.20000000,770018559,770018559,1782868389726618,True,True
429176757,0.14250000,619.10000000,770018560,770018560,1782868390208123,False,True
429176758,0.14240000,35.20000000,770018561,770018561,1782868390358935,True,True
429176759,0.14240000,404.00000000,770018562,770018564,1782868390938871,False,True
429176760,0.14240000,1078.40000000,770018565,770018566,1782868390942749,False,True
429176761,0.14240000,73.80000000,770018567,770018568,1782868390943039,False,True
429176762,0.14240000,35.20000000,770018569,770018569,1782868391000982,True,True
429176763,0.14250000,50.10000000,770018570,770018570,1782868392378649,False,True
429176764,0.14240000,49.10000000,770018571,770018571,1782868392796549,True,True
429176765,0.14240000,35.20000000,770018572,770018572,1782868393733587,True,True
429176766,0.14230000,23361.00000000,770018573,770018583,1782868394319337,True,True
429176767,0.14230000,1558.50000000,770018584,770018590,1782868394322045,True,True
429176768,0.14230000,213.60000000,770018591,770018591,1782868394327830,False,True
429176769,0.14240000,19960.30000000,770018592,770018605,1782868395192586,False,True
429176770,0.14240000,60.50000000,770018606,770018606,1782868395222328,True,True
429176771,0.14240000,9426.30000000,770018607,770018609,1782868395275981,True,True
429176772,0.14240000,72.10000000,770018610,770018611,1782868395336522,True,True
429176773,0.14240000,1913.50000000,770018612,770018613,1782868396088180,False,True
429176774,0.14240000,14725.70000000,770018614,770018616,1782868396088546,False,True
429176775,0.14240000,36.90000000,770018617,770018617,1782868396089237,False,True
429176776,0.14240000,10000.00000000,770018618,770018620,1782868396171144,True,True
429176777,0.14240000,109.00000000,770018621,770018623,1782868396859516,True,True
429176778,0.14240000,110.70000000,770018624,770018626,1782868397409125,False,True
429176779,0.14240000,1405.80000000,770018627,770018628,1782868397644252,True,True
429176780,0.14230000,63.20000000,770018629,770018630,1782868398124434,True,True
429176781,0.14230000,1136.70000000,770018631,770018638,1782868398345792,True,True
429176782,0.14220000,77.30000000,770018639,770018640,1782868398372072,True,True
429176783,0.14220000,1000.00000000,770018641,770018642,1782868398616557,True,True
429176784,0.14220000,17582.70000000,770018643,770018657,1782868398616693,True,True
429176785,0.14220000,71.50000000,770018658,770018658,1782868398891500,False,True
429176786,0.14220000,100.00000000,770018659,770018659,1782868399028070,False,True
429176787,0.14220000,1706.00000000,770018660,770018660,1782868399165510,False,True
429176788,0.14220000,70.30000000,770018661,770018661,1782868399167827,False,True
429176789,0.14220000,946.20000000,770018662,770018667,1782868399408826,False,True
429176790,0.14220000,12704.20000000,770018668,770018668,1782868399412171,False,True
429176791,0.14220000,98.50000000,770018669,770018669,1782868399425935,False,True
429176792,0.14220000,111.00000000,770018670,770018672,1782868399444783,False,True
429176793,0.14220000,35.20000000,770018673,770018673,1782868399833217,True,True
429176794,0.14220000,1834.10000000,770018674,770018674,1782868399852387,False,True
429176795,0.14220000,6680.30000000,770018675,770018675,1782868399867988,False,True
429176796,0.14220000,111.00000000,770018676,770018678,1782868399870788,False,True
429176797,0.14230000,183.50000000,770018679,770018679,1782868400186293,False,True
429176798,0.14220000,35.20000000,770018680,770018680,1782868400330425,True,True
429176799,0.14220000,35.20000000,770018681,770018681,1782868400593824,True,True
429176800,0.14220000,24340.10000000,770018682,770018687,1782868400968299,False,True
429176801,0.14220000,37.10000000,770018688,770018688,1782868401028819,False,True
429176802,0.14220000,1111.00000000,770018689,770018692,1782868402105664,False,True
429176803,0.14220000,35.20000000,770018693,770018693,1782868403442918,True,True
429176804,0.14210000,1918.30000000,770018694,770018703,1782868404072118,True,True
429176805,0.14210000,1168.00000000,770018704,770018711,1782868404072538,True,True
429176806,0.14200000,1389.00000000,770018712,770018713,1782868404093359,True,True
429176807,0.14200000,621.70000000,770018714,770018714,1782868404093359,True,True
429176808,0.14200000,6910.90000000,770018715,770018715,1782868404127259,True,True
429176809,0.14200000,1407.00000000,770018716,770018716,1782868404226297,True,True
429176810,0.14210000,81.20000000,770018717,770018718,1782868406079992,False,True
429176811,0.14210000,3102.90000000,770018719,770018724,1782868406700206,False,True
429176812,0.14210000,8034.30000000,770018725,770018725,1782868406716202,True,True
429176813,0.14220000,98.50000000,770018726,770018728,1782868409098309,False,True
429176814,0.14210000,18920.80000000,770018729,770018731,1782868409219539,True,True
429176815,0.14210000,7836.00000000,770018732,770018739,1782868409238009,True,True
429176816,0.14210000,111.00000000,770018740,770018742,1782868409363671,False,True
429176817,0.14210000,35.20000000,770018743,770018743,1782868409921646,True,True
429176818,0.14200000,950.00000000,770018744,770018744,1782868410104745,True,True
429176819,0.14210000,151.00000000,770018745,770018748,1782868411749924,False,True
429176820,0.14210000,75.20000000,770018749,770018750,1782868412087942,True,True
429176821,0.14200000,4234.80000000,770018751,770018754,1782868412090025,True,True
429176822,0.14210000,40.00000000,770018755,770018755,1782868412199341,False,True
429176823,0.14220000,441.00000000,770018756,770018763,1782868413181102,False,True
429176824,0.14220000,3629.10000000,770018764,770018764,1782868413292674,True,True
429176825,0.14230000,9216.20000000,770018765,770018765,1782868413395618,False,True
429176826,0.14220000,35.20000000,770018766,770018766,1782868413583558,True,True
429176827,0.14220000,105.50000000,770018767,770018768,1782868413659736,False,True
429176828,0.14220000,281.20000000,770018769,770018769,1782868413764412,False,True
429176829,0.14220000,36.10000000,770018770,770018770,1782868414347803,False,True
429176830,0.14220000,25950.10000000,770018771,770018772,1782868414424551,True,True
429176831,0.14220000,7414.30000000,770018773,770018774,1782868414476009,True,True
429176832,0.14220000,3707.10000000,770018775,770018776,1782868414517253,True,True
429176833,0.14210000,443.20000000,770018777,770018777,1782868414653804,True,True
429176834,0.14210000,225.90000000,770018778,770018783,1782868415258842,True,True
429176835,0.14210000,148.60000000,770018784,770018787,1782868417112814,False,True
429176836,0.14220000,16856.40000000,770018788,770018795,1782868417936454,False,True
429176837,0.14220000,37.00000000,770018796,770018796,1782868417943675,False,True
429176838,0.14220000,37.00000000,770018797,770018797,1782868417948442,False,True
429176839,0.14220000,37.00000000,770018798,770018798,1782868417954331,False,True
429176840,0.14220000,3629.10000000,770018799,770018799,1782868418154473,True,True
429176841,0.14220000,1367.90000000,770018800,770018805,1782868418792175,True,True
429176842,0.14220000,197.00000000,770018806,770018806,1782868419645821,False,True
429176843,0.14220000,10060.10000000,770018807,770018811,1782868420978637,False,True
429176844,0.14220000,24802.30000000,770018812,770018813,1782868420978972,False,True
429176845,0.14220000,35.20000000,770018814,770018814,1782868421821754,True,True
429176846,0.14220000,16639.40000000,770018815,770018818,1782868423259812,False,True
429176847,0.14220000,37.00000000,770018819,770018819,1782868423261051,False,True
429176848,0.14230000,49.90000000,770018820,770018820,1782868424669456,False,True
429176849,0.14220000,120.00000000,770018821,770018822,1782868425175251,True,True
429176850,0.14220000,147.00000000,770018823,770018826,1782868425608294,False,True
429176851,0.14230000,391.80000000,770018827,770018834,1782868426124897,False,True
429176852,0.14230000,37.00000000,770018835,770018835,1782868426125031,False,True
429176853,0.14230000,52.70000000,770018836,770018836,1782868426168723,True,True
429176854,0.14230000,5346.40000000,770018837,770018837,1782868426550170,True,True
429176855,0.14240000,260.70000000,770018838,770018843,1782868427188928,False,True
429176856,0.14250000,105.50000000,770018844,770018844,1782868427205298,False,True
429176857,0.14250000,624.20000000,770018845,770018855,1782868427760833,False,True
429176858,0.14250000,9426.30000000,770018856,770018856,1782868428171518,True,True
429176859,0.14260000,566.30000000,770018857,770018867,1782868428957003,False,True
429176860,0.14260000,1000.00000000,770018868,770018868,1782868429341574,True,True
429176861,0.14270000,19594.00000000,770018869,770018872,1782868429528908,False,True
429176862,0.14270000,2487.80000000,770018873,770018884,1782868429537974,False,True
429176863,0.14270000,502.70000000,770018885,770018885,1782868429541116,False,True
429176864,0.14270000,347.10000000,770018886,770018890,1782868429808524,False,True
429176865,0.14270000,10000.00000000,770018891,770018891,1782868429893961,True,True
429176866,0.14280000,18000.20000000,770018892,770018902,1782868431674352,False,True
429176867,0.14280000,7068.70000000,770018903,770018905,1782868431805129,True,True
429176868,0.14280000,22811.50000000,770018906,770018910,1782868433500444,True,True
429176869,0.14280000,35.90000000,770018911,770018911,1782868433517230,False,True
429176870,0.14290000,11268.10000000,770018912,770018922,1782868434791313,False,True
429176871,0.14290000,23600.60000000,770018923,770018926,1782868434825345,True,True
429176872,0.14300000,15726.40000000,770018927,770018928,1782868435138445,False,True
429176873,0.14300000,15033.40000000,770018929,770018930,1782868435138456,False,True
429176874,0.14300000,5055.90000000,770018931,770018935,1782868435138612,False,True
429176875,0.14300000,10161.00000000,770018936,770018938,1782868435138616,False,True
429176876,0.14300000,12510.60000000,770018939,770018939,1782868435138668,False,True
429176877,0.14300000,31336.70000000,770018940,770018943,1782868435147048,False,True
429176878,0.14300000,5707.70000000,770018944,770018944,1782868435151512,False,True
429176879,0.14290000,675.30000000,770018945,770018945,1782868435715099,True,True
429176880,0.14300000,1324.30000000,770018946,770018948,1782868437021647,False,True
429176881,0.14300000,12379.40000000,770018949,770018952,1782868437024095,False,True
429176882,0.14300000,1129.20000000,770018953,770018953,1782868437925224,True,True
429176883,0.14300000,60.00000000,770018954,770018954,1782868440170338,True,True
429176884,0.14310000,395.80000000,770018955,770018962,1782868440420645,False,True
429176885,0.14310000,373.30000000,770018963,770018963,1782868440468658,True,True
429176886,0.14320000,3667.00000000,770018964,770018973,1782868441340399,False,True
429176887,0.14320000,36.20000000,770018974,770018974,1782868441344165,False,True
429176888,0.14330000,12349.30000000,770018975,770018979,1782868444332989,False,True
429176889,0.14330000,741.70000000,770018980,770018980,1782868444333403,False,True
429176890,0.14330000,952.90000000,770018981,770018981,1782868444333435,False,True
429176891,0.14330000,7959.40000000,770018982,770018987,1782868444333588,False,True
429176892,0.14330000,2934.80000000,770018988,770018988,1782868444412818,True,True
429176893,0.14330000,2087.40000000,770018989,770018989,1782868444463351,True,True
429176894,0.14330000,82.80000000,770018990,770018990,1782868446228108,True,True
429176895,0.14330000,1356.60000000,770018991,770018996,1782868446609726,True,True
429176896,0.14320000,124.60000000,770018997,770018999,1782868447855471,True,True
429176897,0.14320000,167.20000000,770019000,770019004,1782868447855624,True,True
429176898,0.14310000,406.50000000,770019005,770019005,1782868447855624,True,True
429176899,0.14320000,94.00000000,770019006,770019008,1782868449102827,False,True
429176900,0.14310000,299.30000000,770019009,770019016,1782868449434208,True,True
429176901,0.14300000,55.90000000,770019017,770019017,1782868449763573,True,True
429176902,0.14310000,435.20000000,770019018,770019022,1782868449783408,False,True
429176903,0.14310000,69.90000000,770019023,770019024,1782868449835782,True,True
429176904,0.14310000,36.80000000,770019025,770019026,1782868450508470,True,True
429176905,0.14300000,896.10000000,770019027,770019036,1782868451490585,True,True
429176906,0.14300000,510.40000000,770019037,770019040,1782868452633410,False,True
429176907,0.14300000,35.00000000,770019041,770019041,1782868452958342,True,True
429176908,0.14300000,384.60000000,770019042,770019042,1782868453725218,False,True
429176909,0.14300000,52.50000000,770019043,770019044,1782868457930606,False,True
429176910,0.14300000,52.50000000,770019045,770019046,1782868457931824,False,True
429176911,0.14300000,118.20000000,770019047,770019048,1782868457932620,False,True
429176912,0.14300000,1765.80000000,770019049,770019049,1782868460786956,True,True
429176913,0.14310000,184.40000000,770019050,770019054,1782868460873055,False,True
429176914,0.14310000,3629.10000000,770019055,770019057,1782868461621491,True,True
429176915,0.14310000,3629.10000000,770019058,770019058,1782868462110699,True,True
429176916,0.14310000,35.00000000,770019059,770019059,1782868462198169,True,True
429176917,0.14310000,35.80000000,770019060,770019060,1782868462493165,False,True
429176918,0.14310000,334.30000000,770019061,770019062,1782868463928238,True,True
429176919,0.14300000,313.50000000,770019063,770019070,1782868465502938,True,True
429176920,0.14300000,654.00000000,770019071,770019074,1782868466194491,False,True
429176921,0.14310000,69.90000000,770019075,770019075,1782868466851482,False,True
429176922,0.14300000,728.10000000,770019076,770019076,1782868468637511,True,True
429176923,0.14300000,71.80000000,770019077,770019078,1782868468823706,True,True
429176924,0.14300000,1975.00000000,770019079,770019081,1782868471130066,False,True
429176925,0.14300000,172.20000000,770019082,770019082,1782868471828076,False,True
429176926,0.14290000,263.00000000,770019083,770019089,1782868473133528,True,True
429176927,0.14290000,798.10000000,770019090,770019094,1782868474083605,False,True
429176928,0.14290000,35.00000000,770019095,770019095,1782868476163583,True,True
429176929,0.14290000,338.00000000,770019096,770019096,1782868476516327,False,True
429176930,0.14290000,637.00000000,770019097,770019101,1782868478879470,False,True
429176931,0.14290000,109.60000000,770019102,770019104,1782868478908282,False,True
429176932,0.14290000,455.50000000,770019105,770019109,1782868484359542,True,True
429176933,0.14290000,132.80000000,770019110,770019112,1782868484876902,False,True
429176934,0.14280000,338.00000000,770019113,770019120,1782868486233344,True,True
429176935,0.14280000,4044.20000000,770019121,770019124,1782868487583136,False,True
429176936,0.14280000,54.70000000,770019125,770019126,1782868490521735,True,True
429176937,0.14290000,109.90000000,770019127,770019129,1782868491400337,False,True
429176938,0.14290000,3629.10000000,770019130,770019130,1782868491916617,True,True
429176939,0.14300000,1551.00000000,770019131,770019137,1782868492670408,False,True
429176940,0.14300000,110.30000000,770019138,770019140,1782868492683198,False,True
429176941,0.14310000,479.30000000,770019141,770019141,1782868494332346,False,True
429176942,0.14300000,368.90000000,770019142,770019144,1782868498778377,True,True
