40711144,0.00000494,15366000.00,59925976,59925976,1782864010821698,False,True
40711145,0.00000494,13856000.00,59925977,59925978,1782864010940055,False,True
40711146,0.00000494,10853282.00,59925979,59925979,1782864010943285,False,True
40711147,0.00000495,3002718.00,59925980,59925980,1782864010943285,False,True
40711148,0.00000495,13856000.00,59925981,59925981,1782864011069510,False,True
40711149,0.00000494,16560000.00,59925982,59925982,1782864060723342,False,True
40711150,0.00000494,16560000.00,59925983,59925984,1782864060896793,False,True
40711151,0.00000494,9685000.00,59925985,59925986,1782864061184948,False,True
40711152,0.00000494,5680000.00,59925987,59925988,1782864061419120,False,True
40711153,0.00000495,4005000.00,59925989,59925989,1782864061419120,False,True
40711154,0.00000493,20075282.00,59925990,59925990,1782864123366934,False,True
40711155,0.00000494,18679718.00,59925991,59925991,1782864123366934,False,True
40711156,0.00000494,38755000.00,59925992,59925994,1782864123389523,False,True
40711157,0.00000494,1359512.00,59925995,59925995,1782864175718933,False,True
40711158,0.00000494,8470000.00,59925996,59925996,1782864175947695,False,True
40711159,0.00000494,8470000.00,59925997,59925997,1782864176075773,False,True
40711160,0.00000494,5363000.00,59925998,59926000,1782864176184473,False,True
40711161,0.00000493,42797980.00,59926001,59926002,1782864179768175,True,True
40711162,0.00000494,2892000.00,59926003,59926003,1782864187947335,False,True
40711163,0.00000494,2892000.00,59926004,59926004,1782864188030660,False,True
40711164,0.00000494,3244000.00,59926005,59926005,1782864188636505,False,True
40711165,0.00000494,3244000.00,59926006,59926006,1782864188700966,False,True
40711166,0.00000494,25267938.00,59926007,59926012,1782864270890286,False,True
40711167,0.00000495,84732062.00,59926013,59926018,1782864270890286,False,True
40711168,0.00000496,90803997.00,59926019,59926021,1782864274467032,False,True
40711169,0.00000497,16458914.00,59926022,59926022,1782864275820520,False,True
40711170,0.00000497,3291782.00,59926023,59926023,1782864275823225,False,True
40711171,0.00000498,17114511.00,59926024,59926024,1782864279483206,False,True
40711172,0.00000497,20641282.00,59926025,59926027,1782864279485651,True,True
40711173,0.00000497,19753680.00,59926028,59926030,1782864279486453,True,True
40711174,0.00000499,16867206.00,59926031,59926031,1782864280024010,False,True
40711175,0.00000499,3373441.00,59926032,59926032,1782864280025405,False,True
40711176,0.00000498,7446890.00,59926033,59926033,1782864280077773,True,True
40711177,0.00000500,15466423.00,59926034,59926035,1782864280186542,False,True
40711178,0.00000499,2389843.00,59926036,59926036,1782864280192358,True,True
40711179,0.00000501,264540000.00,59926037,59926041,1782864280213997,False,True
40711180,0.00000501,14805621.00,59926042,59926042,1782864280216109,False,True
40711181,0.00000501,150000000.00,59926043,59926043,1782864280218104,False,True
40711182,0.00000501,33309555.00,59926044,59926044,1782864280220442,False,True
40711183,0.00000502,18548143.00,59926045,59926045,1782864280288212,False,True
40711184,0.00000501,4986039.00,59926046,59926046,1782864280303247,True,True
40711185,0.00000502,2606737.00,59926047,59926047,1782864280303263,False,True
40711186,0.00000503,13697000.00,59926048,59926048,1782864280340826,False,True
40711187,0.00000503,50628394.00,59926049,59926050,1782864280340864,False,True
40711188,0.00000502,21582630.00,59926051,59926051,1782864280343650,True,True
40711189,0.00000503,1990049.00,59926052,59926052,1782864280345788,True,True
40711190,0.00000503,1990049.00,59926053,59926053,1782864280346267,True,True
40711191,0.00000504,82000000.00,59926054,59926059,1782864280370849,False,True
40711192,0.00000504,16000000.00,59926060,59926060,1782864280380593,False,True
40711193,0.00000504,2778000.00,59926061,59926061,1782864280390908,True,True
40711194,0.00000503,19046398.00,59926062,59926062,1782864280390908,True,True
40711195,0.00000503,5496549.00,59926063,59926063,1782864280423619,True,True
40711196,0.00000505,15338715.00,59926064,59926065,1782864280463105,False,True
40711197,0.00000504,46626292.00,59926066,59926067,1782864280483713,True,True
40711198,0.00000504,11063794.00,59926068,59926068,1782864280488797,True,True
40711199,0.00000505,19876232.00,59926069,59926070,1782864280491440,False,True
40711200,0.00000504,19530057.00,59926071,59926075,1782864280528712,True,True
40711201,0.00000505,35000000.00,59926076,59926080,1782864280558557,False,True
40711202,0.00000504,1797047.00,59926081,59926081,1782864280566115,True,True
40711203,0.00000504,1783362.00,59926082,59926082,1782864280590582,False,True
40711204,0.00000503,3922624.00,59926083,59926083,1782864280637787,True,True
40711205,0.00000504,29184169.00,59926084,59926086,1782864280642680,False,True
40711206,0.00000504,10530984.00,59926087,59926087,1782864280653500,False,True
40711207,0.00000505,19273830.00,59926088,59926088,1782864280653500,False,True
40711208,0.00000504,61940965.00,59926089,59926092,1782864280802319,False,True
40711209,0.00000505,47059035.00,59926093,59926095,1782864280802319,False,True
40711210,0.00000505,2491000.00,59926096,59926098,1782864280804199,False,True
40711211,0.00000504,2777777.00,59926099,59926099,1782864280824568,True,True
40711212,0.00000503,14204411.00,59926100,59926101,1782864280824568,True,True
40711213,0.00000504,8928570.00,59926102,59926103,1782864280827454,True,True
40711214,0.00000504,3150000.00,59926104,59926104,1782864280916290,False,True
40711215,0.00000503,30000000.00,59926105,59926105,1782864281130778,True,True
40711216,0.00000502,1113320.00,59926106,59926106,1782864281386058,True,True
40711217,0.00000502,1945800.00,59926107,59926107,1782864281535043,False,True
40711218,0.00000501,26889613.00,59926108,59926108,1782864282423182,True,True
40711219,0.00000500,172383098.00,59926109,59926111,1782864282423182,True,True
40711220,0.00000501,3406000.00,59926112,59926112,1782864282583077,False,True
40711221,0.00000500,1014909.00,59926113,59926113,1782864282856296,True,True
40711222,0.00000500,2746265.00,59926114,59926114,1782864284607419,False,True
40711223,0.00000501,8937058.00,59926115,59926115,1782864284771611,False,True
40711224,0.00000501,9753000.00,59926116,59926117,1782864284950976,False,True
40711225,0.00000500,3255000.00,59926118,59926118,1782864286817950,False,True
40711226,0.00000500,2684000.00,59926119,59926119,1782864286947791,False,True
40711227,0.00000499,23468553.00,59926120,59926121,1782864289694921,True,True
40711228,0.00000499,1056957.00,59926122,59926122,1782864289696447,True,True
40711229,0.00000499,4008016.00,59926123,59926123,1782864293022612,True,True
40711230,0.00000497,4008016.00,59926124,59926124,1782864296843759,True,True
40711231,0.00000498,19473023.00,59926125,59926125,1782864297050833,False,True
40711232,0.00000498,26236259.00,59926126,59926129,1782864298203633,False,True
40711233,0.00000499,17551760.00,59926130,59926133,1782864298220484,False,True
40711234,0.00000496,1960544.00,59926134,59926134,1782864300926014,True,True
40711235,0.00000497,11424000.00,59926135,59926135,1782864301349706,False,True
40711236,0.00000497,1969560.00,59926136,59926136,1782864301351441,False,True
40711237,0.00000497,9657000.00,59926137,59926138,1782864301978393,False,True
40711238,0.00000497,9251026.00,59926139,59926139,1782864302025795,False,True
40711239,0.00000498,50974.00,59926140,59926140,1782864302025795,False,True
40711240,0.00000498,3862000.00,59926141,59926141,1782864302134791,False,True
40711241,0.00000497,10975000.00,59926142,59926142,1782864302561569,False,True
40711242,0.00000497,3090000.00,59926143,59926143,1782864304178224,False,True
40711243,0.00000497,3512000.00,59926144,59926144,1782864304338170,False,True
40711244,0.00000497,3512000.00,59926145,59926146,1782864304385535,False,True
40711245,0.00000496,5416000.00,59926147,59926147,1782864305965617,False,True
40711246,0.00000496,2864000.00,59926148,59926148,1782864306368010,False,True
40711247,0.00000496,11720000.00,59926149,59926149,1782864306443495,False,True
40711248,0.00000497,12936000.00,59926150,59926150,1782864306832502,False,True
40711249,0.00000497,8295000.00,59926151,59926151,1782864306900550,False,True
40711250,0.00000497,17864000.00,59926152,59926152,1782864306980452,False,True
40711251,0.00000497,18368000.00,59926153,59926155,1782864307938361,False,True
40711252,0.00000498,18368000.00,59926156,59926157,1782864307974082,False,True
40711253,0.00000497,17864000.00,59926158,59926158,1782864308072474,False,True
40711254,0.00000498,17588121.00,59926159,59926159,1782864309771290,False,True
40711255,0.00000496,9616989.00,59926160,59926160,1782864320217558,True,True
40711256,0.00000496,4000000.00,59926161,59926161,1782864322216001,False,True
40711257,0.00000496,6303000.00,59926162,59926163,1782864322591151,False,True
40711258,0.00000496,6303000.00,59926164,59926164,1782864322624248,False,True
40711259,0.00000496,22703260.00,59926165,59926166,1782864322625267,False,True
40711260,0.00000496,1787796.00,59926167,59926167,1782864330519312,True,True
40711261,0.00000496,3253000.00,59926168,59926168,1782864330886539,False,True
40711262,0.00000496,3253000.00,59926169,59926170,1782864331019383,False,True
40711263,0.00000496,3253000.00,59926171,59926172,1782864331133801,False,True
40711264,0.00000496,1787795.00,59926173,59926173,1782864331528458,False,True
40711265,0.00000496,2290947.00,59926174,59926174,1782864331943185,False,True
40711266,0.00000497,5236053.00,59926175,59926175,1782864331943185,False,True
40711267,0.00000497,11461000.00,59926176,59926176,1782864332098276,False,True
40711268,0.00000496,49030117.00,59926177,59926177,1782864340189561,True,True
40711269,0.00000496,8773420.00,59926178,59926178,1782864344771496,False,True
40711270,0.00000495,40896054.00,59926179,59926180,1782864352423761,True,True
40711271,0.00000494,40961737.00,59926181,59926183,1782864352423761,True,True
40711272,0.00000494,38480114.00,59926184,59926187,1782864352426835,True,True
40711273,0.00000494,1790451.00,59926188,59926188,1782864352458017,False,True
40711274,0.00000494,4876213.00,59926189,59926190,1782864352491779,False,True
40711275,0.00000493,1840904.00,59926191,59926192,1782864352529302,True,True
40711276,0.00000494,7446891.00,59926193,59926193,1782864353075908,False,True
40711277,0.00000494,52060268.00,59926194,59926195,1782864353076959,False,True
40711278,0.00000494,3021000.00,59926196,59926196,1782864353511337,False,True
40711279,0.00000494,6913000.00,59926197,59926197,1782864354629948,False,True
40711280,0.00000494,16503434.00,59926198,59926200,1782864357124970,False,True
40711281,0.00000494,4493509.00,59926201,59926202,1782864357127582,False,True
40711282,0.00000495,2144000.00,59926203,59926203,1782864357214326,False,True
40711283,0.00000495,8156000.00,59926204,59926204,1782864360590784,False,True
40711284,0.00000495,2663000.00,59926205,59926205,1782864366717469,False,True
40711285,0.00000495,3233000.00,59926206,59926206,1782864374005125,False,True
40711286,0.00000495,6853662.00,59926207,59926207,1782864374771527,False,True
40711287,0.00000495,7364000.00,59926208,59926209,1782864376628886,False,True
40711288,0.00000495,6303000.00,59926210,59926210,1782864378236234,False,True
40711289,0.00000495,6303000.00,59926211,59926211,1782864378987251,False,True
40711290,0.00000495,6303000.00,59926212,59926212,1782864380419790,False,True
40711291,0.00000495,6303000.00,59926213,59926213,1782864381436350,False,True
40711292,0.00000495,6303000.00,59926214,59926215,1782864382163036,False,True
40711293,0.00000495,6303000.00,59926216,59926216,1782864383345907,False,True
40711294,0.00000495,18287000.00,59926217,59926219,1782864384682490,False,True
40711295,0.00000495,5571393.00,59926220,59926220,1782864404771235,False,True
40711296,0.00000495,6455537.00,59926221,59926221,1782864429771386,False,True
40711297,0.00000495,9216412.00,59926222,59926223,1782864454771762,False,True
40711298,0.00000495,6438011.00,59926224,59926224,1782864459222804,False,True
40711299,0.00000495,1287602.00,59926225,59926225,1782864459223983,False,True
40711300,0.00000496,11130436.00,59926226,59926226,1782864464771429,False,True
40711301,0.00000496,50552904.00,59926227,59926229,1782864466692691,False,True
40711302,0.00000497,47084984.00,59926230,59926232,1782864466692968,False,True
40711303,0.00000497,15633555.00,59926233,59926233,1782864466697093,False,True
40711304,0.00000497,3126711.00,59926234,59926234,1782864466706432,False,True
40711305,0.00000498,6042296.00,59926235,59926235,1782864466707978,False,True
40711306,0.00000498,12479218.00,59926236,59926236,1782864466738547,False,True
40711307,0.00000498,5375000.00,59926237,59926237,1782864466745958,False,True
40711308,0.00000498,2135059.00,59926238,59926239,1782864466746166,False,True
40711309,0.00000499,49936147.00,59926240,59926240,1782864466818381,False,True
40711310,0.00000499,47220468.00,59926241,59926241,1782864466819156,False,True
40711311,0.00000499,88933336.00,59926242,59926243,1782864466819459,False,True
40711312,0.00000499,1780441.00,59926244,59926244,1782864466866647,False,True
40711313,0.00000499,1808731.00,59926245,59926245,1782864466902061,False,True
40711314,0.00000499,1809243.00,59926246,59926246,1782864466932371,False,True
40711315,0.00000499,1783236.00,59926247,59926247,1782864466973605,False,True
40711316,0.00000499,20049110.00,59926248,59926248,1782864466987988,False,True
40711317,0.00000500,26950890.00,59926249,59926250,1782864466987988,False,True
40711318,0.00000499,1789952.00,59926251,59926251,1782864467003544,False,True
40711319,0.00000499,2219870.00,59926252,59926252,1782864467005752,False,True
40711320,0.00000500,28780130.00,59926253,59926254,1782864467005752,False,True
40711321,0.00000500,40980829.00,59926255,59926257,1782864467046944,False,True
40711322,0.00000499,1820968.00,59926258,59926258,1782864467133535,True,True
40711323,0.00000498,5477781.00,59926259,59926259,1782864467133535,True,True
40711324,0.00000499,1795545.00,59926260,59926260,1782864467177490,True,True
40711325,0.00000499,14004613.00,59926261,59926261,1782864467212138,False,True
40711326,0.00000500,35995387.00,59926262,59926263,1782864467212138,False,True
40711327,0.00000498,48921003.00,59926264,59926266,1782864479179169,False,True
40711328,0.00000498,33247741.00,59926267,59926268,1782864479180285,False,True
40711329,0.00000498,60898907.00,59926269,59926272,1782864501482920,False,True
40711330,0.00000499,84101093.00,59926273,59926276,1782864501482920,False,True
40711331,0.00000498,10122618.00,59926277,59926277,1782864501485295,False,True
40711332,0.00000499,4374024.00,59926278,59926279,1782864504771634,False,True
40711333,0.00000499,8961073.00,59926280,59926280,1782864524771487,False,True
40711334,0.00000498,57895523.00,59926281,59926289,1782864524880518,True,True
40711335,0.00000497,128810330.00,59926290,59926293,1782864524880518,True,True
40711336,0.00000498,5678714.00,59926294,59926294,1782864542399731,False,True
40711337,0.00000497,16902000.00,59926295,59926300,1782864550918923,True,True
40711338,0.00000497,12264379.00,59926301,59926301,1782864551223874,False,True
40711339,0.00000497,8312071.00,59926302,59926304,1782864554771429,False,True
40711340,0.00000497,49835664.00,59926305,59926307,1782864558576322,False,True
40711341,0.00000497,7528708.00,59926308,59926308,1782864584771297,False,True
40711342,0.00000497,51664977.00,59926309,59926312,1782864597967339,False,True
40711343,0.00000497,10332994.00,59926313,59926313,1782864597970568,False,True
40711344,0.00000497,9211771.00,59926314,59926315,1782864614771567,False,True
40711345,0.00000496,61283235.00,59926316,59926321,1782864621821427,True,True
40711346,0.00000496,17022047.00,59926322,59926328,1782864621822503,True,True
40711347,0.00000495,14269756.00,59926329,59926332,1782864621933435,True,True
40711348,0.00000495,5383944.00,59926333,59926333,1782864644771375,False,True
40711349,0.00000495,18259556.00,59926334,59926335,1782864644772447,False,True
40711350,0.00000495,3651911.00,59926336,59926336,1782864644775438,False,True
40711351,0.00000495,8508000.00,59926337,59926338,1782864644914718,True,True
40711352,0.00000495,6267138.00,59926339,59926339,1782864669771216,False,True
40711353,0.00000494,143000000.00,59926340,59926353,1782864697017716,True,True
40711354,0.00000494,1077388.00,59926354,59926354,1782864697018982,True,True
40711355,0.00000493,90962077.00,59926355,59926361,1782864697025936,True,True
40711356,0.00000493,15478694.00,59926362,59926362,1782864697028522,False,True
40711357,0.00000493,11009427.00,59926363,59926364,1782864697028585,False,True
40711358,0.00000493,2201885.00,59926365,59926365,1782864697045236,False,True
40711359,0.00000492,6442844.00,59926366,59926366,1782864697224898,True,True
40711360,0.00000493,7446890.00,59926367,59926368,1782864697281966,False,True
40711361,0.00000491,151000000.00,59926369,59926371,1782864698721124,True,True
40711362,0.00000492,13580000.00,59926372,59926372,1782864698740542,False,True
40711363,0.00000492,31774403.00,59926373,59926374,1782864698922365,False,True
40711364,0.00000492,6354881.00,59926375,59926375,1782864698924508,False,True
40711365,0.00000492,1270976.00,59926376,59926376,1782864698927048,False,True
40711366,0.00000493,11503741.00,59926377,59926377,1782864704771274,False,True
40711367,0.00000493,44090000.00,59926378,59926380,1782864717201372,False,True
40711368,0.00000493,17099132.00,59926381,59926381,1782864717202595,False,True
40711369,0.00000493,48896000.00,59926382,59926388,1782864725759946,True,True
40711370,0.00000493,10243836.00,59926389,59926391,1782864739771781,False,True
40711371,0.00000493,6450309.00,59926392,59926392,1782864764771185,False,True
40711372,0.00000492,1828693.00,59926393,59926393,1782864794771337,False,True
40711373,0.00000493,4773065.00,59926394,59926394,1782864794771337,False,True
40711374,0.00000493,11055584.00,59926395,59926396,1782864812278627,False,True
40711375,0.00000493,2211116.00,59926397,59926397,1782864812280144,False,True
40711376,0.00000494,3086660.00,59926398,59926398,1782864824771223,False,True
40711377,0.00000494,5580083.00,59926399,59926399,1782864844771235,False,True
40711378,0.00000493,28708443.00,59926400,59926400,1782864854054283,True,True
40711379,0.00000492,160825255.00,59926401,59926415,1782864864363976,True,True
40711380,0.00000492,2846000.00,59926416,59926416,1782864864686925,True,True
40711381,0.00000492,6505000.00,59926417,59926418,1782864864689046,True,True
40711382,0.00000492,4247604.00,59926419,59926419,1782864874771200,False,True
40711383,0.00000492,3386113.00,59926420,59926420,1782864884771158,False,True
40711384,0.00000492,4549712.00,59926421,59926422,1782864904771264,False,True
40711385,0.00000492,2445112.00,59926423,59926424,1782864910836574,False,True
40711386,0.00000493,3699351.00,59926425,59926425,1782864929771226,False,True
40711387,0.00000493,3797037.00,59926426,59926426,1782864944771416,False,True
40711388,0.00000492,31994055.00,59926427,59926428,1782864948740808,True,True
40711389,0.00000492,4363999.00,59926429,59926429,1782864979771186,False,True
40711390,0.00000492,6278426.00,59926430,59926430,1782864980411787,False,True
40711391,0.00000493,5502595.00,59926431,59926431,1782865004771421,False,True
40711392,0.00000492,8578000.00,59926432,59926434,1782865007233544,True,True
40711393,0.00000492,17238993.00,59926435,59926435,1782865071318518,False,True
40711394,0.00000492,3447798.00,59926436,59926436,1782865085818754,False,True
40711395,0.00000492,21399176.00,59926437,59926438,1782865145823778,True,True
40711396,0.00000491,76874435.00,59926439,59926439,1782865173705947,True,True
40711397,0.00000490,220450000.00,59926440,59926446,1782865173730205,True,True
40711398,0.00000490,34379475.00,59926447,59926450,1782865173735732,True,True
40711399,0.00000490,1652643.00,59926451,59926451,1782865173738731,True,True
40711400,0.00000490,7876522.00,59926452,59926452,1782865174056422,False,True
40711401,0.00000491,1734254.00,59926453,59926453,1782865204207639,False,True
40711402,0.00000490,91992214.00,59926454,59926456,1782865312733699,True,True
40711403,0.00000489,28294410.00,59926457,59926460,1782865312733699,True,True
40711404,0.00000490,30000000.00,59926461,59926461,1782865319662133,False,True
40711405,0.00000491,73095656.00,59926462,59926465,1782865324956733,False,True
40711406,0.00000491,2652537.00,59926466,59926466,1782865341935624,False,True
40711407,0.00000491,2605419.00,59926467,59926467,1782865568967776,False,True
40711408,0.00000489,150000000.00,59926468,59926471,1782865597543231,True,True
40711409,0.00000489,107798761.00,59926472,59926473,1782865599062584,True,True
40711410,0.00000489,5000000.00,59926474,59926474,1782865841517604,True,True
40711411,0.00000490,64366530.00,59926475,59926478,1782865852785850,False,True
40711412,0.00000491,10220000.00,59926479,59926479,1782865852786661,False,True
40711413,0.00000491,10220000.00,59926480,59926481,1782865852786665,False,True
40711414,0.00000490,6132000.00,59926482,59926482,1782865852788131,False,True
40711415,0.00000490,12432121.00,59926483,59926483,1782865852788805,False,True
40711416,0.00000490,2486424.00,59926484,59926484,1782865852790101,False,True
40711417,0.00000491,88180000.00,59926485,59926487,1782865866278926,False,True
40711418,0.00000491,24267756.00,59926488,59926489,1782865866279235,False,True
40711419,0.00000491,1993569.00,59926490,59926490,1782865886384770,True,True
40711420,0.00000491,2014098.00,59926491,59926491,1782865886384950,True,True
40711421,0.00000490,150000000.00,59926492,59926492,1782865990065318,True,True
40711422,0.00000490,104992295.00,59926493,59926500,1782865990121291,True,True
40711423,0.00000490,9467809.00,59926501,59926503,1782865990124272,True,True
40711424,0.00000490,17181735.00,59926504,59926504,1782865990224360,False,True
40711425,0.00000491,1428874.00,59926505,59926505,1782866216219084,False,True
40711426,0.00000490,1812558.00,59926506,59926506,1782866216219640,True,True
40711427,0.00000490,9445456.00,59926507,59926507,1782866246777274,True,True
40711428,0.00000490,2444161.00,59926508,59926508,1782866338618939,True,True
40711429,0.00000491,6389453.00,59926509,59926509,1782866364896173,False,True
40711430,0.00000490,16095800.00,59926510,59926510,1782866400664965,False,True
40711431,0.00000489,3673381.00,59926511,59926511,1782866532821859,True,True
40711432,0.00000489,5076218.00,59926512,59926512,1782866547712943,True,True
40711433,0.00000491,17683000.00,59926513,59926513,1782866765236273,False,True
40711434,0.00000491,10199000.00,59926514,59926514,1782866765262773,False,True
40711435,0.00000491,17950000.00,59926515,59926515,1782866765262985,False,True
40711436,0.00000491,1039000.00,59926516,59926516,1782866765263663,False,True
40711437,0.00000491,3990000.00,59926517,59926517,1782866765263728,False,True
40711438,0.00000491,16911000.00,59926518,59926518,1782866765265131,False,True
40711439,0.00000491,8287000.00,59926519,59926519,1782866765265562,False,True
40711440,0.00000491,10199000.00,59926520,59926520,1782866765266622,False,True
40711441,0.00000491,17950000.00,59926521,59926521,1782866765266674,False,True
40711442,0.00000491,62479435.00,59926522,59926523,1782866765266729,False,True
40711443,0.00000492,9269000.00,59926524,59926524,1782866765266853,False,True
40711444,0.00000492,10199000.00,59926525,59926525,1782866765266988,False,True
40711445,0.00000491,5673000.00,59926526,59926526,1782866765268262,False,True
40711446,0.00000491,8681000.00,59926527,59926527,1782866765268300,False,True
40711447,0.00000491,2038735.00,59926528,59926528,1782866765268758,False,True
40711448,0.00000491,3625137.00,59926529,59926530,1782866765270770,False,True
40711449,0.00000492,14320863.00,59926531,59926532,1782866765270770,False,True
40711450,0.00000492,5299000.00,59926533,59926533,1782866765270999,False,True
40711451,0.00000492,17946000.00,59926534,59926534,1782866765271014,False,True
40711452,0.00000492,1039000.00,59926535,59926535,1782866765271036,False,True
40711453,0.00000492,17946000.00,59926536,59926537,1782866765271109,False,True
40711454,0.00000492,17946000.00,59926538,59926539,1782866765272096,False,True
40711455,0.00000492,9158000.00,59926540,59926540,1782866765272592,False,True
40711456,0.00000491,50075282.00,59926541,59926542,1782866786630125,True,True
40711457,0.00000491,3245436.00,59926543,59926543,1782866864281981,False,True
40711458,0.00000491,14264000.00,59926544,59926545,1782867156462346,False,True
40711459,0.00000491,1355000.00,59926546,59926546,1782867159027893,False,True
40711460,0.00000491,1465000.00,59926547,59926547,1782867162161504,False,True
40711461,0.00000491,17084000.00,59926548,59926548,1782867162161592,False,True
40711462,0.00000491,5111000.00,59926549,59926550,1782867162161594,False,True
40711463,0.00000491,6955000.00,59926551,59926551,1782867162163878,False,True
40711464,0.00000491,11973000.00,59926552,59926552,1782867162164027,False,True
40711465,0.00000491,10129000.00,59926553,59926553,1782867162164297,False,True
40711466,0.00000491,27319000.00,59926554,59926555,1782867164006271,False,True
40711467,0.00000491,3841000.00,59926556,59926556,1782867164006404,False,True
40711468,0.00000491,30960000.00,59926557,59926558,1782867164006952,False,True
40711469,0.00000491,27319000.00,59926559,59926560,1782867164007157,False,True
40711470,0.00000491,160058170.00,59926561,59926562,1782867164008518,False,True
40711471,0.00000491,23478000.00,59926563,59926563,1782867164010433,False,True
40711472,0.00000491,2038735.00,59926564,59926564,1782867164011352,False,True
40711473,0.00000491,1219000.00,59926565,59926566,1782867164036105,False,True
40711474,0.00000491,18928000.00,59926567,59926568,1782867164036582,False,True
40711475,0.00000491,23544000.00,59926569,59926569,1782867164596567,False,True
40711476,0.00000491,3971569.00,59926570,59926570,1782867164596810,False,True
40711477,0.00000492,19572431.00,59926571,59926572,1782867164596810,False,True
40711478,0.00000491,5503114.00,59926573,59926573,1782867164690608,False,True
40711479,0.00000491,1100622.00,59926574,59926574,1782867164693399,False,True
40711480,0.00000492,4035378.00,59926575,59926575,1782867164693399,False,True
40711481,0.00000492,1101000.00,59926576,59926576,1782867164695594,False,True
40711482,0.00000491,4073319.00,59926577,59926577,1782867211658554,True,True
40711483,0.00000491,2216111.00,59926578,59926578,1782867250793468,False,True
40711484,0.00000491,3970000.00,59926579,59926580,1782867342907101,False,True
40711485,0.00000491,3970000.00,59926581,59926581,1782867343286383,False,True
40711486,0.00000491,5738000.00,59926582,59926582,1782867344283128,False,True
40711487,0.00000491,10115109.00,59926583,59926583,1782867347980222,False,True
40711488,0.00000492,13467891.00,59926584,59926584,1782867347980222,False,True
40711489,0.00000491,2023021.00,59926585,59926585,1782867364201475,False,True
40711490,0.00000492,16944979.00,59926586,59926586,1782867364201475,False,True
40711491,0.00000492,1303212.00,59926587,59926587,1782867532521210,False,True
40711492,0.00000490,27752750.00,59926588,59926590,1782867567620365,True,True
40711493,0.00000491,2341000.00,59926591,59926591,1782867675240177,False,True
40711494,0.00000491,2341000.00,59926592,59926592,1782867675240268,False,True
40711495,0.00000491,2341000.00,59926593,59926593,1782867675240279,False,True
40711496,0.00000491,2341000.00,59926594,59926595,1782867675240337,False,True
40711497,0.00000491,1168000.00,59926596,59926596,1782867675244566,False,True
40711498,0.00000491,1168000.00,59926597,59926597,1782867675245220,False,True
40711499,0.00000491,1168000.00,59926598,59926598,1782867675245401,False,True
40711500,0.00000491,1168000.00,59926599,59926599,1782867675245463,False,True
40711501,0.00000491,1021000.00,59926600,59926600,1782867675248396,False,True
40711502,0.00000491,3624285.00,59926601,59926601,1782867675340528,False,True
40711503,0.00000491,32335765.00,59926602,59926603,1782867675690581,True,True
40711504,0.00000491,38416932.00,59926604,59926605,1782867679567469,True,True
40711505,0.00000492,20855000.00,59926606,59926607,1782867692517972,False,True
40711506,0.00000491,57935967.00,59926608,59926610,1782867692672299,True,True
40711507,0.00000491,9789039.00,59926611,59926612,1782868023753736,True,True
40711508,0.00000491,3602000.00,59926613,59926613,1782868027380055,False,True
40711509,0.00000491,3602000.00,59926614,59926614,1782868027513902,False,True
40711510,0.00000490,176794544.00,59926615,59926622,1782868130502936,True,True
40711511,0.00000490,3471000.00,59926623,59926623,1782868151563774,False,True
40711512,0.00000489,8927000.00,59926624,59926624,1782868239556272,False,True
40711513,0.00000488,3086722.00,59926625,59926626,1782868260701088,False,True
40711514,0.00000488,4820248.00,59926627,59926627,1782868260754789,False,True
40711515,0.00000488,15732441.00,59926628,59926628,1782868260756177,False,True
40711516,0.00000487,79415989.00,59926629,59926629,1782868365114144,True,True
40711517,0.00000487,176360000.00,59926630,59926632,1782868365241229,True,True
40711518,0.00000487,61559892.00,59926633,59926633,1782868365244422,True,True
40711519,0.00000487,49079926.00,59926634,59926634,1782868365331926,True,True
40711520,0.00000487,2038266.00,59926635,59926635,1782868365610603,True,True
40711521,0.00000486,79000000.00,59926636,59926638,1782868365727510,True,True
40711522,0.00000487,2243518.00,59926639,59926640,1782868367287468,False,True
40711523,0.00000485,1146339.00,59926641,59926642,1782868373002271,True,True
40711524,0.00000485,124939080.00,59926643,59926648,1782868373067190,True,True
40711525,0.00000484,77986668.00,59926649,59926650,1782868378780958,True,True
40711526,0.00000484,6691761.00,59926651,59926651,1782868380371405,False,True
40711527,0.00000484,65470532.00,59926652,59926658,1782868380372950,False,True
40711528,0.00000484,13094107.00,59926659,59926659,1782868380374447,False,True
40711529,0.00000483,1255144.00,59926660,59926661,1782868385210445,True,True
40711530,0.00000484,23237640.00,59926662,59926662,1782868386052655,False,True
40711531,0.00000484,60829763.00,59926663,59926669,1782868388893627,False,True
40711532,0.00000484,13455221.00,59926670,59926670,1782868388898966,False,True
40711533,0.00000484,2691044.00,59926671,59926671,1782868388901693,False,True
40711534,0.00000484,1808592.00,59926672,59926672,1782868388920452,False,True
40711535,0.00000484,1802527.00,59926673,59926673,1782868388950137,False,True
40711536,0.00000483,42114065.00,59926674,59926674,1782868394281102,True,True
40711537,0.00000483,9188674.00,59926675,59926675,1782868413294767,False,True
40711538,0.00000483,1837734.00,59926676,59926676,1782868413297895,False,True
40711539,0.00000482,34914905.00,59926677,59926680,1782868419624336,True,True
40711540,0.00000483,10116001.00,59926681,59926681,1782868419679915,False,True
40711541,0.00000483,10567000.00,59926682,59926682,1782868426724212,False,True
40711542,0.00000483,32885000.00,59926683,59926685,1782868427779278,False,True
40711543,0.00000483,32884000.00,59926686,59926686,1782868427779758,False,True
40711544,0.00000483,32885000.00,59926687,59926687,1782868427779885,False,True
40711545,0.00000483,72529072.00,59926688,59926689,1782868427781365,False,True
40711546,0.00000483,32774550.00,59926690,59926690,1782868427782997,False,True
40711547,0.00000484,111450.00,59926691,59926691,1782868427782997,False,True
40711548,0.00000484,32886000.00,59926692,59926693,1782868427783728,False,True
40711549,0.00000484,20528000.00,59926694,59926696,1782868427784195,False,True
40711550,0.00000483,6554910.00,59926697,59926697,1782868427784762,False,True
40711551,0.00000483,97000000.00,59926698,59926703,1782868432452773,True,True
40711552,0.00000484,5852000.00,59926704,59926705,1782868435038946,False,True
40711553,0.00000484,5852000.00,59926706,59926706,1782868435039050,False,True
40711554,0.00000484,5852000.00,59926707,59926708,1782868435039963,False,True
40711555,0.00000484,3751430.00,59926709,59926709,1782868435040121,False,True
40711556,0.00000485,2100570.00,59926710,59926710,1782868435040121,False,True
40711557,0.00000485,2257000.00,59926711,59926711,1782868435177692,False,True
40711558,0.00000485,2257000.00,59926712,59926712,1782868435180760,False,True
40711559,0.00000485,8062000.00,59926713,59926713,1782868441431859,False,True
40711560,0.00000485,39752000.00,59926714,59926714,1782868441431907,False,True
40711561,0.00000485,47814000.00,59926715,59926715,1782868441431980,False,True
40711562,0.00000485,47814000.00,59926716,59926716,1782868441431985,False,True
40711563,0.00000485,47815000.00,59926717,59926718,1782868441432408,False,True
40711564,0.00000485,190448185.00,59926719,59926720,1782868441433826,False,True
40711565,0.00000485,58166165.00,59926721,59926721,1782868441439750,False,True
40711566,0.00000485,58166165.00,59926722,59926722,1782868441439927,False,True
40711567,0.00000485,1051000.00,59926723,59926723,1782868441460778,False,True
40711568,0.00000485,8949000.00,59926724,59926724,1782868441461010,False,True
40711569,0.00000485,1495000.00,59926725,59926725,1782868441461251,False,True
40711570,0.00000485,22562000.00,59926726,59926727,1782868441461604,False,True
40711571,0.00000485,22566000.00,59926728,59926728,1782868441461663,False,True
40711572,0.00000485,22567000.00,59926729,59926729,1782868441461689,False,True
40711573,0.00000485,22567000.00,59926730,59926730,1782868441461750,False,True
40711574,0.00000485,1051000.00,59926731,59926731,1782868441461871,False,True
40711575,0.00000485,77192000.00,59926732,59926732,1782868441462616,False,True
40711576,0.00000485,22566000.00,59926733,59926733,1782868441462864,False,True
40711577,0.00000485,1051000.00,59926734,59926734,1782868441463001,False,True
40711578,0.00000485,22557000.00,59926735,59926736,1782868441465306,False,True
40711579,0.00000485,1525000.00,59926737,59926737,1782868441473945,False,True
40711580,0.00000485,14667000.00,59926738,59926739,1782868441474423,False,True
40711581,0.00000485,1526000.00,59926740,59926740,1782868441474451,False,True
40711582,0.00000485,10205159.00,59926741,59926741,1782868441475568,False,True
40711583,0.00000486,4461841.00,59926742,59926742,1782868441475568,False,True
40711584,0.00000486,14667000.00,59926743,59926743,1782868441480283,False,True
40711585,0.00000485,4123711.00,59926744,59926744,1782868449455485,True,True
40711586,0.00000485,6507892.00,59926745,59926746,1782868463979367,False,True
40711587,0.00000484,11572000.00,59926747,59926750,1782868486332558,True,True
40711588,0.00000483,127000000.00,59926751,59926753,1782868488730049,True,True
40711589,0.00000483,64561103.00,59926754,59926756,1782868488752502,True,True
40711590,0.00000483,4740360.00,59926757,59926757,1782868488754852,False,True
40711591,0.00000483,22687500.00,59926758,59926758,1782868488755257,False,True
40711592,0.00000483,2158000.00,59926759,59926759,1782868492486678,False,True
40711593,0.00000483,2157000.00,59926760,59926760,1782868492486708,False,True
40711594,0.00000483,2158000.00,59926761,59926761,1782868492486740,False,True
40711595,0.00000483,2158000.00,59926762,59926762,1782868492486794,False,True
40711596,0.00000483,2072538.00,59926763,59926763,1782868492489109,False,True
40711597,0.00000483,1077000.00,59926764,59926764,1782868492490157,False,True
40711598,0.00000483,1077000.00,59926765,59926765,1782868492490216,False,True
40711599,0.00000483,1076000.00,59926766,59926766,1782868492490239,False,True
40711600,0.00000483,1077000.00,59926767,59926767,1782868492490372,False,True
40711601,0.00000483,2207013.00,59926768,59926768,1782868492492626,False,True
40711602,0.00000484,2158000.00,59926769,59926769,1782868492493114,False,True
40711603,0.00000484,2158000.00,59926770,59926770,1782868492495630,False,True
40711604,0.00000484,1898000.00,59926771,59926771,1782868501425286,False,True
40711605,0.00000484,1898000.00,59926772,59926772,1782868501425300,False,True
40711606,0.00000484,1898000.00,59926773,59926773,1782868501425674,False,True
40711607,0.00000484,1898000.00,59926774,59926774,1782868501426155,False,True
40711608,0.00000484,1898000.00,59926775,59926775,1782868501426252,False,True
40711609,0.00000484,1898000.00,59926776,59926776,1782868501426255,False,True
40711610,0.00000484,1898000.00,59926777,59926777,1782868501426421,False,True
40711611,0.00000484,1863823.00,59926778,59926778,1782868503141288,False,True
40711612,0.00000485,11977270.00,59926779,59926779,1782868510621136,False,True
40711613,0.00000486,1501000.00,59926780,59926780,1782868510621451,False,True
40711614,0.00000486,1501000.00,59926781,59926781,1782868510622831,False,True
40711615,0.00000486,12056000.00,59926782,59926782,1782868511084296,False,True
40711616,0.00000486,15176000.00,59926783,59926783,1782868511084855,False,True
40711617,0.00000486,3120000.00,59926784,59926784,1782868511084999,False,True
40711618,0.00000486,15176000.00,59926785,59926786,1782868511085149,False,True
40711619,0.00000486,15173000.00,59926787,59926787,1782868511117766,False,True
40711620,0.00000486,15173000.00,59926788,59926788,1782868511119943,False,True
40711621,0.00000486,15173000.00,59926789,59926790,1782868511120297,False,True
40711622,0.00000486,3619000.00,59926791,59926791,1782868511297401,False,True
40711623,0.00000486,3619000.00,59926792,59926792,1782868511339444,False,True
40711624,0.00000485,11548000.00,59926793,59926796,1782868516087080,True,True
40711625,0.00000484,126452000.00,59926797,59926801,1782868516087080,True,True
40711626,0.00000485,5276000.00,59926802,59926802,1782868520690648,False,True
40711627,0.00000485,2859935.00,59926803,59926803,1782868520690669,False,True
40711628,0.00000485,1627187.00,59926804,59926804,1782868520691905,False,True
40711629,0.00000485,42538311.00,59926805,59926806,1782868537107930,True,True
40711630,0.00000485,13310971.00,59926807,59926809,1782868537109476,True,True
40711631,0.00000485,14016000.00,59926810,59926810,1782868537184574,False,True
40711632,0.00000485,5007115.00,59926811,59926811,1782868537184679,False,True
40711633,0.00000485,3804623.00,59926812,59926812,1782868537185955,False,True
40711634,0.00000486,5568000.00,59926813,59926813,1782868547975988,False,True
40711635,0.00000486,5568000.00,59926814,59926814,1782868547976026,False,True
40711636,0.00000486,1316373.00,59926815,59926815,1782868547976286,False,True
40711637,0.00000487,4251627.00,59926816,59926816,1782868547976286,False,True
40711638,0.00000487,2319000.00,59926817,59926817,1782868547976292,False,True
40711639,0.00000487,5567000.00,59926818,59926818,1782868547976407,False,True
40711640,0.00000487,5568000.00,59926819,59926819,1782868547976503,False,True
40711641,0.00000484,1511000.00,59926820,59926820,1782868630689656,False,True
40711642,0.00000484,1511000.00,59926821,59926821,1782868630689753,False,True
40711643,0.00000484,1511000.00,59926822,59926822,1782868630689765,False,True
40711644,0.00000484,1511000.00,59926823,59926824,1782868630689786,False,True
40711645,0.00000484,1511000.00,59926825,59926825,1782868630689913,False,True
40711646,0.00000484,1511000.00,59926826,59926826,1782868630689994,False,True
40711647,0.00000484,1511000.00,59926827,59926827,1782868630690008,False,True
40711648,0.00000484,1483136.00,59926828,59926828,1782868630691053,False,True
40711649,0.00000483,102789211.00,59926829,59926845,1782868673131147,True,True
40711650,0.00000482,15210789.00,59926846,59926846,1782868673131147,True,True
40711651,0.00000484,1639000.00,59926847,59926847,1782868673139729,False,True
40711652,0.00000484,6184000.00,59926848,59926848,1782868673140020,False,True
40711653,0.00000484,6184000.00,59926849,59926849,1782868673140028,False,True
40711654,0.00000483,10660000.00,59926850,59926850,1782868673159766,False,True
40711655,0.00000483,96367000.00,59926851,59926851,1782868673160847,False,True
40711656,0.00000483,72973000.00,59926852,59926853,1782868673161008,False,True
40711657,0.00000484,1054000.00,59926854,59926854,1782868673163169,False,True
40711658,0.00000484,1090000.00,59926855,59926855,1782868673163174,False,True
40711659,0.00000484,1090000.00,59926856,59926856,1782868673163406,False,True
40711660,0.00000484,1090000.00,59926857,59926857,1782868673163481,False,True
40711661,0.00000484,1055000.00,59926858,59926858,1782868673163486,False,True
40711662,0.00000484,5318000.00,59926859,59926859,1782868673163547,False,True
40711663,0.00000484,5155000.00,59926860,59926860,1782868673163649,False,True
40711664,0.00000484,1055000.00,59926861,59926861,1782868673163769,False,True
40711665,0.00000484,5318000.00,59926862,59926862,1782868673163794,False,True
40711666,0.00000484,1054000.00,59926863,59926863,1782868673163797,False,True
40711667,0.00000484,5155000.00,59926864,59926864,1782868673163860,False,True
40711668,0.00000484,1056000.00,59926865,59926865,1782868673163888,False,True
40711669,0.00000483,30000000.00,59926866,59926866,1782868673339479,False,True
40711670,0.00000484,66000000.00,59926867,59926871,1782868673339479,False,True
40711671,0.00000483,6000000.00,59926872,59926872,1782868673342138,False,True
40711672,0.00000484,2174000.00,59926873,59926874,1782868673344991,False,True
40711673,0.00000484,16616000.00,59926875,59926876,1782868673345083,False,True
40711674,0.00000484,37542000.00,59926877,59926879,1782868673385533,False,True
40711675,0.00000484,3505000.00,59926880,59926880,1782868686735073,False,True
40711676,0.00000483,137000000.00,59926881,59926893,1782868692434351,True,True
40711677,0.00000483,2899000.00,59926894,59926894,1782868692436578,True,True
40711678,0.00000484,9225000.00,59926895,59926895,1782868696878619,False,True
40711679,0.00000484,9225000.00,59926896,59926896,1782868697128930,False,True
40711680,0.00000484,2365000.00,59926897,59926897,1782868701085005,False,True
40711681,0.00000484,2365000.00,59926898,59926898,1782868701100640,False,True
40711682,0.00000484,2358000.00,59926899,59926899,1782868702116354,False,True
40711683,0.00000484,2358000.00,59926900,59926900,1782868702912085,False,True
40711684,0.00000484,2430000.00,59926901,59926901,1782868707872123,False,True
40711685,0.00000484,6911970.00,59926902,59926902,1782868730213879,False,True
40711686,0.00000484,1382393.00,59926903,59926903,1782868731270687,False,True
40711687,0.00000485,607.00,59926904,59926904,1782868731270687,False,True
40711688,0.00000485,1383000.00,59926905,59926905,1782868731270743,False,True
40711689,0.00000485,1383000.00,59926906,59926906,1782868731270748,False,True
40711690,0.00000485,1383000.00,59926907,59926907,1782868731270968,False,True
40711691,0.00000485,5189000.00,59926908,59926908,1782868764433095,False,True
40711692,0.00000485,5189000.00,59926909,59926909,1782868764433141,False,True
40711693,0.00000485,5189000.00,59926910,59926910,1782868764433230,False,True
40711694,0.00000485,5189000.00,59926911,59926911,1782868764433289,False,True
40711695,0.00000485,5189000.00,59926912,59926912,1782868764433302,False,True
40711696,0.00000485,10367000.00,59926913,59926914,1782868764458386,False,True
40711697,0.00000485,2973255.00,59926915,59926915,1782868764460206,False,True
40711698,0.00000485,114644982.00,59926916,59926929,1782868790430936,True,True
40711699,0.00000484,35355018.00,59926930,59926936,1782868790430936,True,True
40711700,0.00000485,99286000.00,59926937,59926942,1782868790439973,True,True
40711701,0.00000485,19569000.00,59926943,59926945,1782868790454348,False,True
40711702,0.00000485,19569000.00,59926946,59926946,1782868790454551,False,True
40711703,0.00000485,19569000.00,59926947,59926947,1782868790454573,False,True
40711704,0.00000485,23353000.00,59926948,59926948,1782868790455001,False,True
40711705,0.00000485,23353000.00,59926949,59926949,1782868790456074,False,True
40711706,0.00000485,69013585.00,59926950,59926951,1782868790456650,False,True
40711707,0.00000485,12001000.00,59926952,59926952,1782868790458349,False,True
40711708,0.00000485,19091000.00,59926953,59926954,1782868790470451,False,True
40711709,0.00000485,19091000.00,59926955,59926956,1782868790470725,False,True
40711710,0.00000485,22548000.00,59926957,59926957,1782868790470883,False,True
40711711,0.00000485,15999000.00,59926958,59926958,1782868790470970,False,True
40711712,0.00000485,19091000.00,59926959,59926959,1782868790471534,False,True
40711713,0.00000485,22548000.00,59926960,59926960,1782868790472061,False,True
40711714,0.00000485,61632000.00,59926961,59926961,1782868790472161,False,True
40711715,0.00000485,7721000.00,59926962,59926962,1782868790476636,False,True
40711716,0.00000485,12933199.00,59926963,59926963,1782868790477950,False,True
40711717,0.00000485,2586639.00,59926964,59926964,1782868790480459,False,True
40711718,0.00000486,1361.00,59926965,59926965,1782868790480459,False,True
40711719,0.00000486,66000000.00,59926966,59926970,1782868790484588,False,True
40711720,0.00000486,43000000.00,59926971,59926974,1782868790625229,False,True
40711721,0.00000486,53000000.00,59926975,59926978,1782868790630442,False,True
40711722,0.00000486,2055498.00,59926979,59926979,1782868797864842,True,True
40711723,0.00000486,2363123.00,59926980,59926980,1782868839505972,False,True
40711724,0.00000487,2845974.00,59926981,59926981,1782868951143107,False,True
40711725,0.00000488,2038735.00,59926982,59926982,1782868976266759,True,True
40711726,0.00000488,1973746.00,59926983,59926983,1782869313143372,False,True
40711727,0.00000488,11543493.00,59926984,59926984,1782869471316639,True,True
40711728,0.00000488,5803846.00,59926985,59926986,1782869655237409,True,True
40711729,0.00000488,20000000.00,59926987,59926987,1782869742627720,False,True
40711730,0.00000489,84571000.00,59926988,59926988,1782869926347179,False,True
40711731,0.00000489,44397800.00,59926989,59926990,1782869927713327,False,True
40711732,0.00000490,18833200.00,59926991,59926991,1782869927713327,False,True
40711733,0.00000490,13493000.00,59926992,59926993,1782869927713476,False,True
40711734,0.00000490,57229000.00,59926994,59926995,1782869927714663,False,True
40711735,0.00000490,63231000.00,59926996,59926996,1782869927714702,False,True
40711736,0.00000490,49738000.00,59926997,59926998,1782869927714952,False,True
40711737,0.00000490,63231000.00,59926999,59927002,1782869927715110,False,True
40711738,0.00000490,6002000.00,59927003,59927003,1782869927715200,False,True
40711739,0.00000491,20000000.00,59927004,59927005,1782869927937743,False,True
40711740,0.00000490,2467000.00,59927006,59927006,1782869928347510,False,True
40711741,0.00000490,2506000.00,59927007,59927007,1782869935744307,False,True
40711742,0.00000490,2506000.00,59927008,59927008,1782869935744536,False,True
40711743,0.00000490,2506000.00,59927009,59927009,1782869935745007,False,True
40711744,0.00000490,10015000.00,59927010,59927010,1782869935747042,False,True
40711745,0.00000491,2506000.00,59927011,59927011,1782869935754635,False,True
40711746,0.00000491,1255000.00,59927012,59927012,1782869935769262,False,True
40711747,0.00000491,20000000.00,59927013,59927013,1782869947281732,False,True
40711748,0.00000492,25707000.00,59927014,59927014,1782869947281732,False,True
40711749,0.00000491,20000000.00,59927015,59927015,1782869947623227,False,True
40711750,0.00000492,31898000.00,59927016,59927016,1782869949262978,False,True
40711751,0.00000492,46653496.00,59927017,59927018,1782869969449229,False,True
40711752,0.00000493,1632000.00,59927019,59927019,1782869969461232,False,True
40711753,0.00000492,30000000.00,59927020,59927020,1782869971008985,True,True
40711754,0.00000492,20000000.00,59927021,59927021,1782870067972979,False,True
40711755,0.00000493,1764000.00,59927022,59927022,1782870068986705,False,True
40711756,0.00000493,18236000.00,59927023,59927023,1782870068988113,False,True
40711757,0.00000494,2506000.00,59927024,59927024,1782870068992906,False,True
40711758,0.00000494,2506000.00,59927025,59927025,1782870068993158,False,True
40711759,0.00000494,49862312.00,59927026,59927027,1782870069108542,False,True
40711760,0.00000494,49862312.00,59927028,59927029,1782870069135207,False,True
40711761,0.00000494,49862312.00,59927030,59927030,1782870069137287,False,True
40711762,0.00000493,2030456.00,59927031,59927031,1782870317772810,False,True
40711763,0.00000493,2013892.00,59927032,59927032,1782870317776313,False,True
40711764,0.00000492,384797541.00,59927033,59927039,1782870317924114,True,True
40711765,0.00000492,7169047.00,59927040,59927040,1782870317926964,True,True
40711766,0.00000492,1780392.00,59927041,59927041,1782870317961101,False,True
40711767,0.00000492,47869119.00,59927042,59927042,1782870413096110,True,True
40711768,0.00000491,1031650.00,59927043,59927043,1782870437527167,True,True
40711769,0.00000491,203700305.00,59927044,59927046,1782870452063000,True,True
40711770,0.00000491,3734000.00,59927047,59927047,1782870484205509,False,True
40711771,0.00000491,3734000.00,59927048,59927048,1782870484310817,False,True
40711772,0.00000491,5729000.00,59927049,59927049,1782870485210440,False,True
40711773,0.00000491,3734000.00,59927050,59927050,1782870485287268,False,True
40711774,0.00000491,3734000.00,59927051,59927051,1782870495331832,False,True
40711775,0.00000491,3734000.00,59927052,59927052,1782870496333548,False,True
40711776,0.00000491,2036660.00,59927053,59927053,1782870610244680,False,True
40711777,0.00000491,1421439.00,59927054,59927054,1782870657019203,False,True
40711778,0.00000491,2873000.00,59927055,59927055,1782870795742230,False,True
40711779,0.00000491,27407000.00,59927056,59927058,1782870881593024,False,True
40711780,0.00000491,8016000.00,59927059,59927059,1782870900580783,False,True
40711781,0.00000491,57389000.00,59927060,59927061,1782870901171687,False,True
40711782,0.00000491,20000000.00,59927062,59927062,1782870930955883,False,True
40711783,0.00000491,18928000.00,59927063,59927063,1782870952962773,False,True
40711784,0.00000491,5958000.00,59927064,59927064,1782870952963970,False,True
40711785,0.00000491,10402000.00,59927065,59927065,1782870952964363,False,True
40711786,0.00000491,39947000.00,59927066,59927066,1782870952965242,False,True
40711787,0.00000491,12821000.00,59927067,59927067,1782870952968871,False,True
40711788,0.00000491,2553000.00,59927068,59927069,1782870952968902,False,True
40711789,0.00000491,13953000.00,59927070,59927070,1782870952979725,False,True
40711790,0.00000491,26128000.00,59927071,59927071,1782870952982676,False,True
40711791,0.00000491,52902000.00,59927072,59927072,1782870952982801,False,True
40711792,0.00000491,191487303.00,59927073,59927076,1782870952985028,False,True
40711793,0.00000491,50075282.00,59927077,59927078,1782870957146621,True,True
40711794,0.00000490,142000000.00,59927079,59927088,1782871140904921,True,True
40711795,0.00000490,459016.00,59927089,59927089,1782871140906740,True,True
40711796,0.00000489,112841000.00,59927090,59927092,1782871147077603,True,True
40711797,0.00000490,5572709.00,59927093,59927093,1782871147096931,False,True
40711798,0.00000489,23010595.00,59927094,59927095,1782871165174846,True,True
40711799,0.00000489,18009470.00,59927096,59927097,1782871174630300,True,True
40711800,0.00000490,2336608.00,59927098,59927098,1782871279348550,False,True
40711801,0.00000490,30000000.00,59927099,59927099,1782871473964421,True,True
40711802,0.00000489,50075282.00,59927100,59927101,1782871721744576,True,True
40711803,0.00000488,66005718.00,59927102,59927103,1782871721744576,True,True
40711804,0.00000488,1282730.00,59927104,59927104,1782871741219709,True,True
40711805,0.00000488,107670716.00,59927105,59927106,1782871783294124,True,True
40711806,0.00000488,31810934.00,59927107,59927109,1782871794108859,True,True
40711807,0.00000487,40534512.00,59927110,59927111,1782871794108859,True,True
40711808,0.00000490,25421000.00,59927112,59927113,1782871991123026,False,True
40711809,0.00000490,25420000.00,59927114,59927114,1782871991123281,False,True
40711810,0.00000490,25421000.00,59927115,59927115,1782871991123417,False,True
40711811,0.00000490,25420000.00,59927116,59927116,1782871991124909,False,True
40711812,0.00000490,41845000.00,59927117,59927122,1782872023670472,True,True
40711813,0.00000491,6243000.00,59927123,59927123,1782872172906621,False,True
40711814,0.00000491,1544000.00,59927124,59927124,1782872185115574,False,True
40711815,0.00000491,47869119.00,59927125,59927125,1782872490781409,False,True
40711816,0.00000491,23196000.00,59927126,59927126,1782872490798290,False,True
40711817,0.00000491,90373861.00,59927127,59927129,1782872490800198,False,True
40711818,0.00000492,1542000.00,59927130,59927130,1782872490876583,False,True
40711819,0.00000492,11161000.00,59927131,59927131,1782872490879698,False,True
40711820,0.00000492,7793242.00,59927132,59927132,1782872513596777,False,True
40711821,0.00000492,12414000.00,59927133,59927133,1782872532640342,False,True
40711822,0.00000492,3278000.00,59927134,59927134,1782872532640366,False,True
40711823,0.00000492,5520000.00,59927135,59927135,1782872532740687,False,True
40711824,0.00000492,9136000.00,59927136,59927136,1782872532740775,False,True
40711825,0.00000492,6894000.00,59927137,59927137,1782872532840535,False,True
40711826,0.00000492,5767000.00,59927138,59927138,1782872532840573,False,True
40711827,0.00000492,1525941.00,59927139,59927139,1782872537968983,False,True
40711828,0.00000492,1525941.00,59927140,59927140,1782872537969546,False,True
40711829,0.00000492,1525941.00,59927141,59927141,1782872537969757,False,True
40711830,0.00000492,10448000.00,59927142,59927142,1782872548250573,False,True
40711831,0.00000492,5421000.00,59927143,59927143,1782872548250588,False,True
40711832,0.00000492,6647000.00,59927144,59927145,1782872548250619,False,True
40711833,0.00000492,8612000.00,59927146,59927146,1782872548250636,False,True
40711834,0.00000492,4848000.00,59927147,59927147,1782872548348435,False,True
40711835,0.00000492,2723355.00,59927148,59927148,1782872548653685,False,True
40711836,0.00000493,645.00,59927149,59927149,1782872548653685,False,True
40711837,0.00000493,2724000.00,59927150,59927150,1782872548653720,False,True
40711838,0.00000493,2724000.00,59927151,59927151,1782872548653955,False,True
40711839,0.00000493,1036000.00,59927152,59927152,1782872548655750,False,True
40711840,0.00000492,60590379.00,59927153,59927159,1782872655280696,True,True
40711841,0.00000492,36777000.00,59927160,59927166,1782872655284751,True,True
40711842,0.00000492,1519903.00,59927167,59927167,1782872655286880,True,True
40711843,0.00000492,10569106.00,59927168,59927168,1782872658030692,False,True
40711844,0.00000492,2506000.00,59927169,59927169,1782873060617796,False,True
40711845,0.00000492,17494000.00,59927170,59927170,1782873060617948,False,True
40711846,0.00000493,420000.00,59927171,59927171,1782873060617948,False,True
40711847,0.00000493,2506000.00,59927172,59927172,1782873060618355,False,True
40711848,0.00000493,17915000.00,59927173,59927173,1782873060618855,False,True
40711849,0.00000493,19306000.00,59927174,59927174,1782873083892356,False,True
40711850,0.00000493,694000.00,59927175,59927175,1782873083894026,False,True
40711851,0.00000494,19306000.00,59927176,59927176,1782873083894454,False,True
40711852,0.00000494,13804000.00,59927177,59927177,1782873083894928,False,True
40711853,0.00000494,5502000.00,59927178,59927178,1782873083895783,False,True
40711854,0.00000494,7550000.00,59927179,59927180,1782873083896216,False,True
40711855,0.00000494,11756000.00,59927181,59927181,1782873083897013,False,True
40711856,0.00000493,19568000.00,59927182,59927185,1782873101625563,True,True
40711857,0.00000493,112160291.00,59927186,59927187,1782873169898841,False,True
40711858,0.00000493,28830193.00,59927188,59927188,1782873171596545,True,True
40711859,0.00000492,43995864.00,59927189,59927189,1782873171730256,True,True
40711860,0.00000493,3545000.00,59927190,59927190,1782873274601917,False,True
40711861,0.00000493,12828000.00,59927191,59927191,1782873274601951,False,True
40711862,0.00000493,12828000.00,59927192,59927192,1782873274602262,False,True
40711863,0.00000493,1808005.00,59927193,59927193,1782873274604102,False,True
40711864,0.00000493,26371042.00,59927194,59927194,1782873334874489,True,True
40711865,0.00000493,3628958.00,59927195,59927195,1782873334875896,True,True
40711866,0.00000494,7085020.00,59927196,59927196,1782873393977665,False,True
40711867,0.00000494,8925613.00,59927197,59927197,1782873421014025,False,True
40711868,0.00000493,26279630.00,59927198,59927198,1782873660260315,True,True
40711869,0.00000493,3720370.00,59927199,59927199,1782873660262628,True,True
40711870,0.00000494,5748988.00,59927200,59927200,1782873796079465,False,True
40711871,0.00000494,132270000.00,59927201,59927202,1782873796624732,False,True
40711872,0.00000494,76859936.00,59927203,59927204,1782873796625089,False,True
40711873,0.00000494,2000000.00,59927205,59927205,1782873819016588,True,True
40711874,0.00000495,37373123.00,59927206,59927207,1782873901843710,False,True
40711875,0.00000494,1131313.00,59927208,59927208,1782873903375675,True,True
40711876,0.00000495,1808347.00,59927209,59927209,1782873974293313,False,True
40711877,0.00000495,1825510.00,59927210,59927210,1782874039469636,False,True
40711878,0.00000496,89886127.00,59927211,59927224,1782874094223255,False,True
40711879,0.00000497,2515000.00,59927225,59927225,1782874094364800,False,True
40711880,0.00000497,2515000.00,59927226,59927226,1782874094367122,False,True
40711881,0.00000496,20000000.00,59927227,59927227,1782874094476733,False,True
40711882,0.00000496,48692938.00,59927228,59927228,1782874575063499,True,True
40711883,0.00000495,7799274.00,59927229,59927229,1782874720156233,True,True
40711884,0.00000495,2304235.00,59927230,59927230,1782874906572536,False,True
40711885,0.00000495,1101000.00,59927231,59927231,1782875201181184,False,True
40711886,0.00000495,5622000.00,59927232,59927232,1782875201181353,False,True
40711887,0.00000495,5622000.00,59927233,59927233,1782875201181382,False,True
40711888,0.00000495,5622000.00,59927234,59927234,1782875201181422,False,True
40711889,0.00000495,5622000.00,59927235,59927235,1782875201181436,False,True
40711890,0.00000495,1030000.00,59927236,59927236,1782875201186920,False,True
40711891,0.00000495,5484000.00,59927237,59927237,1782875201191527,False,True
40711892,0.00000495,4780000.00,59927238,59927238,1782875201191606,False,True
40711893,0.00000495,4780000.00,59927239,59927239,1782875201191699,False,True
40711894,0.00000495,3491000.00,59927240,59927240,1782875201191850,False,True
40711895,0.00000495,1721874.00,59927241,59927241,1782875201192839,False,True
40711896,0.00000495,1776111.00,59927242,59927242,1782875201319770,False,True
40711897,0.00000495,8054.00,59927243,59927243,1782875203676860,True,True
40711898,0.00000495,1451000.00,59927244,59927244,1782875227594864,False,True
40711899,0.00000495,1451000.00,59927245,59927245,1782875227594943,False,True
40711900,0.00000495,1451000.00,59927246,59927246,1782875227594998,False,True
40711901,0.00000495,1451000.00,59927247,59927247,1782875227595115,False,True
40711902,0.00000495,1451000.00,59927248,59927248,1782875227595207,False,True
40711903,0.00000495,1783058.00,59927249,59927249,1782875228561053,True,True
40711904,0.00000494,192230592.00,59927250,59927252,1782875228561491,True,True
40711905,0.00000494,36551149.00,59927253,59927254,1782875228562279,True,True
40711906,0.00000494,61738522.00,59927255,59927255,1782875228563473,True,True
40711907,0.00000494,13073165.00,59927256,59927256,1782875233350462,False,True
40711908,0.00000493,1513682.00,59927257,59927257,1782875234520126,True,True
40711909,0.00000493,1783058.00,59927258,59927258,1782875234524454,True,True
40711910,0.00000494,11380225.00,59927259,59927259,1782875307101165,False,True
40711911,0.00000494,4436801.00,59927260,59927260,1782875307104667,False,True
40711912,0.00000494,1792717.00,59927261,59927261,1782875473568683,False,True
40711913,0.00000494,1795120.00,59927262,59927262,1782875473604621,False,True
40711914,0.00000495,212290017.00,59927263,59927266,1782875473604621,False,True
40711915,0.00000495,2555000.00,59927267,59927267,1782875502925039,False,True
40711916,0.00000496,1023211.00,59927268,59927268,1782875571171062,True,True
40711917,0.00000497,6303000.00,59927269,59927269,1782875706620684,False,True
40711918,0.00000497,29181000.00,59927270,59927270,1782875709535318,False,True
40711919,0.00000497,5005000.00,59927271,59927271,1782875710156392,False,True
40711920,0.00000497,8490000.00,59927272,59927273,1782875711154484,False,True
40711921,0.00000497,8490000.00,59927274,59927274,1782875712165920,False,True
40711922,0.00000497,4117000.00,59927275,59927275,1782875713304019,False,True
40711923,0.00000497,10420000.00,59927276,59927276,1782875714192044,False,True
40711924,0.00000497,10420000.00,59927277,59927277,1782875715188221,False,True
40711925,0.00000497,10420000.00,59927278,59927278,1782875716180888,False,True
40711926,0.00000497,6159000.00,59927279,59927279,1782875717186920,False,True
40711927,0.00000497,2304000.00,59927280,59927280,1782875725392303,False,True
40711928,0.00000497,2304000.00,59927281,59927281,1782875726098102,False,True
40711929,0.00000497,2304000.00,59927282,59927282,1782875727166511,False,True
40711930,0.00000497,2239000.00,59927283,59927283,1782875729906862,False,True
40711931,0.00000497,2239000.00,59927284,59927284,1782875729965735,False,True
40711932,0.00000497,6883000.00,59927285,59927286,1782875731995004,False,True
40711933,0.00000497,6883000.00,59927287,59927287,1782875732617648,False,True
40711934,0.00000497,5495000.00,59927288,59927288,1782875733615015,False,True
40711935,0.00000497,5495000.00,59927289,59927290,1782875734614218,False,True
40711936,0.00000497,4241000.00,59927291,59927291,1782875735627808,False,True
40711937,0.00000497,2828000.00,59927292,59927292,1782875736627008,False,True
40711938,0.00000497,5519000.00,59927293,59927293,1782875744839871,False,True
40711939,0.00000497,3681000.00,59927294,59927294,1782875746862642,False,True
40711940,0.00000497,2455000.00,59927295,59927295,1782875747820844,False,True
40711941,0.00000497,9657000.00,59927296,59927296,1782875751344999,False,True
40711942,0.00000497,6303000.00,59927297,59927297,1782875751665842,False,True
40711943,0.00000497,4204000.00,59927298,59927298,1782875752694949,False,True
40711944,0.00000497,2804000.00,59927299,59927299,1782875753693799,False,True
40711945,0.00000497,9697000.00,59927300,59927300,1782875755668557,False,True
40711946,0.00000497,11469000.00,59927301,59927302,1782875755687518,False,True
40711947,0.00000497,2916000.00,59927303,59927303,1782875756663557,False,True
40711948,0.00000497,6645000.00,59927304,59927304,1782875788758533,False,True
40711949,0.00000497,4773000.00,59927305,59927305,1782875789177222,False,True
40711950,0.00000497,6974000.00,59927306,59927306,1782875790774235,False,True
40711951,0.00000497,6446000.00,59927307,59927308,1782875791717364,False,True
40711952,0.00000497,5983000.00,59927309,59927309,1782875792754336,False,True
40711953,0.00000497,5983000.00,59927310,59927310,1782875793777971,False,True
40711954,0.00000497,5983000.00,59927311,59927311,1782875794773685,False,True
40711955,0.00000497,5983000.00,59927312,59927312,1782875795864648,False,True
40711956,0.00000497,5983000.00,59927313,59927314,1782875796985632,False,True
40711957,0.00000497,3446000.00,59927315,59927315,1782875797867499,False,True
40711958,0.00000497,8518000.00,59927316,59927316,1782875798889647,False,True
40711959,0.00000497,6695000.00,59927317,59927318,1782875829052164,False,True
40711960,0.00000497,2905000.00,59927319,59927319,1782875832155124,False,True
40711961,0.00000497,22965000.00,59927320,59927320,1782875865450436,False,True
40711962,0.00000497,4477000.00,59927321,59927321,1782875870711165,False,True
40711963,0.00000496,125063745.00,59927322,59927330,1782875885225444,True,True
40711964,0.00000497,4819000.00,59927331,59927331,1782875885393601,False,True
40711965,0.00000497,3229000.00,59927332,59927332,1782875887916342,False,True
40711966,0.00000497,3229000.00,59927333,59927333,1782875889051761,False,True
40711967,0.00000497,3229000.00,59927334,59927334,1782875890190275,False,True
40711968,0.00000497,18847000.00,59927335,59927336,1782875892146579,False,True
40711969,0.00000497,3556000.00,59927337,59927337,1782875908436173,False,True
40711970,0.00000497,3556000.00,59927338,59927338,1782875910845242,False,True
40711971,0.00000497,3556000.00,59927339,59927339,1782875911821233,False,True
40711972,0.00000497,3556000.00,59927340,59927340,1782875912874295,False,True
40711973,0.00000497,6886000.00,59927341,59927341,1782875918101659,False,True
40711974,0.00000497,3164000.00,59927342,59927343,1782875919541804,False,True
40711975,0.00000497,3354000.00,59927344,59927344,1782875931147048,False,True
40711976,0.00000497,19378000.00,59927345,59927345,1782875940957071,False,True
40711977,0.00000497,5880000.00,59927346,59927346,1782875962549029,False,True
40711978,0.00000497,3065000.00,59927347,59927347,1782875984217051,False,True
40711979,0.00000497,3407000.00,59927348,59927348,1782875988583165,False,True
40711980,0.00000497,3069000.00,59927349,59927349,1782875989942313,False,True
40711981,0.00000497,3069000.00,59927350,59927350,1782875990954980,False,True
40711982,0.00000497,3158000.00,59927351,59927351,1782875991952966,False,True
40711983,0.00000497,3158000.00,59927352,59927352,1782875992986651,False,True
40711984,0.00000497,3259000.00,59927353,59927354,1782875994001561,False,True
40711985,0.00000497,12868000.00,59927355,59927355,1782876005129180,False,True
40711986,0.00000497,8657000.00,59927356,59927357,1782876009515159,False,True
40711987,0.00000497,2678000.00,59927358,59927358,1782876010644333,False,True
40711988,0.00000497,9363000.00,59927359,59927359,1782876011732158,False,True
40711989,0.00000497,2929000.00,59927360,59927360,1782876013019640,False,True
40711990,0.00000497,2929000.00,59927361,59927361,1782876014036343,False,True
40711991,0.00000497,2929000.00,59927362,59927362,1782876015242331,False,True
40711992,0.00000497,2929000.00,59927363,59927364,1782876016765774,False,True
40711993,0.00000497,2929000.00,59927365,59927365,1782876019519702,False,True
40711994,0.00000497,3034000.00,59927366,59927366,1782876025181988,False,True
40711995,0.00000497,2541000.00,59927367,59927367,1782876026289984,False,True
40711996,0.00000497,3461000.00,59927368,59927368,1782876027757424,False,True
40711997,0.00000497,2309000.00,59927369,59927369,1782876030521908,False,True
40711998,0.00000497,4056000.00,59927370,59927370,1782876031719673,False,True
40711999,0.00000496,85821189.00,59927371,59927371,1782876042739670,True,True
40712000,0.00000496,70940689.00,59927372,59927379,1782876053054727,True,True
40712001,0.00000496,24473807.00,59927380,59927380,1782876112400152,True,True
40712002,0.00000496,8473065.00,59927381,59927381,1782876112556412,True,True
40712003,0.00000497,1810230.00,59927382,59927382,1782876221116423,False,True
40712004,0.00000496,42860014.00,59927383,59927387,1782876221208603,True,True
40712005,0.00000496,19761000.00,59927388,59927394,1782876264604204,True,True
40712006,0.00000497,64217754.00,59927395,59927396,1782876383495067,False,True
40712007,0.00000498,9313000.00,59927397,59927397,1782876399383913,False,True
40712008,0.00000498,9313000.00,59927398,59927398,1782876399383979,False,True
40712009,0.00000498,9313000.00,59927399,59927399,1782876399384122,False,True
40712010,0.00000498,9313000.00,59927400,59927401,1782876399384229,False,True
40712011,0.00000498,37095875.00,59927402,59927402,1782876399384346,False,True
40712012,0.00000499,156000000.00,59927403,59927405,1782876399418444,False,True
40712013,0.00000500,97227280.00,59927406,59927410,1782876399429839,False,True
40712014,0.00000501,49900832.00,59927411,59927412,1782876399523526,False,True
40712015,0.00000501,19467284.00,59927413,59927414,1782876399526990,False,True
40712016,0.00000502,80321085.00,59927415,59927418,1782876399526990,False,True
40712017,0.00000502,53971368.00,59927419,59927419,1782876399548182,False,True
40712018,0.00000500,1220043.00,59927420,59927420,1782876399572115,True,True
40712019,0.00000500,13361210.00,59927421,59927421,1782876399667912,True,True
40712020,0.00000502,4974134.00,59927422,59927423,1782876399805056,False,True
40712021,0.00000501,4210000.00,59927424,59927425,1782876399902310,True,True
40712022,0.00000501,31044617.00,59927426,59927426,1782876402066402,True,True
40712023,0.00000501,7556942.00,59927427,59927427,1782876411950981,False,True
40712024,0.00000499,1879031.00,59927428,59927428,1782876420909561,True,True
40712025,0.00000500,20075282.00,59927429,59927429,1782876492782505,False,True
40712026,0.00000500,30591891.00,59927430,59927430,1782876495040024,True,True
40712027,0.00000501,10138439.00,59927431,59927431,1782876498534284,False,True
40712028,0.00000501,2304619.00,59927432,59927432,1782876498547838,False,True
40712029,0.00000500,88180000.00,59927433,59927433,1782876505039571,True,True
40712030,0.00000501,19461623.00,59927434,59927434,1782876511435714,False,True
40712031,0.00000501,44090000.00,59927435,59927435,1782876511534852,False,True
40712032,0.00000502,5911454.00,59927436,59927437,1782876511534852,False,True
40712033,0.00000501,20000000.00,59927438,59927438,1782876511795054,False,True
40712034,0.00000501,20000000.00,59927439,59927439,1782876512181116,False,True
40712035,0.00000501,20000000.00,59927440,59927440,1782876512388169,False,True
40712036,0.00000500,196361912.00,59927441,59927443,1782876515041439,True,True
40712037,0.00000499,19395895.00,59927444,59927444,1782876515567977,False,True
40712038,0.00000499,604105.00,59927445,59927445,1782876515569210,False,True
40712039,0.00000499,40075282.00,59927446,59927447,1782876527049926,False,True
40712040,0.00000500,60924718.00,59927448,59927449,1782876527049926,False,True
40712041,0.00000498,137000000.00,59927450,59927450,1782876563148554,True,True
40712042,0.00000498,28918759.00,59927451,59927452,1782876563149911,True,True
40712043,0.00000499,18649913.00,59927453,59927453,1782876584810840,False,True
40712044,0.00000499,118395378.00,59927454,59927459,1782876596052374,False,True
40712045,0.00000499,43440527.00,59927460,59927460,1782876601974601,True,True
40712046,0.00000498,107559473.00,59927461,59927463,1782876601974601,True,True
40712047,0.00000498,50024836.00,59927464,59927464,1782876602035075,True,True
40712048,0.00000498,14136622.00,59927465,59927469,1782876678642961,True,True
40712049,0.00000498,7393832.00,59927470,59927470,1782876782073936,False,True
40712050,0.00000498,1790993.00,59927471,59927471,1782876782177917,False,True
40712051,0.00000498,77605340.00,59927472,59927474,1782876915340415,False,True
40712052,0.00000498,1249324.00,59927475,59927475,1782876991612520,False,True
40712053,0.00000501,5624703.00,59927476,59927476,1782877028744340,False,True
40712054,0.00000500,5313473.00,59927477,59927477,1782877029547767,False,True
40712055,0.00000500,44090000.00,59927478,59927478,1782877062255608,True,True
40712056,0.00000500,31849679.00,59927479,59927479,1782877062256839,True,True
40712057,0.00000500,37811187.00,59927480,59927481,1782877062259321,True,True
40712058,0.00000500,5264104.00,59927482,59927482,1782877086345108,True,True
40712059,0.00000500,7157536.00,59927483,59927483,1782877086346362,True,True
40712060,0.00000498,130661433.00,59927484,59927488,1782877094861526,True,True
40712061,0.00000497,44090000.00,59927489,59927490,1782877122771270,True,True
40712062,0.00000497,20750801.00,59927491,59927491,1782877122771374,True,True
40712063,0.00000497,9032583.00,59927492,59927492,1782877124882745,False,True
40712064,0.00000496,1606445.00,59927493,59927493,1782877128748743,True,True
40712065,0.00000496,1790831.00,59927494,59927494,1782877134019358,True,True
40712066,0.00000497,3331513.00,59927495,59927495,1782877353127293,False,True
40712067,0.00000497,3331513.00,59927496,59927496,1782877359940459,False,True
40712068,0.00000498,77190537.00,59927497,59927498,1782877632466259,False,True
40712069,0.00000498,117245364.00,59927499,59927499,1782877632466540,False,True
40712070,0.00000499,149000000.00,59927500,59927502,1782877632470176,False,True
40712071,0.00000499,15553748.00,59927503,59927503,1782877705934490,False,True
40712072,0.00000499,1733280.00,59927504,59927504,1782877736134113,False,True
40712073,0.00000500,218787715.00,59927505,59927508,1782877736199866,False,True
40712074,0.00000500,95640119.00,59927509,59927510,1782877747690363,True,True
40712075,0.00000500,44090000.00,59927511,59927511,1782877747693187,True,True
40712076,0.00000500,94657667.00,59927512,59927512,1782877762433037,True,True
40712077,0.00000500,219717132.00,59927513,59927514,1782877762434865,True,True
40712078,0.00000499,149000000.00,59927515,59927516,1782877823441405,True,True
40712079,0.00000499,9065000.00,59927517,59927521,1782877823443031,True,True
40712080,0.00000501,149000000.00,59927522,59927524,1782877989561652,False,True
40712081,0.00000502,51886198.00,59927525,59927526,1782878138336806,False,True
40712082,0.00000502,28188000.00,59927527,59927536,1782878214707648,False,True
40712083,0.00000502,3336178.00,59927537,59927537,1782878228272312,False,True
40712084,0.00000502,3162369.00,59927538,59927538,1782878256239830,False,True
40712085,0.00000501,3267802.00,59927539,59927539,1782878450040789,False,True
40712086,0.00000500,4600000.00,59927540,59927540,1782878499393255,False,True
40712087,0.00000499,1789717.00,59927541,59927541,1782878515926134,True,True
40712088,0.00000499,3340506.00,59927542,59927542,1782878521879182,False,True
40712089,0.00000498,8515882.00,59927543,59927543,1782878561333150,True,True
40712090,0.00000498,44090000.00,59927544,59927544,1782878568829996,True,True
40712091,0.00000498,43452502.00,59927545,59927545,1782878568831280,True,True
40712092,0.00000498,2006018.00,59927546,59927546,1782878568832850,True,True
40712093,0.00000498,32002880.00,59927547,59927547,1782878568833276,True,True
40712094,0.00000498,2006018.00,59927548,59927548,1782878568833732,True,True
40712095,0.00000498,9231340.00,59927549,59927550,1782878568835172,True,True
40712096,0.00000498,33452762.00,59927551,59927551,1782878639048129,True,True
40712097,0.00000498,44298683.00,59927552,59927557,1782878644193900,True,True
40712098,0.00000498,1986075.00,59927558,59927558,1782878699854667,False,True
40712099,0.00000498,1985612.00,59927559,59927559,1782878699857033,False,True
40712100,0.00000497,2833542.00,59927560,59927560,1782879558045634,True,True
40712101,0.00000497,2129980.00,59927561,59927561,1782879641086972,True,True
40712102,0.00000498,25306476.00,59927562,59927563,1782879689877642,False,True
40712103,0.00000498,44596351.00,59927564,59927571,1782879927469152,True,True
40712104,0.00000498,5087649.00,59927572,59927572,1782879927471256,True,True
40712105,0.00000499,2002002.00,59927573,59927573,1782880042930444,True,True
40712106,0.00000499,2084119.00,59927574,59927574,1782880069921612,False,True
40712107,0.00000500,16762027.00,59927575,59927575,1782880360335730,False,True
40712108,0.00000499,38596401.00,59927576,59927577,1782880394806931,True,True
40712109,0.00000498,6403599.00,59927578,59927580,1782880394806931,True,True
40712110,0.00000499,22714299.00,59927581,59927581,1782880463341470,True,True
40712111,0.00000498,1014909.00,59927582,59927582,1782880528528749,True,True
40712112,0.00000499,2210275.00,59927583,59927583,1782880599385548,False,True
40712113,0.00000499,1509824.00,59927584,59927584,1782880599387761,False,True
40712114,0.00000498,8952183.00,59927585,59927586,1782880700754130,True,True
40712115,0.00000498,4130388.00,59927587,59927589,1782880798431299,True,True
40712116,0.00000500,35570000.00,59927590,59927590,1782881150032461,False,True
40712117,0.00000500,220300346.00,59927591,59927592,1782881150034442,False,True
40712118,0.00000500,28101461.00,59927593,59927593,1782881150035982,False,True
40712119,0.00000500,32505000.00,59927594,59927594,1782881150103266,False,True
40712120,0.00000500,44090000.00,59927595,59927595,1782881150129276,False,True
40712121,0.00000501,14760000.00,59927596,59927596,1782881150182756,False,True
40712122,0.00000501,337307980.00,59927597,59927606,1782881256323170,False,True
40712123,0.00000502,229677472.00,59927607,59927611,1782881256323170,False,True
40712124,0.00000501,100000000.00,59927612,59927612,1782881256329037,False,True
40712125,0.00000501,50000000.00,59927613,59927613,1782881256330519,False,True
40712126,0.00000501,1758759.00,59927614,59927614,1782881256355012,False,True
40712127,0.00000502,50000000.00,59927615,59927615,1782881256542323,False,True
40712128,0.00000502,52000000.00,59927616,59927619,1782881256788115,False,True
40712129,0.00000502,5607147.00,59927620,59927622,1782881263632714,False,True
40712130,0.00000501,13186668.00,59927623,59927623,1782881321221988,True,True
40712131,0.00000501,132270000.00,59927624,59927624,1782881370112846,True,True
40712132,0.00000501,1495514.00,59927625,59927625,1782881370112949,True,True
40712133,0.00000501,33135457.00,59927626,59927626,1782881370114082,True,True
40712134,0.00000501,33045052.00,59927627,59927628,1782881370115336,True,True
40712135,0.00000501,19685785.00,59927629,59927629,1782881370116457,True,True
40712136,0.00000500,3375726.00,59927630,59927630,1782881806385301,True,True
40712137,0.00000501,1216383.00,59927631,59927631,1782881815319082,False,True
40712138,0.00000500,19932961.00,59927632,59927632,1782881864022025,True,True
40712139,0.00000500,2448409.00,59927633,59927633,1782881872774046,True,True
40712140,0.00000500,25998957.00,59927634,59927634,1782881874690871,True,True
40712141,0.00000499,2172100.00,59927635,59927635,1782881912786978,True,True
40712142,0.00000499,1448489.00,59927636,59927636,1782881932774576,True,True
40712143,0.00000499,1570793.00,59927637,59927637,1782881957775818,True,True
40712144,0.00000499,2476244.00,59927638,59927638,1782881992791819,True,True
40712145,0.00000500,23016285.00,59927639,59927640,1782882002323760,False,True
40712146,0.00000500,37601011.00,59927641,59927642,1782882027717469,False,True
40712147,0.00000499,2671728.00,59927643,59927643,1782882032788314,True,True
40712148,0.00000499,3124872.00,59927644,59927644,1782882052789897,True,True
40712149,0.00000501,2876447.00,59927645,59927645,1782882074495784,False,True
40712150,0.00000499,1993131.00,59927646,59927646,1782882077867945,True,True
40712151,0.00000499,3075487.00,59927647,59927647,1782882097774367,True,True
40712152,0.00000499,2956909.00,59927648,59927648,1782882112774577,True,True
40712153,0.00000499,1383935.00,59927649,59927649,1782882162779621,True,True
40712154,0.00000499,2365081.00,59927650,59927650,1782882172775827,True,True
40712155,0.00000499,2706934.00,59927651,59927651,1782882207781866,True,True
40712156,0.00000499,1207728.00,59927652,59927652,1782882232774573,True,True
40712157,0.00000499,1305816.00,59927653,59927653,1782882252774369,True,True
40712158,0.00000499,1283320.00,59927654,59927654,1782882277787154,True,True
40712159,0.00000499,1589863.00,59927655,59927655,1782882292774645,True,True
40712160,0.00000500,2818163.00,59927656,59927656,1782882312775363,True,True
40712161,0.00000500,1371643.00,59927657,59927657,1782882352774066,True,True
40712162,0.00000500,2059110.00,59927658,59927658,1782882377774047,True,True
40712163,0.00000499,2559795.00,59927659,59927659,1782882412774163,True,True
40712164,0.00000499,1768379.00,59927660,59927660,1782882462781772,True,True
40712165,0.00000499,2001342.00,59927661,59927661,1782882472774412,True,True
40712166,0.00000501,1996007.00,59927662,59927662,1782882482714305,False,True
40712167,0.00000500,1507538.00,59927663,59927663,1782882512780730,True,True
40712168,0.00000499,1475240.00,59927664,59927664,1782882532775094,True,True
40712169,0.00000499,1496489.00,59927665,59927665,1782882557783468,True,True
40712170,0.00000498,1959095.00,59927666,59927666,1782882592773903,True,True
40712171,0.00000499,26315789.00,59927667,59927668,1782882622685126,False,True
40712172,0.00000498,2229447.00,59927669,59927669,1782882627774490,True,True
40712173,0.00000498,2699648.00,59927670,59927670,1782882652774833,True,True
40712174,0.00000498,10041649.00,59927671,59927672,1782882665473992,True,True
40712175,0.00000498,2310396.00,59927673,59927673,1782882687774136,True,True
40712176,0.00000498,1979480.00,59927674,59927674,1782882712774231,True,True
40712177,0.00000498,2725328.00,59927675,59927675,1782882747773880,True,True
40712178,0.00000498,2713661.00,59927676,59927676,1782882772774112,True,True
40712179,0.00000498,1720195.00,59927677,59927677,1782882822779833,True,True
40712180,0.00000498,1920092.00,59927678,59927678,1782882832775377,True,True
40712181,0.00000498,2743237.00,59927679,59927679,1782882867774329,True,True
40712182,0.00000500,1154205.00,59927680,59927680,1782882891450974,False,True
40712183,0.00000498,2271175.00,59927681,59927681,1782882892773984,True,True
40712184,0.00000498,2395176.00,59927682,59927682,1782882937779537,True,True
40712185,0.00000498,1708940.00,59927683,59927683,1782882952775047,True,True
40712186,0.00000498,2357291.00,59927684,59927684,1782882987782938,True,True
40712187,0.00000498,1738733.00,59927685,59927685,1782883012773786,True,True
40712188,0.00000498,1617844.00,59927686,59927686,1782883052789375,True,True
40712189,0.00000498,1588286.00,59927687,59927687,1782883072773950,True,True
40712190,0.00000498,1706542.00,59927688,59927688,1782883107773713,True,True
40712191,0.00000498,1218994.00,59927689,59927689,1782883132774044,True,True
40712192,0.00000498,1511360.00,59927690,59927690,1782883167774230,True,True
40712193,0.00000498,1416085.00,59927691,59927691,1782883192774251,True,True
40712194,0.00000498,1528398.00,59927692,59927692,1782883232780869,True,True
40712195,0.00000497,1805599.00,59927693,59927693,1782883252774502,True,True
40712196,0.00000499,2008032.00,59927694,59927694,1782883254232055,False,True
40712197,0.00000497,1748534.00,59927695,59927695,1782883312773623,True,True
40712198,0.00000499,90186113.00,59927696,59927700,1782883342369552,False,True
40712199,0.00000498,1888208.00,59927701,59927701,1782883372783151,True,True
40712200,0.00000498,1905866.00,59927702,59927702,1782883407774075,True,True
40712201,0.00000498,1395557.00,59927703,59927703,1782883432781517,True,True
40712202,0.00000498,1710795.00,59927704,59927704,1782883467773962,True,True
40712203,0.00000498,1526345.00,59927705,59927705,1782883492781396,True,True
40712204,0.00000498,1599062.00,59927706,59927706,1782883532781478,True,True
40712205,0.00000498,1675078.00,59927707,59927707,1782883552781455,True,True
40712206,0.00000498,1206083.00,59927708,59927708,1782883597773491,True,True
40712207,0.00000498,1326601.00,59927709,59927709,1782883612781743,True,True
40712208,0.00000498,1235644.00,59927710,59927710,1782883652781001,True,True
40712209,0.00000498,1502067.00,59927711,59927711,1782883672774258,True,True
40712210,0.00000498,1460900.00,59927712,59927712,1782883717774186,True,True
40712211,0.00000497,1568390.00,59927713,59927713,1782883732774358,True,True
40712212,0.00000497,6156386.00,59927714,59927714,1782883778538598,True,True
40712213,0.00000497,1538994.00,59927715,59927715,1782883792774332,True,True
40712214,0.00000497,5374335.00,59927716,59927716,1782883805909617,True,True
40712215,0.00000498,5600802.00,59927717,59927717,1782883806301129,False,True
40712216,0.00000497,1550750.00,59927718,59927718,1782883842780934,True,True
40712217,0.00000497,1619101.00,59927719,59927719,1782883852774663,True,True
40712218,0.00000498,1666809.00,59927720,59927720,1782883912775871,True,True
40712219,0.00000498,20075282.00,59927721,59927721,1782883935156355,False,True
40712220,0.00000498,1602160.00,59927722,59927722,1782883972775675,True,True
40712221,0.00000498,1482761.00,59927723,59927724,1782884017775561,True,True
40712222,0.00000497,1382468.00,59927725,59927725,1782884032775866,True,True
40712223,0.00000497,1607453.00,59927726,59927726,1782884092776313,True,True
40712224,0.00000497,1735077.00,59927727,59927727,1782884152775944,True,True
40712225,0.00000497,1587207.00,59927728,59927728,1782884212774844,True,True
40712226,0.00000497,3201922.00,59927729,59927729,1782884238096261,True,True
40712227,0.00000497,1278957.00,59927730,59927730,1782884272774800,True,True
40712228,0.00000497,1702235.00,59927731,59927731,1782884317789578,True,True
40712229,0.00000497,1468932.00,59927732,59927732,1782884332775104,True,True
40712230,0.00000497,1388750.00,59927733,59927733,1782884392774858,True,True
40712231,0.00000498,1301380.00,59927734,59927734,1782884452776579,True,True
40712232,0.00000498,1681276.00,59927735,59927735,1782884512775016,True,True
40712233,0.00000498,1834290.00,59927736,59927736,1782884523827693,True,True
40712234,0.00000497,1267876.00,59927737,59927737,1782884572775204,True,True
40712235,0.00000497,1626555.00,59927738,59927738,1782884632774584,True,True
40712236,0.00000498,2393648.00,59927739,59927739,1782884646976630,False,True
40712237,0.00000497,1464551.00,59927740,59927740,1782884692775774,True,True
40712238,0.00000498,1578421.00,59927741,59927741,1782884752774097,True,True
40712239,0.00000498,25031294.00,59927742,59927743,1782884781967543,True,True
40712240,0.00000498,6785317.00,59927744,59927744,1782884781969223,True,True
40712241,0.00000497,1283329.00,59927745,59927745,1782884812775046,True,True
40712242,0.00000497,1511634.00,59927746,59927746,1782884862780798,True,True
40712243,0.00000497,1619132.00,59927747,59927747,1782884872774497,True,True
40712244,0.00000498,31754735.00,59927748,59927748,1782884913300033,True,True
40712245,0.00000497,1597944.00,59927749,59927749,1782884932775947,True,True
40712246,0.00000497,33000000.00,59927750,59927750,1782884953726123,True,True
40712247,0.00000497,5950497.00,59927751,59927751,1782884953730407,True,True
40712248,0.00000497,1391441.00,59927752,59927752,1782884992774717,True,True
40712249,0.00000497,1362634.00,59927753,59927753,1782885032790721,True,True
40712250,0.00000497,1457004.00,59927754,59927754,1782885052774854,True,True
40712251,0.00000497,1024811.00,59927755,59927755,1782885077025720,True,True
40712252,0.00000497,1775959.00,59927756,59927756,1782885112774755,True,True
40712253,0.00000497,1604093.00,59927757,59927757,1782885172774309,True,True
40712254,0.00000497,1282040.00,59927758,59927758,1782885232774655,True,True
40712255,0.00000497,17269884.00,59927759,59927760,1782885236072412,True,True
40712256,0.00000496,1754123.00,59927761,59927761,1782885292775058,True,True
40712257,0.00000496,1628711.00,59927762,59927762,1782885352786069,True,True
40712258,0.00000497,1600245.00,59927763,59927763,1782885412774139,True,True
40712259,0.00000496,1639765.00,59927764,59927764,1782885472774544,True,True
40712260,0.00000496,1794396.00,59927765,59927765,1782885532775736,True,True
40712261,0.00000496,1813810.00,59927766,59927766,1782885592774946,True,True
40712262,0.00000496,1611939.00,59927767,59927767,1782885652784770,True,True
40712263,0.00000496,26492775.00,59927768,59927768,1782885659528038,True,True
40712264,0.00000496,103218168.00,59927769,59927773,1782885659530893,True,True
40712265,0.00000496,56448280.00,59927774,59927783,1782885659533413,True,True
40712266,0.00000495,1653400.00,59927784,59927784,1782885712790483,True,True
40712267,0.00000495,1750946.00,59927785,59927786,1782885772774523,True,True
40712268,0.00000495,1530845.00,59927787,59927787,1782885832774179,True,True
40712269,0.00000495,1607826.00,59927788,59927788,1782885877779854,True,True
40712270,0.00000496,1859425.00,59927789,59927789,1782885883529194,False,True
40712271,0.00000495,1340117.00,59927790,59927790,1782885892774709,True,True
40712272,0.00000495,1317062.00,59927791,59927791,1782885937780276,True,True
40712273,0.00000495,1700581.00,59927792,59927792,1782885952774194,True,True
40712274,0.00000495,1481710.00,59927793,59927793,1782886012787058,True,True
40712275,0.00000495,1327188.00,59927794,59927794,1782886072774260,True,True
40712276,0.00000496,1681540.00,59927795,59927795,1782886132774003,True,True
40712277,0.00000496,1320556.00,59927796,59927796,1782886137418342,True,True
40712278,0.00000496,2499801.00,59927797,59927797,1782886182677606,True,True
40712279,0.00000496,1768454.00,59927798,59927798,1782886192774989,True,True
40712280,0.00000496,5227211.00,59927799,59927799,1782886230467009,True,True
40712281,0.00000495,106474091.00,59927800,59927804,1782886230467009,True,True
40712282,0.00000496,2966827.00,59927805,59927805,1782886252754338,True,True
40712283,0.00000495,73579173.00,59927806,59927808,1782886252754338,True,True
40712284,0.00000495,1801275.00,59927809,59927809,1782886252774226,True,True
40712285,0.00000495,1667148.00,59927810,59927811,1782886297778851,True,True
40712286,0.00000495,1550815.00,59927812,59927812,1782886312774511,True,True
40712287,0.00000496,1425687.00,59927813,59927813,1782886352780263,True,True
40712288,0.00000496,1435965.00,59927814,59927814,1782886372774085,True,True
40712289,0.00000496,14115000.00,59927815,59927819,1782886384884187,True,True
40712290,0.00000495,1270288.00,59927820,59927820,1782886422788901,True,True
40712291,0.00000495,1753583.00,59927821,59927821,1782886432775731,True,True
40712292,0.00000496,1671400.00,59927822,59927822,1782886477779855,True,True
40712293,0.00000496,1314555.00,59927823,59927823,1782886492776180,True,True
40712294,0.00000496,1635587.00,59927824,59927824,1782886527774921,True,True
40712295,0.00000496,38000000.00,59927825,59927830,1782886528901376,True,True
40712296,0.00000496,1246263.00,59927831,59927831,1782886552774726,True,True
40712297,0.00000498,28570187.00,59927832,59927833,1782886568336656,False,True
40712298,0.00000497,1765945.00,59927834,59927834,1782886568341591,True,True
40712299,0.00000496,1616301.00,59927835,59927835,1782886592783905,True,True
40712300,0.00000496,1606098.00,59927836,59927836,1782886612776671,True,True
40712301,0.00000496,1583741.00,59927837,59927837,1782886657781671,True,True
40712302,0.00000496,1664789.00,59927838,59927838,1782886672775354,True,True
40712303,0.00000497,2010050.00,59927839,59927839,1782886690016272,True,True
40712304,0.00000496,1474617.00,59927840,59927840,1782886732775397,True,True
40712305,0.00000498,12064257.00,59927841,59927841,1782886781242524,False,True
40712306,0.00000496,1787970.00,59927842,59927842,1782886792774812,True,True
40712307,0.00000495,1740431.00,59927843,59927843,1782886852774685,True,True
40712308,0.00000495,38455603.00,59927844,59927845,1782886885553264,True,True
40712309,0.00000495,6688303.00,59927846,59927848,1782886902060111,True,True
40712310,0.00000494,1777623.00,59927849,59927849,1782886912776272,True,True
40712311,0.00000494,1670099.00,59927850,59927850,1782886962784882,True,True
40712312,0.00000494,1401246.00,59927851,59927852,1782886972775039,True,True
40712313,0.00000494,2025005.00,59927853,59927853,1782887004716162,True,True
40712314,0.00000494,1310766.00,59927854,59927855,1782887022784587,True,True
40712315,0.00000494,1740514.00,59927856,59927856,1782887032775313,True,True
40712316,0.00000494,1372504.00,59927857,59927858,1782887092775376,True,True
40712317,0.00000494,1664859.00,59927859,59927859,1782887142782481,True,True
40712318,0.00000494,1224287.00,59927860,59927861,1782887152774444,True,True
40712319,0.00000494,14694269.00,59927862,59927865,1782887195151472,True,True
40712320,0.00000494,1350091.00,59927866,59927866,1782887197774088,True,True
40712321,0.00000494,1380647.00,59927867,59927867,1782887212783019,True,True
40712322,0.00000495,2349000.00,59927868,59927868,1782887240112019,False,True
40712323,0.00000495,4470000.00,59927869,59927869,1782887251680299,False,True
40712324,0.00000494,1596866.00,59927870,59927870,1782887262774527,True,True
40712325,0.00000494,1587497.00,59927871,59927871,1782887272774347,True,True
40712326,0.00000494,2910283.00,59927872,59927873,1782887293226784,True,True
40712327,0.00000494,1574838.00,59927874,59927874,1782887332774577,True,True
40712328,0.00000494,1488076.00,59927875,59927875,1782887392775074,True,True
40712329,0.00000494,1650298.00,59927876,59927876,1782887452774493,True,True
40712330,0.00000495,7817819.00,59927877,59927877,1782887494436372,False,True
40712331,0.00000494,1336449.00,59927878,59927878,1782887512774654,True,True
40712332,0.00000494,1339980.00,59927879,59927879,1782887572774974,True,True
40712333,0.00000494,1671829.00,59927880,59927880,1782887632775389,True,True
40712334,0.00000494,69912597.00,59927881,59927892,1782887672914933,True,True
40712335,0.00000493,1600877.00,59927893,59927893,1782887692776014,True,True
40712336,0.00000492,1530812.00,59927894,59927894,1782887752775688,True,True
40712337,0.00000492,1245137.00,59927895,59927895,1782887812775058,True,True
40712338,0.00000492,6375922.00,59927896,59927896,1782887824720823,True,True
40712339,0.00000491,1459474.00,59927897,59927897,1782887872776815,True,True
40712340,0.00000492,5692000.00,59927898,59927899,1782887895264497,True,True
40712341,0.00000492,1590798.00,59927900,59927900,1782887922776285,True,True
40712342,0.00000492,3490502.00,59927901,59927901,1782887922777298,True,True
40712343,0.00000491,1501842.00,59927902,59927903,1782887932776117,True,True
40712344,0.00000492,1705663.00,59927904,59927904,1782887992777561,True,True
40712345,0.00000492,2000000.00,59927905,59927905,1782888027052381,True,True
40712346,0.00000492,1802477.00,59927906,59927906,1782888052774657,True,True
40712347,0.00000492,13157893.00,59927907,59927907,1782888107478762,True,True
40712348,0.00000491,1529246.00,59927908,59927909,1782888112774663,True,True
40712349,0.00000492,2030456.00,59927910,59927910,1782888124232659,False,True
40712350,0.00000492,2030456.00,59927911,59927911,1782888157624504,False,True
40712351,0.00000492,2030456.00,59927912,59927912,1782888158142637,False,True
40712352,0.00000492,1943242.00,59927913,59927913,1782888158694804,False,True
40712353,0.00000491,1463056.00,59927914,59927914,1782888172775458,True,True
40712354,0.00000491,1432148.00,59927915,59927915,1782888232774964,True,True
40712355,0.00000491,1559884.00,59927916,59927916,1782888292774824,True,True
40712356,0.00000491,1722917.00,59927917,59927917,1782888352775038,True,True
40712357,0.00000491,2027500.00,59927918,59927918,1782888356193559,True,True
40712358,0.00000491,31096698.00,59927919,59927919,1782888395475188,True,True
40712359,0.00000490,1805678.00,59927920,59927920,1782888412775168,True,True
40712360,0.00000491,1548072.00,59927921,59927921,1782888472774519,True,True
40712361,0.00000491,1454752.00,59927922,59927922,1782888532774827,True,True
40712362,0.00000491,1677849.00,59927923,59927923,1782888592776417,True,True
40712363,0.00000492,44220304.00,59927924,59927925,1782888624110683,False,True
40712364,0.00000491,7910750.00,59927926,59927926,1782888626433445,True,True
40712365,0.00000492,7099391.00,59927927,59927927,1782888635135028,True,True
40712366,0.00000491,7099391.00,59927928,59927928,1782888635135196,True,True
40712367,0.00000491,7099391.00,59927929,59927929,1782888635135694,True,True
40712368,0.00000491,1596248.00,59927930,59927930,1782888652774911,True,True
40712369,0.00000492,28129457.00,59927931,59927933,1782888662534962,False,True
40712370,0.00000492,1380263.00,59927934,59927934,1782888663307728,False,True
40712371,0.00000493,19066937.00,59927935,59927935,1782888688153991,False,True
40712372,0.00000492,1488932.00,59927936,59927936,1782888702774458,True,True
40712373,0.00000492,20426752.00,59927937,59927938,1782888710323270,True,True
40712374,0.00000491,1354156.00,59927939,59927939,1782888712774263,True,True
40712375,0.00000492,1570106.00,59927940,59927940,1782888762774367,True,True
40712376,0.00000491,1625354.00,59927941,59927942,1782888772774963,True,True
40712377,0.00000491,1805185.00,59927943,59927943,1782888832774691,True,True
40712378,0.00000491,1497831.00,59927944,59927944,1782888892775249,True,True
40712379,0.00000491,1239827.00,59927945,59927945,1782888952774821,True,True
40712380,0.00000491,1335921.00,59927946,59927946,1782889012776863,True,True
40712381,0.00000491,1808867.00,59927947,59927947,1782889072774821,True,True
40712382,0.00000491,1370102.00,59927948,59927948,1782889132774988,True,True
40712383,0.00000491,1621920.00,59927949,59927949,1782889192774741,True,True
40712384,0.00000491,1613494.00,59927950,59927950,1782889252776096,True,True
40712385,0.00000492,54105167.00,59927951,59927952,1782889263535522,False,True
40712386,0.00000491,1512322.00,59927953,59927953,1782889312775165,True,True
40712387,0.00000491,14964139.00,59927954,59927954,1782889345571623,True,True
40712388,0.00000491,1550014.00,59927955,59927955,1782889372774470,True,True
40712389,0.00000491,1721272.00,59927956,59927956,1782889432775329,True,True
40712390,0.00000491,1390378.00,59927957,59927957,1782889492775305,True,True
40712391,0.00000491,1536454.00,59927958,59927958,1782889552774230,True,True
40712392,0.00000492,177431302.00,59927959,59927960,1782889569094730,False,True
40712393,0.00000491,2138240.00,59927961,59927961,1782889612775605,True,True
40712394,0.00000491,1486585.00,59927962,59927962,1782889657773997,True,True
40712395,0.00000491,1747918.00,59927963,59927963,1782889672774767,True,True
40712396,0.00000492,3675000.00,59927964,59927965,1782889707490517,False,True
40712397,0.00000491,1807136.00,59927966,59927966,1782889732774056,True,True
40712398,0.00000492,6559000.00,59927967,59927967,1782889737953787,False,True
40712399,0.00000492,6559000.00,59927968,59927969,1782889737999288,False,True
40712400,0.00000491,1589072.00,59927970,59927970,1782889792774777,True,True
40712401,0.00000491,1298367.00,59927971,59927971,1782889852774032,True,True
40712402,0.00000491,1566884.00,59927972,59927972,1782889897773916,True,True
40712403,0.00000491,6687488.00,59927973,59927973,1782889900369405,True,True
40712404,0.00000491,1680823.00,59927974,59927974,1782889912775015,True,True
40712405,0.00000491,1559757.00,59927975,59927975,1782889972782614,True,True
40712406,0.00000491,1301076.00,59927976,59927976,1782890032783253,True,True
40712407,0.00000491,93048819.00,59927977,59927985,1782890069247883,True,True
40712408,0.00000492,3541000.00,59927986,59927986,1782890069474895,False,True
40712409,0.00000491,1279050.00,59927987,59927987,1782890092782472,True,True
40712410,0.00000491,1534558.00,59927988,59927988,1782890127775008,True,True
40712411,0.00000491,1261883.00,59927989,59927989,1782890152784142,True,True
40712412,0.00000491,1685257.00,59927990,59927990,1782890202774899,True,True
40712413,0.00000491,1733488.00,59927991,59927991,1782890212783803,True,True
40712414,0.00000492,1726788.00,59927992,59927992,1782890272782844,True,True
40712415,0.00000492,1555764.00,59927993,59927993,1782890332786921,True,True
40712416,0.00000492,1713612.00,59927994,59927994,1782890392783332,True,True
40712417,0.00000492,4674796.00,59927995,59927995,1782890398881838,True,True
40712418,0.00000492,2029989.00,59927996,59927996,1782890398883625,True,True
40712419,0.00000492,1380595.00,59927997,59927997,1782890398883838,True,True
40712420,0.00000493,12170385.00,59927998,59927999,1782890531583813,False,True
40712421,0.00000492,12158214.00,59928000,59928001,1782890547052954,True,True
40712422,0.00000492,1578702.00,59928002,59928002,1782890564096188,True,True
40712423,0.00000493,174643931.00,59928003,59928003,1782890636028738,False,True
40712424,0.00000494,77441423.00,59928004,59928004,1782890639561113,True,True
40712425,0.00000494,46464825.00,59928005,59928005,1782890678313953,True,True
40712426,0.00000494,44439433.00,59928006,59928006,1782890698527134,False,True
40712427,0.00000495,161687498.00,59928007,59928011,1782890698528125,False,True
40712428,0.00000496,49959158.00,59928012,59928014,1782890698797768,False,True
40712429,0.00000496,99918316.00,59928015,59928015,1782890698806698,False,True
40712430,0.00000496,2018163.00,59928016,59928016,1782890698808700,False,True
40712431,0.00000496,1455516.00,59928017,59928017,1782890698808909,False,True
40712432,0.00000496,77558517.00,59928018,59928028,1782890704587506,False,True
40712433,0.00000496,2014098.00,59928029,59928029,1782890704589959,True,True
40712434,0.00000496,2410000.00,59928030,59928030,1782890704590824,True,True
40712435,0.00000496,1184468.00,59928031,59928031,1782890704616431,True,True
40712436,0.00000496,88180000.00,59928032,59928033,1782890704880051,True,True
40712437,0.00000496,17941274.00,59928034,59928034,1782890705276443,True,True
40712438,0.00000494,52976522.00,59928035,59928036,1782890750501437,True,True
40712439,0.00000494,1214574.00,59928037,59928037,1782890955167006,False,True
40712440,0.00000492,6903344.00,59928038,59928038,1782891229087519,True,True
40712441,0.00000494,2024291.00,59928039,59928039,1782891306841191,False,True
