91020790,4.55300000,2.33000000,160013010,160013011,1782864000971340,False,True
91020791,4.55400000,2.33000000,160013012,160013013,1782864005825307,False,True
91020792,4.55500000,5.22000000,160013014,160013016,1782864007330721,False,True
91020793,4.55600000,2.33000000,160013017,160013018,1782864008727367,False,True
91020794,4.55700000,3.98000000,160013019,160013021,1782864008783659,False,True
91020795,4.55700000,6.75000000,160013022,160013022,1782864009093725,True,True
91020796,4.55600000,0.53000000,160013023,160013023,1782864009093725,True,True
91020797,4.55800000,2.30000000,160013024,160013025,1782864012128605,False,True
91020798,4.55800000,0.03000000,160013026,160013026,1782864012128647,False,True
91020799,4.55900000,2.33000000,160013027,160013028,1782864012415012,False,True
91020800,4.56000000,6.43000000,160013029,160013033,1782864012415582,False,True
91020801,4.56100000,1.21000000,160013034,160013035,1782864012417297,False,True
91020802,4.56100000,14.20000000,160013036,160013039,1782864012418770,False,True
91020803,4.56200000,2.33000000,160013040,160013041,1782864014426001,False,True
91020804,4.56300000,2.33000000,160013042,160013043,1782864016249340,False,True
91020805,4.56400000,3.98000000,160013044,160013046,1782864016250696,False,True
91020806,4.56500000,8.05000000,160013047,160013051,1782864016251382,False,True
91020807,4.56600000,70.26000000,160013052,160013056,1782864016252722,False,True
91020808,4.56600000,1.21000000,160013057,160013057,1782864016253103,False,True
91020809,4.56600000,3.31000000,160013058,160013058,1782864016254322,False,True
91020810,4.56700000,3.98000000,160013059,160013061,1782864016263982,False,True
91020811,4.56800000,94.06000000,160013062,160013067,1782864016266322,False,True
91020812,4.56800000,21.31000000,160013068,160013068,1782864016267775,False,True
91020813,4.56900000,68.03000000,160013069,160013072,1782864016269592,False,True
91020814,4.56900000,11.19000000,160013073,160013073,1782864016271821,True,True
91020815,4.56800000,8.08000000,160013074,160013074,1782864016271821,True,True
91020816,4.57000000,20.66000000,160013075,160013079,1782864016272467,False,True
91020817,4.56900000,6.55000000,160013080,160013080,1782864016272508,True,True
91020818,4.56900000,6.56000000,160013081,160013081,1782864016273291,True,True
91020819,4.56900000,6.56000000,160013082,160013082,1782864016273473,True,True
91020820,4.56900000,7.64000000,160013083,160013083,1782864016275397,False,True
91020821,4.56900000,20.10000000,160013084,160013084,1782864016276296,False,True
91020822,4.56900000,11.00000000,160013085,160013085,1782864016276736,False,True
91020823,4.57000000,181.26000000,160013086,160013087,1782864016276886,False,True
91020824,4.57000000,220.00000000,160013088,160013088,1782864016277751,False,True
91020825,4.57000000,106.94000000,160013089,160013090,1782864016278341,False,True
91020826,4.57000000,42.55000000,160013091,160013091,1782864016280636,False,True
91020827,4.57100000,53.91000000,160013092,160013096,1782864016281827,False,True
91020828,4.57100000,27.96000000,160013097,160013097,1782864016282076,False,True
91020829,4.57100000,41.19000000,160013098,160013098,1782864016285147,False,True
91020830,4.57100000,20.10000000,160013099,160013099,1782864016289673,False,True
91020831,4.57200000,37.35000000,160013100,160013104,1782864016296464,False,True
91020832,4.57200000,110.00000000,160013105,160013107,1782864016296588,False,True
91020833,4.57100000,20.10000000,160013108,160013108,1782864016297783,False,True
91020834,4.57200000,139.15000000,160013109,160013109,1782864016297783,False,True
91020835,4.57200000,20.10000000,160013110,160013110,1782864016302130,False,True
91020836,4.57300000,150.65000000,160013111,160013113,1782864016302130,False,True
91020837,4.57300000,440.00000000,160013114,160013114,1782864016303199,False,True
91020838,4.57300000,110.00000000,160013115,160013115,1782864016303429,False,True
91020839,4.57300000,15.25000000,160013116,160013118,1782864016305098,False,True
91020840,4.57300000,20.10000000,160013119,160013119,1782864016308372,False,True
91020841,4.57300000,6.73000000,160013120,160013120,1782864016310688,False,True
91020842,4.57400000,177.92000000,160013121,160013127,1782864016310688,False,True
91020843,4.57200000,66.60000000,160013128,160013128,1782864016322056,False,True
91020844,4.57400000,20.51000000,160013129,160013130,1782864016322056,False,True
91020845,4.57500000,112.54000000,160013131,160013135,1782864016322056,False,True
91020846,4.57600000,169.58000000,160013136,160013144,1782864016322056,False,True
91020847,4.57700000,474.01000000,160013145,160013146,1782864016322056,False,True
91020848,4.57700000,35.03000000,160013147,160013147,1782864016323379,False,True
91020849,4.57300000,1.21000000,160013148,160013148,1782864016323834,False,True
91020850,4.57300000,0.44000000,160013149,160013149,1782864016325034,False,True
91020851,4.57600000,20.10000000,160013150,160013150,1782864016325437,False,True
91020852,4.57700000,41.26000000,160013151,160013153,1782864016325437,False,True
91020853,4.57800000,47.59000000,160013154,160013159,1782864016325437,False,True
91020854,4.57900000,14.00000000,160013160,160013163,1782864016325437,False,True
91020855,4.58000000,14.52000000,160013164,160013169,1782864016325437,False,True
91020856,4.58100000,81.50000000,160013170,160013172,1782864016325437,False,True
91020857,4.58100000,7.80000000,160013173,160013173,1782864016325528,False,True
91020858,4.58100000,60.59000000,160013174,160013174,1782864016326063,False,True
91020859,4.57700000,1.12000000,160013175,160013175,1782864016327663,False,True
91020860,4.58000000,88.11000000,160013176,160013177,1782864016327663,False,True
91020861,4.58100000,20.77000000,160013178,160013178,1782864016327663,False,True
91020862,4.58100000,110.00000000,160013179,160013179,1782864016328296,False,True
91020863,4.58100000,49.96000000,160013180,160013182,1782864016328362,False,True
91020864,4.58200000,4.82000000,160013183,160013186,1782864016328362,False,True
91020865,4.57900000,10.56000000,160013187,160013187,1782864016330604,True,True
91020866,4.58000000,10.56000000,160013188,160013188,1782864016332012,True,True
91020867,4.57900000,6.54000000,160013189,160013189,1782864016334063,True,True
91020868,4.57800000,46.74000000,160013190,160013190,1782864016335953,True,True
91020869,4.57700000,25.74000000,160013191,160013191,1782864016335953,True,True
91020870,4.57700000,19.38000000,160013192,160013192,1782864016369757,True,True
91020871,4.57900000,10.11000000,160013193,160013194,1782864016520254,False,True
91020872,4.57900000,2.05000000,160013195,160013195,1782864016590626,False,True
91020873,4.58000000,40.93000000,160013196,160013197,1782864016590626,False,True
91020874,4.58000000,7.46000000,160013198,160013200,1782864016600139,False,True
91020875,4.58100000,39.05000000,160013201,160013202,1782864016600139,False,True
91020876,4.57900000,20.10000000,160013203,160013203,1782864016600938,True,True
91020877,4.57900000,57.30000000,160013204,160013204,1782864016867681,False,True
91020878,4.58000000,1.64000000,160013205,160013205,1782864016889485,False,True
91020879,4.58100000,35.22000000,160013206,160013207,1782864016889485,False,True
91020880,4.58100000,1.64000000,160013208,160013209,1782864016912476,False,True
91020881,4.58200000,4.78000000,160013210,160013213,1782864016914487,False,True
91020882,4.58300000,1.21000000,160013214,160013215,1782864016915900,False,True
91020883,4.58300000,26.32000000,160013216,160013218,1782864016916130,False,True
91020884,4.58300000,24.58000000,160013219,160013220,1782864016953030,True,True
91020885,4.58300000,2.20000000,160013221,160013221,1782864017009300,True,True
91020886,4.58400000,18.90000000,160013222,160013226,1782864017092703,False,True
91020887,4.58500000,9.28000000,160013227,160013228,1782864017126763,False,True
91020888,4.58500000,9.28000000,160013229,160013229,1782864017126819,False,True
91020889,4.58500000,8.96000000,160013230,160013232,1782864017127457,False,True
91020890,4.58500000,0.32000000,160013233,160013233,1782864017268243,True,True
91020891,4.58400000,21.22000000,160013234,160013235,1782864017293247,True,True
91020892,4.58400000,9.28000000,160013236,160013236,1782864017297818,False,True
91020893,4.58300000,1.44000000,160013237,160013238,1782864017392077,True,True
91020894,4.58300000,4.60000000,160013239,160013241,1782864017393610,True,True
91020895,4.58400000,9.28000000,160013242,160013242,1782864017395719,False,True
91020896,4.58400000,10.82000000,160013243,160013243,1782864017576727,False,True
91020897,4.58300000,1.31000000,160013244,160013244,1782864018007769,True,True
91020898,4.58300000,18.79000000,160013245,160013245,1782864018046834,True,True
91020899,4.58200000,2.76000000,160013246,160013247,1782864018075915,True,True
91020900,4.58100000,10.96000000,160013248,160013251,1782864018875568,True,True
91020901,4.58000000,202.76000000,160013252,160013254,1782864018877546,True,True
91020902,4.57900000,2.76000000,160013255,160013256,1782864019452832,True,True
91020903,4.57800000,21.74000000,160013257,160013258,1782864019453935,True,True
91020904,4.57700000,5.21000000,160013259,160013262,1782864019456609,True,True
91020905,4.57800000,30.30000000,160013263,160013264,1782864021176785,False,True
91020906,4.57800000,0.03000000,160013265,160013265,1782864021177632,False,True
91020907,4.57800000,8.85000000,160013266,160013266,1782864021412181,True,True
91020908,4.57900000,2.30000000,160013267,160013268,1782864021561154,False,True
91020909,4.57900000,0.03000000,160013269,160013269,1782864021561583,False,True
91020910,4.58000000,1.12000000,160013270,160013270,1782864021574723,False,True
91020911,4.58100000,2.76000000,160013271,160013272,1782864021657697,False,True
91020912,4.58200000,1.65000000,160013273,160013274,1782864021660574,False,True
91020913,4.58200000,2.18000000,160013275,160013276,1782864021662043,False,True
91020914,4.58200000,0.57000000,160013277,160013277,1782864021666996,False,True
91020915,4.58300000,1.12000000,160013278,160013278,1782864022271997,False,True
91020916,4.58400000,1.12000000,160013279,160013279,1782864022274871,False,True
91020917,4.58500000,1.64000000,160013280,160013280,1782864022276707,False,True
91020918,4.58500000,20.77000000,160013281,160013282,1782864022911756,True,True
91020919,4.58400000,20.10000000,160013283,160013283,1782864028378568,True,True
91020920,4.58300000,330.00000000,160013284,160013284,1782864028378675,True,True
91020921,4.58300000,88.78000000,160013285,160013285,1782864028378707,True,True
91020922,4.58300000,4.49000000,160013286,160013288,1782864028380102,True,True
91020923,4.58300000,20.10000000,160013289,160013289,1782864028735527,False,True
91020924,4.58400000,1.12000000,160013290,160013290,1782864028737006,False,True
91020925,4.58500000,2.76000000,160013291,160013292,1782864029014008,False,True
91020926,4.58600000,12.56000000,160013293,160013298,1782864029014017,False,True
91020927,4.58700000,1.21000000,160013299,160013300,1782864029015697,False,True
91020928,4.58600000,20.10000000,160013301,160013301,1782864031797211,True,True
91020929,4.58600000,4.10000000,160013302,160013302,1782864032137529,False,True
91020930,4.58700000,4.36000000,160013303,160013305,1782864033394718,False,True
91020931,4.58700000,22.88000000,160013306,160013307,1782864036158459,True,True
91020932,4.58600000,70.42000000,160013308,160013309,1782864036158459,True,True
91020933,4.58600000,1.64000000,160013310,160013310,1782864036160117,True,True
91020934,4.58500000,64.28000000,160013311,160013312,1782864036228976,True,True
91020935,4.58800000,8.63000000,160013313,160013316,1782864036560084,False,True
91020936,4.58700000,2.20000000,160013317,160013318,1782864038973220,True,True
91020937,4.58700000,267.85000000,160013319,160013319,1782864042332883,True,True
91020938,4.58800000,1.12000000,160013320,160013320,1782864046861619,False,True
91020939,4.58900000,0.28000000,160013321,160013321,1782864046861619,False,True
91020940,4.58900000,2.04000000,160013322,160013323,1782864048590091,False,True
91020941,4.59000000,30.38000000,160013324,160013327,1782864050497481,False,True
91020942,4.59100000,22.42000000,160013328,160013330,1782864050689593,False,True
91020943,4.59200000,22.32000000,160013331,160013333,1782864050846675,False,True
91020944,4.59100000,2.75000000,160013334,160013335,1782864051175087,True,True
91020945,4.59000000,7.25000000,160013336,160013338,1782864051247628,True,True
91020946,4.58900000,4.40000000,160013339,160013341,1782864051269464,True,True
91020947,4.58800000,2.32000000,160013342,160013343,1782864051546697,True,True
91020948,4.58700000,4.96000000,160013344,160013347,1782864051546697,True,True
91020949,4.58800000,9.28000000,160013348,160013348,1782864052458991,False,True
91020950,4.58800000,10.82000000,160013349,160013349,1782864052462349,False,True
91020951,4.58700000,2.26000000,160013350,160013350,1782864061312625,True,True
91020952,4.58700000,1.12000000,160013351,160013351,1782864063063028,True,True
91020953,4.58600000,3.96000000,160013352,160013354,1782864063108971,True,True
91020954,4.58500000,5.60000000,160013355,160013358,1782864063111685,True,True
91020955,4.58400000,3.96000000,160013359,160013361,1782864063116257,True,True
91020956,4.58400000,7.84000000,160013362,160013362,1782864063118698,False,True
91020957,4.58500000,1.12000000,160013363,160013363,1782864063318585,False,True
91020958,4.58600000,1.12000000,160013364,160013364,1782864063337178,False,True
91020959,4.58700000,1.12000000,160013365,160013365,1782864063585614,False,True
91020960,4.58800000,17.85000000,160013366,160013369,1782864063587174,False,True
91020961,4.58900000,13.32000000,160013370,160013372,1782864063944194,False,True
91020962,4.59000000,1.12000000,160013373,160013373,1782864064132700,False,True
91020963,4.59000000,4.48000000,160013374,160013374,1782864069252931,True,True
91020964,4.59000000,127.86000000,160013375,160013375,1782864069255763,False,True
91020965,4.59000000,20.10000000,160013376,160013376,1782864070152772,True,True
91020966,4.59000000,93.07000000,160013377,160013377,1782864070181063,False,True
91020967,4.59000000,9.28000000,160013378,160013378,1782864070303739,False,True
91020968,4.59000000,10.82000000,160013379,160013379,1782864070332706,False,True
91020969,4.58900000,21.22000000,160013380,160013381,1782864073261740,True,True
91020970,4.59000000,20.10000000,160013382,160013382,1782864081018168,False,True
91020971,4.59100000,1.90000000,160013383,160013384,1782864081018168,False,True
91020972,4.59100000,0.42000000,160013385,160013385,1782864081901677,False,True
91020973,4.59100000,4.25000000,160013386,160013386,1782864082253404,True,True
91020974,4.59200000,2.30000000,160013387,160013388,1782864085015158,False,True
91020975,4.59200000,0.02000000,160013389,160013389,1782864085015782,False,True
91020976,4.59300000,1.64000000,160013390,160013391,1782864089668256,False,True
91020977,4.59300000,1.64000000,160013392,160013392,1782864089668302,False,True
91020978,4.59300000,1.64000000,160013393,160013393,1782864089668305,False,True
91020979,4.59300000,1.64000000,160013394,160013394,1782864089668342,False,True
91020980,4.59300000,1.64000000,160013395,160013395,1782864089676973,False,True
91020981,4.59300000,1.64000000,160013396,160013396,1782864089677233,False,True
91020982,4.59200000,20.10000000,160013397,160013397,1782864096010267,True,True
91020983,4.59200000,117.05000000,160013398,160013400,1782864096010882,True,True
91020984,4.59200000,26.61000000,160013401,160013401,1782864096011287,True,True
91020985,4.59200000,18.56000000,160013402,160013402,1782864098012535,False,True
91020986,4.59300000,1.64000000,160013403,160013403,1782864098854361,False,True
91020987,4.59300000,1.64000000,160013404,160013404,1782864098854371,False,True
91020988,4.59300000,1.64000000,160013405,160013405,1782864098854489,False,True
91020989,4.59300000,1.64000000,160013406,160013406,1782864098854511,False,True
91020990,4.59300000,1.64000000,160013407,160013407,1782864098854587,False,True
91020991,4.59300000,48.30000000,160013408,160013409,1782864098854642,False,True
91020992,4.59400000,19.31000000,160013410,160013414,1782864098854889,False,True
91020993,4.59500000,9.11000000,160013415,160013420,1782864098854889,False,True
91020994,4.59600000,10.28000000,160013421,160013423,1782864098854889,False,True
91020995,4.59600000,100.10000000,160013424,160013429,1782864098854931,False,True
91020996,4.59600000,55.44000000,160013430,160013430,1782864098854974,False,True
91020997,4.59700000,3.66000000,160013431,160013433,1782864098854974,False,True
91020998,4.59700000,34.50000000,160013434,160013435,1782864098855022,False,True
91020999,4.59600000,17.39000000,160013436,160013436,1782864098856275,True,True
91021000,4.59600000,3.36000000,160013437,160013437,1782864098856610,True,True
91021001,4.59500000,1.84000000,160013438,160013438,1782864098856716,False,True
91021002,4.59400000,19.16000000,160013439,160013439,1782864098856998,True,True
91021003,4.59400000,4.42000000,160013440,160013440,1782864098857476,True,True
91021004,4.59400000,17.40000000,160013441,160013441,1782864098857514,True,True
91021005,4.59400000,17.39000000,160013442,160013442,1782864098857749,True,True
91021006,4.59400000,3.06000000,160013443,160013443,1782864098857761,True,True
91021007,4.59400000,1.20000000,160013444,160013444,1782864098858668,True,True
91021008,4.59300000,8.46000000,160013445,160013445,1782864098858668,True,True
91021009,4.59500000,6.51000000,160013446,160013446,1782864098863695,True,True
91021010,4.59500000,6.51000000,160013447,160013447,1782864098865298,True,True
91021011,4.59500000,6.51000000,160013448,160013448,1782864098865587,True,True
91021012,4.59500000,4.00000000,160013449,160013449,1782864098867422,True,True
91021013,4.59400000,2.52000000,160013450,160013450,1782864098867422,True,True
91021014,4.59600000,3.36000000,160013451,160013451,1782864111383288,False,True
91021015,4.59600000,22.05000000,160013452,160013452,1782864115146556,True,True
91021016,4.59600000,34.45000000,160013453,160013453,1782864115148077,True,True
91021017,4.59500000,1.11000000,160013454,160013454,1782864122973165,True,True
91021018,4.59500000,2.75000000,160013455,160013456,1782864126065416,True,True
91021019,4.59400000,42.77000000,160013457,160013459,1782864126065416,True,True
91021020,4.59400000,1.64000000,160013460,160013460,1782864126066747,True,True
91021021,4.59300000,544.55000000,160013461,160013467,1782864126066747,True,True
91021022,4.59300000,1.64000000,160013468,160013468,1782864126067936,True,True
91021023,4.59200000,61.69000000,160013469,160013472,1782864126067936,True,True
91021024,4.59100000,1.20000000,160013473,160013474,1782864126068407,True,True
91021025,4.59100000,502.38000000,160013475,160013478,1782864126069278,True,True
91021026,4.59000000,3.96000000,160013479,160013481,1782864126070582,True,True
91021027,4.58900000,2.17000000,160013482,160013483,1782864126075873,True,True
91021028,4.59100000,3.26000000,160013484,160013485,1782864130895114,False,True
91021029,4.59000000,9.28000000,160013486,160013486,1782864139487664,False,True
91021030,4.59000000,9.28000000,160013487,160013487,1782864139487947,False,True
91021031,4.59000000,9.14000000,160013488,160013489,1782864139488561,False,True
91021032,4.59000000,2.60000000,160013490,160013490,1782864139661877,False,True
91021033,4.59000000,2.35000000,160013491,160013491,1782864139661956,False,True
91021034,4.59100000,1.12000000,160013492,160013492,1782864139662005,False,True
91021035,4.59200000,1.48000000,160013493,160013493,1782864139662005,False,True
91021036,4.59200000,2.60000000,160013494,160013494,1782864139662110,False,True
91021037,4.59200000,2.60000000,160013495,160013495,1782864139662272,False,True
91021038,4.59200000,6.80000000,160013496,160013500,1782864139663423,False,True
91021039,4.59300000,1.20000000,160013501,160013501,1782864139665175,False,True
91021040,4.59300000,22.42000000,160013502,160013504,1782864146934659,False,True
91021041,4.59400000,1.40000000,160013505,160013506,1782864155331416,False,True
91021042,4.59400000,0.92000000,160013507,160013507,1782864155333484,False,True
91021043,4.59500000,2.32000000,160013508,160013509,1782864160433731,False,True
91021044,4.59600000,0.58000000,160013510,160013510,1782864160433731,False,True
91021045,4.59600000,2.90000000,160013511,160013513,1782864160433737,False,True
91021046,4.59600000,0.04000000,160013514,160013514,1782864160433811,False,True
91021047,4.59700000,2.86000000,160013515,160013516,1782864160433811,False,True
91021048,4.59700000,2.90000000,160013517,160013517,1782864160433956,False,True
91021049,4.59700000,1.20000000,160013518,160013518,1782864160435570,False,True
91021050,4.59600000,20.10000000,160013519,160013520,1782864171778225,True,True
91021051,4.59600000,100.00000000,160013521,160013524,1782864171778300,True,True
91021052,4.59600000,3.20000000,160013525,160013525,1782864177005023,True,True
91021053,4.59600000,76.44000000,160013526,160013529,1782864177264074,True,True
91021054,4.59500000,1.11000000,160013530,160013530,1782864191065273,True,True
91021055,4.59400000,3.95000000,160013531,160013533,1782864191069143,True,True
91021056,4.59300000,6.79000000,160013534,160013538,1782864191072594,True,True
91021057,4.59300000,31.43000000,160013539,160013540,1782864191073783,True,True
91021058,4.59300000,38.22000000,160013541,160013543,1782864191073851,True,True
91021059,4.59300000,20.31000000,160013544,160013545,1782864191074904,True,True
91021060,4.59300000,17.91000000,160013546,160013546,1782864191076048,True,True
91021061,4.59200000,3.95000000,160013547,160013549,1782864191144816,True,True
91021062,4.59100000,5.59000000,160013550,160013553,1782864191150293,True,True
91021063,4.59000000,3.95000000,160013554,160013556,1782864193542795,True,True
91021064,4.59000000,7.38000000,160013557,160013557,1782864197665366,True,True
91021065,4.59000000,12.72000000,160013558,160013558,1782864197690404,True,True
91021066,4.58900000,1.79000000,160013559,160013560,1782864199170484,True,True
91021067,4.58800000,2.32000000,160013561,160013562,1782864199420557,True,True
91021068,4.58700000,5.60000000,160013563,160013566,1782864199489157,True,True
91021069,4.58600000,2.32000000,160013567,160013568,1782864199694766,True,True
91021070,4.58500000,2.32000000,160013569,160013570,1782864199808718,True,True
91021071,4.58500000,10.89000000,160013571,160013571,1782864200801928,False,True
91021072,4.58400000,2.32000000,160013572,160013573,1782864200955454,True,True
91021073,4.58300000,2.30000000,160013574,160013575,1782864201789119,True,True
91021074,4.58300000,0.03000000,160013576,160013576,1782864201789346,True,True
91021075,4.58200000,2.33000000,160013577,160013578,1782864202006614,True,True
91021076,4.58100000,5.61000000,160013579,160013582,1782864202033114,True,True
91021077,4.58200000,2.76000000,160013583,160013584,1782864203832523,False,True
91021078,4.58300000,2.76000000,160013585,160013586,1782864203834472,False,True
91021079,4.58400000,2.32000000,160013587,160013588,1782864212149803,False,True
91021080,4.58500000,2.76000000,160013589,160013590,1782864212149803,False,True
91021081,4.58600000,2.32000000,160013591,160013592,1782864212149856,False,True
91021082,4.58700000,3.52000000,160013593,160013595,1782864212149856,False,True
91021083,4.58600000,1.20000000,160013596,160013596,1782864212152932,False,True
91021084,4.58800000,0.97000000,160013597,160013597,1782864212152932,False,True
91021085,4.58800000,1.22000000,160013598,160013599,1782864212168302,False,True
91021086,4.58800000,1.20000000,160013600,160013600,1782864216206508,False,True
91021087,4.58900000,44.20000000,160013601,160013603,1782864218836469,False,True
91021088,4.59000000,2.76000000,160013604,160013605,1782864218838025,False,True
91021089,4.59000000,1.20000000,160013606,160013606,1782864220672969,False,True
91021090,4.59100000,2.30000000,160013607,160013608,1782864220831922,False,True
91021091,4.59100000,0.02000000,160013609,160013609,1782864220832052,False,True
91021092,4.59200000,5.60000000,160013610,160013613,1782864221065385,False,True
91021093,4.59300000,3.96000000,160013614,160013616,1782864221096924,False,True
91021094,4.59400000,2.30000000,160013617,160013618,1782864222468804,False,True
91021095,4.59400000,0.01000000,160013619,160013619,1782864222470237,False,True
91021096,4.59500000,2.31000000,160013620,160013621,1782864222745401,False,True
91021097,4.59500000,132.45000000,160013622,160013629,1782864232731447,True,True
91021098,4.59400000,21.64000000,160013630,160013632,1782864232731447,True,True
91021099,4.59300000,744.08000000,160013633,160013641,1782864232731447,True,True
91021100,4.59200000,137.07000000,160013642,160013647,1782864232732805,True,True
91021101,4.59200000,1.20000000,160013648,160013648,1782864232734581,True,True
91021102,4.59200000,38.34000000,160013649,160013651,1782864234977224,False,True
91021103,4.59300000,85.42000000,160013652,160013655,1782864234977224,False,True
91021104,4.59300000,97.64000000,160013656,160013656,1782864234978636,True,True
91021105,4.59300000,2.17000000,160013657,160013657,1782864234981303,True,True
91021106,4.59400000,3.96000000,160013658,160013660,1782864240855919,False,True
91021107,4.59400000,20.10000000,160013661,160013661,1782864249041028,True,True
91021108,4.59300000,432.34000000,160013662,160013664,1782864249043540,True,True
91021109,4.59200000,1.12000000,160013665,160013666,1782864249045654,True,True
91021110,4.59200000,2.83000000,160013667,160013668,1782864249109162,True,True
91021111,4.59100000,2.31000000,160013669,160013670,1782864250142294,True,True
91021112,4.59000000,2.32000000,160013671,160013672,1782864250342423,True,True
91021113,4.58900000,2.32000000,160013673,160013674,1782864253782071,True,True
91021114,4.58800000,14.17000000,160013675,160013678,1782864253786850,True,True
91021115,4.58800000,51.59000000,160013679,160013679,1782864298296924,False,True
91021116,4.58900000,51.85000000,160013680,160013684,1782864298296924,False,True
91021117,4.59000000,116.05000000,160013685,160013690,1782864298296924,False,True
91021118,4.58900000,8.79000000,160013691,160013691,1782864305316568,True,True
91021119,4.58800000,2.76000000,160013692,160013693,1782864305316568,True,True
91021120,4.58700000,20.10000000,160013694,160013697,1782864305319837,True,True
91021121,4.58700000,3.90000000,160013698,160013699,1782864305321297,True,True
91021122,4.58700000,18.76000000,160013700,160013701,1782864305321345,True,True
91021123,4.58600000,7.41000000,160013702,160013706,1782864305436374,True,True
91021124,4.58600000,1.29000000,160013707,160013707,1782864306004646,True,True
91021125,4.58600000,24.38000000,160013708,160013709,1782864307756523,False,True
91021126,4.58700000,114.40000000,160013710,160013714,1782864307756523,False,True
91021127,4.58800000,615.67000000,160013715,160013726,1782864307756523,False,True
91021128,4.58900000,1725.38000000,160013727,160013734,1782864307756523,False,True
91021129,4.59000000,573.99000000,160013735,160013745,1782864307756523,False,True
91021130,4.59100000,85.94000000,160013746,160013750,1782864307756523,False,True
91021131,4.59000000,8.79000000,160013751,160013751,1782864307758223,True,True
91021132,4.58800000,1.20000000,160013752,160013752,1782864307758500,False,True
91021133,4.58700000,18.55000000,160013753,160013753,1782864307759325,True,True
91021134,4.58900000,24.12000000,160013754,160013755,1782864307791020,True,True
91021135,4.58900000,21.25000000,160013756,160013757,1782864317987235,False,True
91021136,4.59000000,3.96000000,160013758,160013759,1782864317987318,False,True
91021137,4.59000000,17.76000000,160013760,160013762,1782864317987360,False,True
91021138,4.59000000,1.15000000,160013763,160013763,1782864317987501,False,True
91021139,4.59100000,1.55000000,160013764,160013764,1782864317990021,False,True
91021140,4.59100000,2.17000000,160013765,160013767,1782864317992501,False,True
91021141,4.59100000,1.39000000,160013768,160013769,1782864317992735,False,True
91021142,4.59100000,9.39000000,160013770,160013770,1782864318425891,True,True
91021143,4.59000000,79.96000000,160013771,160013775,1782864318425891,True,True
91021144,4.59100000,4.11000000,160013776,160013776,1782864318427795,True,True
91021145,4.59000000,12.41000000,160013777,160013779,1782864318427795,True,True
91021146,4.58900000,4.40000000,160013780,160013782,1782864318427795,True,True
91021147,4.58800000,110.00000000,160013783,160013785,1782864326299079,True,True
91021148,4.58800000,37.89000000,160013786,160013786,1782864326299218,True,True
91021149,4.58800000,36.03000000,160013787,160013787,1782864326300318,True,True
91021150,4.58800000,147.89000000,160013788,160013788,1782864326301378,True,True
91021151,4.58800000,3.30000000,160013789,160013789,1782864326304112,True,True
91021152,4.58800000,22.20000000,160013790,160013790,1782864326304359,True,True
91021153,4.58800000,5.22000000,160013791,160013792,1782864326304630,True,True
91021154,4.58700000,5.36000000,160013793,160013794,1782864334201004,True,True
91021155,4.58600000,41.30000000,160013795,160013798,1782864336608525,True,True
91021156,4.58600000,9.41000000,160013799,160013800,1782864336611105,True,True
91021157,4.58600000,3.03000000,160013801,160013802,1782864336616608,True,True
91021158,4.58500000,4.88000000,160013803,160013806,1782864337054822,True,True
91021159,4.58400000,1.20000000,160013807,160013807,1782864337056906,True,True
91021160,4.58400000,4.77000000,160013808,160013810,1782864359974951,True,True
91021161,4.58400000,7.21000000,160013811,160013811,1782864359976399,True,True
91021162,4.58400000,4.77000000,160013812,160013814,1782864359992337,True,True
91021163,4.58300000,14.98000000,160013815,160013817,1782864366613433,True,True
91021164,4.58300000,1.15000000,160013818,160013818,1782864370897807,True,True
91021165,4.58200000,2.36000000,160013819,160013820,1782864375154295,True,True
91021166,4.58200000,2.38000000,160013821,160013822,1782864375980531,True,True
91021167,4.58100000,2.36000000,160013823,160013824,1782864407218719,True,True
91021168,4.58100000,2.33000000,160013825,160013826,1782864407246970,True,True
91021169,4.58100000,0.41000000,160013827,160013827,1782864412179519,True,True
91021170,4.58000000,2.33000000,160013828,160013829,1782864412179519,True,True
91021171,4.57900000,3.12000000,160013830,160013832,1782864438772984,True,True
91021172,4.57900000,12.11000000,160013833,160013833,1782864461710095,True,True
91021173,4.57900000,3.57000000,160013834,160013835,1782864463030984,True,True
91021174,4.57800000,3.74000000,160013836,160013838,1782864472024191,True,True
91021175,4.57700000,40.46000000,160013839,160013841,1782864472024191,True,True
91021176,4.57700000,1.20000000,160013842,160013842,1782864504390869,True,True
91021177,4.57700000,4.54000000,160013843,160013844,1782864504469259,True,True
91021178,4.57600000,1.42000000,160013845,160013846,1782864506118133,True,True
91021179,4.57600000,10.00000000,160013847,160013848,1782864516718083,True,True
91021180,4.57600000,16.00000000,160013849,160013849,1782864516718390,True,True
91021181,4.57600000,10.00000000,160013850,160013850,1782864516718394,True,True
91021182,4.57600000,10.00000000,160013851,160013851,1782864516718409,True,True
91021183,4.57600000,10.00000000,160013852,160013852,1782864516718537,True,True
91021184,4.57600000,23.35000000,160013853,160013855,1782864516718794,True,True
91021185,4.57500000,44.20000000,160013856,160013858,1782864516719109,True,True
91021186,4.57500000,152.95000000,160013859,160013859,1782864516719636,True,True
91021187,4.57500000,2.41000000,160013860,160013860,1782864516722684,True,True
91021188,4.57600000,324.29000000,160013861,160013867,1782864528281578,False,True
91021189,4.57700000,135.11000000,160013868,160013871,1782864528283582,False,True
91021190,4.57800000,5.79000000,160013872,160013876,1782864528285186,False,True
91021191,4.57800000,6.57000000,160013877,160013877,1782864528303059,True,True
91021192,4.57800000,18.56000000,160013878,160013878,1782864561090895,True,True
91021193,4.57800000,41.18000000,160013879,160013881,1782864561095517,True,True
91021194,4.57700000,13.39000000,160013882,160013883,1782864562152114,True,True
91021195,4.57700000,3.96000000,160013884,160013885,1782864562152236,True,True
91021196,4.57600000,1.80000000,160013886,160013887,1782864562208347,True,True
91021197,4.57600000,4.50000000,160013888,160013891,1782864562208414,True,True
91021198,4.57600000,2.80000000,160013892,160013892,1782864562208495,True,True
91021199,4.57600000,1.15000000,160013893,160013893,1782864564529276,True,True
91021200,4.57500000,905.44000000,160013894,160013898,1782864567381445,True,True
91021201,4.57400000,2.17000000,160013899,160013900,1782864567383711,True,True
91021202,4.57400000,1.40000000,160013901,160013902,1782864567383787,True,True
91021203,4.57400000,1.15000000,160013903,160013903,1782864578838745,True,True
91021204,4.57400000,2.34000000,160013904,160013905,1782864578863362,True,True
91021205,4.57400000,148.60000000,160013906,160013907,1782864588131276,False,True
91021206,4.57400000,1.15000000,160013908,160013908,1782864588267172,True,True
91021207,4.57300000,35.67000000,160013909,160013913,1782864593966109,True,True
91021208,4.57200000,44.20000000,160013914,160013916,1782864593966340,True,True
91021209,4.57200000,2.79000000,160013917,160013918,1782864593967510,True,True
91021210,4.57100000,16.45000000,160013919,160013924,1782864594118299,True,True
91021211,4.57000000,1.21000000,160013925,160013926,1782864594120217,True,True
91021212,4.57000000,2.76000000,160013927,160013928,1782864594168916,True,True
91021213,4.56900000,6.76000000,160013929,160013933,1782864594189206,True,True
91021214,4.56800000,6.41000000,160013934,160013937,1782864602114720,True,True
91021215,4.56700000,5.61000000,160013938,160013941,1782864602114720,True,True
91021216,4.56700000,150.42000000,160013942,160013944,1782864608980104,False,True
91021217,4.56700000,1.15000000,160013945,160013945,1782864608981365,False,True
91021218,4.56800000,100.00000000,160013946,160013948,1782864608981794,False,True
91021219,4.56800000,1.15000000,160013949,160013949,1782864608982864,False,True
91021220,4.56900000,203.50000000,160013950,160013955,1782864608984148,False,True
91021221,4.56900000,44.62000000,160013956,160013957,1782864608984171,False,True
91021222,4.56900000,1.15000000,160013958,160013958,1782864609084239,True,True
91021223,4.56800000,22.08000000,160013959,160013961,1782864609111433,True,True
91021224,4.56900000,1.15000000,160013962,160013962,1782864609427539,False,True
91021225,4.57000000,8.26000000,160013963,160013967,1782864609427539,False,True
91021226,4.57000000,1.44000000,160013968,160013969,1782864609429130,False,True
91021227,4.57000000,0.86000000,160013970,160013970,1782864609429155,False,True
91021228,4.57100000,19.24000000,160013971,160013974,1782864609429155,False,True
91021229,4.57100000,1.15000000,160013975,160013975,1782864609492020,False,True
91021230,4.57100000,1.15000000,160013976,160013976,1782864627947314,True,True
91021231,4.57000000,3.92000000,160013977,160013979,1782864627948438,True,True
91021232,4.57000000,20.10000000,160013980,160013981,1782864633235511,False,True
91021233,4.57000000,0.48000000,160013982,160013982,1782864633235975,False,True
91021234,4.57100000,8.47000000,160013983,160013986,1782864657142945,False,True
91021235,4.57200000,6.78000000,160013987,160013991,1782864657542056,False,True
91021236,4.57300000,5.13000000,160013992,160013995,1782864657792813,False,True
91021237,4.57400000,6.78000000,160013996,160014000,1782864657820681,False,True
91021238,4.57400000,9.40000000,160014001,160014001,1782864665912939,True,True
91021239,4.57400000,1.34000000,160014002,160014003,1782864665913135,True,True
91021240,4.57300000,3.90000000,160014004,160014006,1782864666002867,True,True
91021241,4.57300000,0.01000000,160014007,160014007,1782864666003358,True,True
91021242,4.57200000,6.40000000,160014008,160014011,1782864705528420,True,True
91021243,4.57200000,0.01000000,160014012,160014012,1782864705528686,True,True
91021244,4.57100000,6.25000000,160014013,160014017,1782864706233336,True,True
91021245,4.57000000,8.53000000,160014018,160014021,1782864706363067,True,True
91021246,4.56900000,4.60000000,160014022,160014025,1782864710742038,True,True
91021247,4.56800000,3.48000000,160014026,160014028,1782864711429631,True,True
91021248,4.56700000,4.80000000,160014029,160014032,1782864718290867,True,True
91021249,4.56700000,0.04000000,160014033,160014033,1782864718291418,True,True
91021250,4.56600000,6.81000000,160014034,160014036,1782864758580709,True,True
91021251,4.56500000,26.51000000,160014037,160014042,1782864758601844,True,True
91021252,4.56600000,1.31000000,160014043,160014044,1782864760667069,False,True
91021253,4.56500000,4.00000000,160014045,160014045,1782864770436199,True,True
91021254,4.56500000,0.02000000,160014046,160014046,1782864778561879,True,True
91021255,4.56400000,2.33000000,160014047,160014048,1782864778561879,True,True
91021256,4.56300000,4.40000000,160014049,160014052,1782864778569661,True,True
91021257,4.56300000,4.40000000,160014053,160014054,1782864778570829,True,True
91021258,4.56300000,4.40000000,160014055,160014056,1782864778574214,True,True
91021259,4.56300000,4.40000000,160014057,160014057,1782864778577215,True,True
91021260,4.56300000,4.40000000,160014058,160014058,1782864778579913,True,True
91021261,4.56300000,4.40000000,160014059,160014060,1782864778582102,True,True
91021262,4.56300000,4.40000000,160014061,160014061,1782864778582326,True,True
91021263,4.56300000,4.40000000,160014062,160014062,1782864778583325,True,True
91021264,4.56300000,4.40000000,160014063,160014063,1782864778584375,True,True
91021265,4.56300000,4.40000000,160014064,160014065,1782864778584698,True,True
91021266,4.56300000,2.44000000,160014066,160014066,1782864778584868,True,True
91021267,4.56200000,1.96000000,160014067,160014068,1782864778584868,True,True
91021268,4.56200000,4.40000000,160014069,160014071,1782864778585922,True,True
91021269,4.56100000,4.40000000,160014072,160014075,1782864778586470,True,True
91021270,4.56100000,4.40000000,160014076,160014076,1782864778586755,True,True
91021271,4.56100000,4.40000000,160014077,160014077,1782864778586904,True,True
91021272,4.56100000,4.40000000,160014078,160014081,1782864778587153,True,True
91021273,4.56100000,4.40000000,160014082,160014082,1782864778589082,True,True
91021274,4.56100000,4.40000000,160014083,160014083,1782864778589211,True,True
91021275,4.56100000,4.40000000,160014084,160014084,1782864778593968,True,True
91021276,4.56100000,4.40000000,160014085,160014085,1782864778595580,True,True
91021277,4.56100000,4.40000000,160014086,160014086,1782864778595850,True,True
91021278,4.56100000,4.40000000,160014087,160014087,1782864778596906,True,True
91021279,4.56100000,4.40000000,160014088,160014088,1782864778597983,True,True
91021280,4.56100000,4.40000000,160014089,160014089,1782864778598526,True,True
91021281,4.56100000,4.40000000,160014090,160014090,1782864778603469,True,True
91021282,4.56100000,4.40000000,160014091,160014091,1782864778604446,True,True
91021283,4.56100000,4.40000000,160014092,160014092,1782864778605704,True,True
91021284,4.56100000,4.40000000,160014093,160014093,1782864778608056,True,True
91021285,4.56100000,4.40000000,160014094,160014094,1782864778610090,True,True
91021286,4.56200000,4.02000000,160014095,160014095,1782864790765869,True,True
91021287,4.56100000,11.67000000,160014096,160014099,1782864806972031,True,True
91021288,4.56000000,3.56000000,160014100,160014102,1782864806972031,True,True
91021289,4.56100000,215.24000000,160014103,160014104,1782864812099555,False,True
91021290,4.56200000,2.77000000,160014105,160014106,1782864812111343,False,True
91021291,4.56300000,2.33000000,160014107,160014108,1782864812239577,False,True
91021292,4.56400000,2.33000000,160014109,160014110,1782864815150756,False,True
91021293,4.56500000,2.33000000,160014111,160014112,1782864828231102,False,True
91021294,4.56600000,5.63000000,160014113,160014116,1782864828237608,False,True
91021295,4.56700000,2.33000000,160014117,160014118,1782864834884289,False,True
91021296,4.56800000,1.44000000,160014119,160014120,1782864834932836,False,True
91021297,4.56800000,4.19000000,160014121,160014123,1782864834933047,False,True
91021298,4.56900000,5.19000000,160014124,160014127,1782864834933198,False,True
91021299,4.57000000,1.21000000,160014128,160014129,1782864834934809,False,True
91021300,4.57000000,4.42000000,160014130,160014132,1782864834937930,False,True
91021301,4.57000000,38.09000000,160014133,160014133,1782864840507798,True,True
91021302,4.57000000,20.10000000,160014134,160014134,1782864851245810,False,True
91021303,4.57100000,153.12000000,160014135,160014146,1782864851245810,False,True
91021304,4.57100000,2.18000000,160014147,160014147,1782864851250114,False,True
91021305,4.57000000,12.23000000,160014148,160014149,1782864853799063,True,True
91021306,4.56900000,3.58000000,160014150,160014151,1782864866084559,True,True
91021307,4.56800000,2.86000000,160014152,160014153,1782864866087647,True,True
91021308,4.56800000,8.40000000,160014154,160014155,1782864893563108,True,True
91021309,4.56800000,1.36000000,160014156,160014156,1782864893611296,True,True
91021310,4.56700000,5.10000000,160014157,160014160,1782864893678850,True,True
91021311,4.56700000,1.38000000,160014161,160014161,1782864904854104,False,True
91021312,4.56700000,20.10000000,160014162,160014162,1782864911424053,False,True
91021313,4.56700000,63.93000000,160014163,160014163,1782864911424809,False,True
91021314,4.56800000,1.12000000,160014164,160014164,1782864914401240,False,True
91021315,4.56800000,18.98000000,160014165,160014165,1782864918133859,True,True
91021316,4.56700000,21.75000000,160014166,160014167,1782864918136231,True,True
91021317,4.56800000,2.19000000,160014168,160014168,1782864918811470,False,True
91021318,4.56700000,4.02000000,160014169,160014169,1782864921878803,True,True
91021319,4.56600000,5.36000000,160014170,160014172,1782864939653087,True,True
91021320,4.56500000,12.51000000,160014173,160014175,1782864942183038,True,True
91021321,4.56400000,2.33000000,160014176,160014177,1782864944905055,True,True
91021322,4.56300000,1.21000000,160014178,160014178,1782864948045143,True,True
91021323,4.56300000,48.50000000,160014179,160014179,1782864984629065,False,True
91021324,4.56300000,123.98000000,160014180,160014180,1782864984629649,False,True
91021325,4.56300000,4.56000000,160014181,160014182,1782865040233973,True,True
91021326,4.56400000,17.32000000,160014183,160014184,1782865046140232,False,True
91021327,4.56500000,2.33000000,160014185,160014186,1782865056634500,False,True
91021328,4.56600000,20.33000000,160014187,160014191,1782865056643791,False,True
91021329,4.56700000,286.11000000,160014192,160014199,1782865056644022,False,True
91021330,4.56800000,1.21000000,160014200,160014200,1782865056645627,False,True
91021331,4.56800000,5.63000000,160014201,160014204,1782865056659928,False,True
91021332,4.56800000,120.20000000,160014205,160014205,1782865057450654,True,True
91021333,4.56800000,20.80000000,160014206,160014207,1782865059213772,False,True
91021334,4.56500000,19.37000000,160014208,160014210,1782865080599627,True,True
91021335,4.56500000,3.87000000,160014211,160014211,1782865080602457,True,True
91021336,4.56400000,3.98000000,160014212,160014214,1782865080603776,True,True
91021337,4.56300000,0.42000000,160014215,160014215,1782865080603776,True,True
91021338,4.56300000,4.40000000,160014216,160014219,1782865080604535,True,True
91021339,4.56300000,4.40000000,160014220,160014221,1782865080620220,True,True
91021340,4.56300000,4.40000000,160014222,160014222,1782865080621639,True,True
91021341,4.56300000,3.10000000,160014223,160014224,1782865080622353,True,True
91021342,4.56300000,1.30000000,160014225,160014225,1782865080622488,True,True
91021343,4.56300000,4.40000000,160014226,160014226,1782865080624265,True,True
91021344,4.56300000,4.40000000,160014227,160014227,1782865080625107,True,True
91021345,4.56300000,4.40000000,160014228,160014228,1782865080625264,True,True
91021346,4.56300000,1.60000000,160014229,160014229,1782865080627152,True,True
91021347,4.56300000,4.40000000,160014230,160014231,1782865080627236,True,True
91021348,4.56300000,1.69000000,160014232,160014232,1782865080629300,True,True
91021349,4.56200000,1.11000000,160014233,160014233,1782865080629300,True,True
91021350,4.56200000,1.37000000,160014234,160014236,1782865092302553,True,True
91021351,4.56200000,53.27000000,160014237,160014238,1782865113757002,True,True
91021352,4.56100000,12.56000000,160014239,160014241,1782865149935766,True,True
91021353,4.56000000,15.22000000,160014242,160014245,1782865151084757,True,True
91021354,4.56000000,3.04000000,160014246,160014246,1782865151095480,True,True
91021355,4.56000000,46.81000000,160014247,160014247,1782865174876445,False,True
91021356,4.56100000,1.44000000,160014248,160014248,1782865174877590,False,True
91021357,4.56100000,1.44000000,160014249,160014250,1782865187780617,False,True
91021358,4.56100000,38.00000000,160014251,160014253,1782865198391773,True,True
91021359,4.56100000,4.02000000,160014254,160014254,1782865204264863,True,True
91021360,4.56100000,46.34000000,160014255,160014256,1782865205334933,False,True
91021361,4.56200000,207.49000000,160014257,160014261,1782865205334933,False,True
91021362,4.56300000,5.19000000,160014262,160014265,1782865205336557,False,True
91021363,4.56400000,1.21000000,160014266,160014267,1782865205338366,False,True
91021364,4.56400000,4.42000000,160014268,160014270,1782865205340071,False,True
91021365,4.56500000,2.33000000,160014271,160014272,1782865209873779,False,True
91021366,4.56600000,2.30000000,160014273,160014274,1782865210073619,False,True
91021367,4.56600000,0.03000000,160014275,160014275,1782865210073708,False,True
91021368,4.56700000,3.98000000,160014276,160014278,1782865210076173,False,True
91021369,4.56700000,2.32000000,160014279,160014279,1782865211147247,True,True
91021370,4.56700000,34.33000000,160014280,160014284,1782865211149509,True,True
91021371,4.56700000,3.44000000,160014285,160014285,1782865211151055,True,True
91021372,4.56600000,47.17000000,160014286,160014288,1782865211151055,True,True
91021373,4.56500000,8.32000000,160014289,160014289,1782865216182976,True,True
91021374,4.56500000,11.19000000,160014290,160014292,1782865219433217,True,True
91021375,4.56700000,2.77000000,160014293,160014294,1782865230736739,False,True
91021376,4.56800000,2.33000000,160014295,160014296,1782865236762540,False,True
91021377,4.56800000,20.10000000,160014297,160014297,1782865249852457,True,True
91021378,4.56800000,4.02000000,160014298,160014298,1782865263841196,True,True
91021379,4.56700000,2.77000000,160014299,160014300,1782865263858279,True,True
91021380,4.56600000,1.21000000,160014301,160014301,1782865274962454,True,True
91021381,4.56700000,88.68000000,160014302,160014306,1782865279184536,False,True
91021382,4.56700000,4.58000000,160014307,160014307,1782865282065553,True,True
91021383,4.56700000,6.70000000,160014308,160014309,1782865289619325,True,True
91021384,4.56600000,5.36000000,160014310,160014311,1782865292700645,True,True
91021385,4.56600000,32.20000000,160014312,160014313,1782865295750251,False,True
91021386,4.56600000,17.60000000,160014314,160014314,1782865295752134,False,True
91021387,4.56600000,32.20000000,160014315,160014315,1782865295752316,False,True
91021388,4.56600000,5.90000000,160014316,160014317,1782865301806589,False,True
91021389,4.56500000,20.10000000,160014318,160014320,1782865312602376,True,True
91021390,4.56500000,115.10000000,160014321,160014321,1782865312603928,True,True
91021391,4.56500000,60.64000000,160014322,160014322,1782865312605345,True,True
91021392,4.56500000,49.84000000,160014323,160014323,1782865312605851,True,True
91021393,4.56500000,33.00000000,160014324,160014324,1782865312608643,True,True
91021394,4.56500000,1.44000000,160014325,160014325,1782865312609173,True,True
91021395,4.56500000,104.05000000,160014326,160014326,1782865312609860,True,True
91021396,4.56500000,3.30000000,160014327,160014327,1782865312610926,True,True
91021397,4.56500000,110.00000000,160014328,160014328,1782865312613711,True,True
91021398,4.56500000,91.85000000,160014329,160014329,1782865312614598,True,True
91021399,4.56500000,136.97000000,160014330,160014330,1782865312614701,True,True
91021400,4.56500000,110.00000000,160014331,160014331,1782865312618883,True,True
91021401,4.56500000,275.45000000,160014332,160014332,1782865312619761,True,True
91021402,4.56500000,110.00000000,160014333,160014333,1782865312621017,True,True
91021403,4.56500000,1.24000000,160014334,160014334,1782865312622514,True,True
91021404,4.56500000,251.10000000,160014335,160014335,1782865312622794,True,True
91021405,4.56500000,110.00000000,160014336,160014336,1782865312628439,True,True
91021406,4.56500000,256.06000000,160014337,160014337,1782865312630470,True,True
91021407,4.56500000,73.96000000,160014338,160014338,1782865312632350,True,True
91021408,4.56500000,100.00000000,160014339,160014339,1782865312633609,True,True
91021409,4.56500000,2.22000000,160014340,160014340,1782865312635709,True,True
91021410,4.56500000,57.26000000,160014341,160014341,1782865312642046,True,True
91021411,4.56500000,189.98000000,160014342,160014342,1782865312645538,True,True
91021412,4.56500000,189.98000000,160014343,160014344,1782865312649921,True,True
91021413,4.56500000,13.39000000,160014345,160014345,1782865312650601,True,True
91021414,4.56500000,110.00000000,160014346,160014346,1782865312651145,True,True
91021415,4.56500000,145.03000000,160014347,160014347,1782865312652079,True,True
91021416,4.56500000,46.22000000,160014348,160014348,1782865312657383,True,True
91021417,4.56500000,1.58000000,160014349,160014349,1782865312659183,True,True
91021418,4.56500000,10.40000000,160014350,160014350,1782865312663139,True,True
91021419,4.56500000,37.36000000,160014351,160014351,1782865312663243,True,True
91021420,4.56500000,31.61000000,160014352,160014352,1782865312664750,True,True
91021421,4.56400000,2.35000000,160014353,160014354,1782865312693710,True,True
91021422,4.56400000,1.63000000,160014355,160014356,1782865312709379,True,True
91021423,4.56300000,2.18000000,160014357,160014358,1782865312731822,True,True
91021424,4.56300000,1.84000000,160014359,160014360,1782865316498346,True,True
91021425,4.56300000,2.36000000,160014361,160014361,1782865316505526,True,True
91021426,4.56200000,3.98000000,160014362,160014364,1782865316529186,True,True
91021427,4.56100000,4.40000000,160014365,160014368,1782865316530509,True,True
91021428,4.56100000,4.40000000,160014369,160014371,1782865316546558,True,True
91021429,4.56100000,4.40000000,160014372,160014373,1782865316559880,True,True
91021430,4.56100000,4.43000000,160014374,160014375,1782865317063832,True,True
91021431,4.56200000,81.34000000,160014376,160014378,1782865333791224,False,True
91021432,4.56300000,1.58000000,160014379,160014380,1782865334335088,False,True
91021433,4.56300000,0.75000000,160014381,160014381,1782865334335616,False,True
91021434,4.56300000,3.87000000,160014382,160014382,1782865336564314,True,True
91021435,4.56200000,4.40000000,160014383,160014384,1782865366962465,True,True
91021436,4.56200000,0.96000000,160014385,160014385,1782865366984389,True,True
91021437,4.56100000,2.33000000,160014386,160014387,1782865366984389,True,True
91021438,4.56000000,1.11000000,160014388,160014388,1782865366984389,True,True
91021439,4.56100000,1.44000000,160014389,160014389,1782865381729957,True,True
91021440,4.56100000,2.58000000,160014390,160014390,1782865389940427,True,True
91021441,4.56000000,1.82000000,160014391,160014393,1782865389940427,True,True
91021442,4.56000000,2.16000000,160014394,160014395,1782865389958913,True,True
91021443,4.55900000,2.24000000,160014396,160014397,1782865389958913,True,True
91021444,4.55900000,4.40000000,160014398,160014398,1782865389959369,True,True
91021445,4.56000000,3.80000000,160014399,160014399,1782865398374950,True,True
91021446,4.56000000,0.22000000,160014400,160014400,1782865398376327,True,True
91021447,4.55900000,4.18000000,160014401,160014401,1782865398376327,True,True
91021448,4.55900000,4.40000000,160014402,160014402,1782865398396292,True,True
91021449,4.55900000,4.40000000,160014403,160014403,1782865398397792,True,True
91021450,4.56000000,11.26000000,160014404,160014404,1782865413584661,False,True
91021451,4.56000000,6.57000000,160014405,160014405,1782865422575719,True,True
91021452,4.56000000,1.44000000,160014406,160014406,1782865422929351,True,True
91021453,4.56000000,0.32000000,160014407,160014407,1782865433042791,True,True
91021454,4.55900000,2.38000000,160014408,160014408,1782865433042791,True,True
91021455,4.55900000,1.70000000,160014409,160014409,1782865433065891,True,True
91021456,4.55900000,4.40000000,160014410,160014410,1782865433067352,True,True
91021457,4.55900000,152.23000000,160014411,160014414,1782865433147073,True,True
91021458,4.55800000,16.46000000,160014415,160014418,1782865476799993,True,True
91021459,4.55700000,24.57000000,160014419,160014423,1782865477903998,True,True
91021460,4.55600000,18.18000000,160014424,160014428,1782865477903998,True,True
91021461,4.55700000,4.90000000,160014429,160014429,1782865497441072,True,True
91021462,4.55700000,0.01000000,160014430,160014430,1782865497441193,True,True
91021463,4.55600000,2.77000000,160014431,160014432,1782865497441327,True,True
91021464,4.55500000,1.63000000,160014433,160014434,1782865497441327,True,True
91021465,4.55600000,11.26000000,160014435,160014435,1782865497449291,False,True
91021466,4.55600000,4.40000000,160014436,160014436,1782865497457571,True,True
91021467,4.55600000,4.02000000,160014437,160014437,1782865497468085,True,True
91021468,4.55500000,0.38000000,160014438,160014438,1782865497468085,True,True
91021469,4.55700000,13.27000000,160014439,160014440,1782865498613807,False,True
91021470,4.55700000,6.14000000,160014441,160014441,1782865498613811,False,True
91021471,4.55800000,1.14000000,160014442,160014442,1782865504970785,False,True
91021472,4.55800000,2.84000000,160014443,160014445,1782865505031382,False,True
91021473,4.55900000,3.98000000,160014446,160014448,1782865505032934,False,True
91021474,4.56000000,3.98000000,160014449,160014451,1782865505183050,False,True
91021475,4.56100000,2.33000000,160014452,160014453,1782865506666870,False,True
91021476,4.56100000,4.02000000,160014454,160014454,1782865536563763,True,True
91021477,4.56000000,5.36000000,160014455,160014456,1782865539909501,True,True
91021478,4.55900000,16.31000000,160014457,160014461,1782865539927564,True,True
91021479,4.55800000,64.22000000,160014462,160014466,1782865539930311,True,True
91021480,4.55700000,79.54000000,160014467,160014468,1782865539930311,True,True
91021481,4.55700000,3.98000000,160014469,160014471,1782865539950736,True,True
91021482,4.55700000,79.27000000,160014472,160014472,1782865539972859,True,True
91021483,4.55600000,54.50000000,160014473,160014476,1782865539972859,True,True
91021484,4.55500000,669.06000000,160014477,160014485,1782865539972859,True,True
91021485,4.55400000,214.73000000,160014486,160014489,1782865539972859,True,True
91021486,4.55400000,1.21000000,160014490,160014490,1782865539975910,True,True
91021487,4.55400000,4.40000000,160014491,160014491,1782865539975947,True,True
91021488,4.55400000,4.40000000,160014492,160014492,1782865539990053,True,True
91021489,4.55400000,4.40000000,160014493,160014493,1782865540002518,True,True
91021490,4.55600000,20.10000000,160014494,160014494,1782865544398046,False,True
91021491,4.55600000,158.50000000,160014495,160014496,1782865544399376,False,True
91021492,4.55600000,10.40000000,160014497,160014497,1782865548289103,False,True
91021493,4.55600000,29.68000000,160014498,160014498,1782865548292330,False,True
91021494,4.55700000,1.12000000,160014499,160014499,1782865549895157,False,True
91021495,4.55600000,1.44000000,160014500,160014500,1782865562171571,True,True
91021496,4.55700000,54.91000000,160014501,160014501,1782865562565189,False,True
91021497,4.55600000,1.14000000,160014502,160014502,1782865563365686,True,True
91021498,4.55600000,1.59000000,160014503,160014503,1782865577933040,True,True
91021499,4.55600000,49.00000000,160014504,160014505,1782865582033096,True,True
91021500,4.55600000,0.04000000,160014506,160014506,1782865582033607,True,True
91021501,4.55600000,20.90000000,160014507,160014507,1782865583135618,False,True
91021502,4.55600000,1.47000000,160014508,160014508,1782865584718344,False,True
91021503,4.55600000,19.70000000,160014509,160014510,1782865590052414,False,True
91021504,4.55700000,68.51000000,160014511,160014513,1782865590201590,False,True
91021505,4.55700000,10.63000000,160014514,160014515,1782865605114637,True,True
91021506,4.55600000,123.90000000,160014516,160014518,1782865605133384,True,True
91021507,4.55600000,24.97000000,160014519,160014520,1782865605134553,True,True
91021508,4.55500000,6.26000000,160014521,160014525,1782865618299399,True,True
91021509,4.55500000,1.16000000,160014526,160014526,1782865633407320,False,True
91021510,4.55600000,2.28000000,160014527,160014528,1782865633424299,False,True
91021511,4.55600000,1.16000000,160014529,160014529,1782865656279674,True,True
91021512,4.55500000,25.46000000,160014530,160014532,1782865660529905,True,True
91021513,4.55400000,116.16000000,160014533,160014537,1782865660529905,True,True
91021514,4.55300000,174.02000000,160014538,160014544,1782865660529905,True,True
91021515,4.55200000,433.61000000,160014545,160014553,1782865660529905,True,True
91021516,4.55300000,1.21000000,160014554,160014554,1782865660531586,True,True
91021517,4.55300000,15.80000000,160014555,160014557,1782865663477836,True,True
91021518,4.55200000,6.73000000,160014558,160014560,1782865677732954,True,True
91021519,4.55100000,5.67000000,160014561,160014564,1782865677735392,True,True
91021520,4.55000000,1.44000000,160014565,160014566,1782865677838524,True,True
91021521,4.55000000,1.44000000,160014567,160014567,1782865679083614,True,True
91021522,4.55000000,200.23000000,160014568,160014568,1782865679090078,True,True
91021523,4.55000000,20.10000000,160014569,160014572,1782865679091876,True,True
91021524,4.55000000,42.61000000,160014573,160014573,1782865679093054,True,True
91021525,4.55000000,1.16000000,160014574,160014574,1782865680163966,False,True
91021526,4.55100000,2.32000000,160014575,160014577,1782865681255197,False,True
91021527,4.55100000,1.16000000,160014578,160014578,1782865691688092,False,True
91021528,4.55200000,3.50000000,160014579,160014581,1782865694101812,False,True
91021529,4.55300000,4.00000000,160014582,160014585,1782865694104458,False,True
91021530,4.55300000,1.15000000,160014586,160014586,1782865694104509,False,True
91021531,4.55400000,3.49000000,160014587,160014589,1782865695484933,False,True
91021532,4.55500000,3.98000000,160014590,160014592,1782865695486588,False,True
91021533,4.55500000,4.00000000,160014593,160014593,1782865708209924,True,True
91021534,4.55400000,2.77000000,160014594,160014595,1782865708209924,True,True
91021535,4.55300000,110.50000000,160014596,160014601,1782865708209924,True,True
91021536,4.55200000,661.95000000,160014602,160014610,1782865708209924,True,True
91021537,4.55200000,1.21000000,160014611,160014611,1782865708211800,True,True
91021538,4.55300000,1.62000000,160014612,160014612,1782865709217744,False,True
91021539,4.55400000,1.44000000,160014613,160014614,1782865724361048,False,True
91021540,4.55500000,1.94000000,160014615,160014616,1782865734939458,False,True
91021541,4.55500000,14.60000000,160014617,160014618,1782865756719387,False,True
91021542,4.55400000,44.02000000,160014619,160014621,1782865764144471,True,True
91021543,4.55400000,6.58000000,160014622,160014622,1782865769714513,False,True
91021544,4.55500000,1.12000000,160014623,160014623,1782865805005298,False,True
91021545,4.55600000,2.33000000,160014624,160014625,1782865815303098,False,True
91021546,4.55600000,4.02000000,160014626,160014626,1782865822078117,True,True
91021547,4.55700000,2.33000000,160014627,160014628,1782865835551652,False,True
91021548,4.55800000,2.33000000,160014629,160014630,1782865838190388,False,True
91021549,4.55900000,8.10000000,160014631,160014633,1782865838329965,False,True
91021550,4.56000000,1.70000000,160014634,160014635,1782865838330560,False,True
91021551,4.56000000,21.22000000,160014636,160014637,1782865847397523,False,True
91021552,4.56100000,3.98000000,160014638,160014640,1782865847397523,False,True
91021553,4.56200000,224.20000000,160014641,160014647,1782865847397523,False,True
91021554,4.56300000,2.33000000,160014648,160014649,1782865859374392,False,True
91021555,4.56400000,1.38000000,160014650,160014651,1782865860791410,False,True
91021556,4.56400000,0.95000000,160014652,160014652,1782865860791732,False,True
91021557,4.56400000,2.32000000,160014653,160014653,1782865861706932,True,True
91021558,4.56500000,2.33000000,160014654,160014655,1782865864189236,False,True
91021559,4.56600000,2.33000000,160014656,160014657,1782865866081712,False,True
91021560,4.56700000,2.33000000,160014658,160014659,1782865867268984,False,True
91021561,4.56800000,6.72000000,160014660,160014664,1782865867786038,False,True
91021562,4.56900000,3.10000000,160014665,160014667,1782865871227582,False,True
91021563,4.56900000,10.49000000,160014668,160014668,1782865871227753,False,True
91021564,4.57000000,1.81000000,160014669,160014670,1782865872509163,False,True
91021565,4.57000000,0.52000000,160014671,160014671,1782865872552963,False,True
91021566,4.57100000,6.05000000,160014672,160014674,1782865873216623,False,True
91021567,4.57000000,3.90000000,160014675,160014675,1782865873788399,True,True
91021568,4.57000000,0.01000000,160014676,160014676,1782865873788973,True,True
91021569,4.56900000,19.10000000,160014677,160014678,1782865875660552,True,True
91021570,4.56800000,1.21000000,160014679,160014679,1782865876341727,True,True
91021571,4.56700000,6.77000000,160014680,160014680,1782865880144046,True,True
91021572,4.56700000,12.50000000,160014681,160014684,1782865880145367,True,True
91021573,4.56700000,11.10000000,160014685,160014685,1782865880145674,True,True
91021574,4.56600000,3.98000000,160014686,160014688,1782865880183060,True,True
91021575,4.56600000,11.17000000,160014689,160014689,1782865880479045,False,True
91021576,4.56600000,4.02000000,160014690,160014690,1782865905749836,True,True
91021577,4.56500000,2.33000000,160014691,160014692,1782865916906302,True,True
91021578,4.56400000,16.65000000,160014693,160014696,1782865916927488,True,True
91021579,4.56300000,5.10000000,160014697,160014700,1782865917235110,True,True
91021580,4.56200000,2.33000000,160014701,160014702,1782865917359335,True,True
91021581,4.56100000,4.95000000,160014703,160014706,1782865917359335,True,True
91021582,4.56300000,1.12000000,160014707,160014707,1782865927885608,False,True
91021583,4.56400000,2.33000000,160014708,160014709,1782865929189431,False,True
91021584,4.56500000,2.33000000,160014710,160014711,1782865937093197,False,True
91021585,4.56600000,5.41000000,160014712,160014712,1782865945738676,False,True
91021586,4.56600000,4.07000000,160014713,160014715,1782865952188968,False,True
91021587,4.56700000,2.33000000,160014716,160014717,1782865953063194,False,True
91021588,4.56800000,2.33000000,160014718,160014719,1782865957263461,False,True
91021589,4.56900000,3.98000000,160014720,160014722,1782865957265060,False,True
91021590,4.57000000,57.79000000,160014723,160014725,1782865957265060,False,True
91021591,4.57000000,24.08000000,160014726,160014726,1782865957266570,False,True
91021592,4.57000000,4.51000000,160014727,160014729,1782865957266967,False,True
91021593,4.57000000,40.34000000,160014730,160014732,1782865964054261,True,True
91021594,4.57100000,3.98000000,160014733,160014735,1782865970650053,False,True
91021595,4.57200000,5.63000000,160014736,160014739,1782865970654241,False,True
91021596,4.57300000,15.24000000,160014740,160014743,1782865970706300,False,True
91021597,4.57400000,15.49000000,160014744,160014748,1782865980850698,False,True
91021598,4.57400000,37.62000000,160014749,160014750,1782865981655895,True,True
91021599,4.57400000,7.52000000,160014751,160014751,1782865981658823,True,True
91021600,4.57300000,2.76000000,160014752,160014753,1782865981658908,True,True
91021601,4.57200000,3.97000000,160014754,160014756,1782865981667830,True,True
91021602,4.57100000,7.47000000,160014757,160014759,1782865982484097,True,True
91021603,4.57000000,2.33000000,160014760,160014761,1782865983701213,True,True
91021604,4.56900000,3.45000000,160014762,160014764,1782865987968036,True,True
91021605,4.56900000,24.12000000,160014765,160014766,1782866023141090,True,True
91021606,4.56800000,3.98000000,160014767,160014769,1782866023141090,True,True
91021607,4.56800000,21.90000000,160014770,160014770,1782866023142780,False,True
91021608,4.56800000,11.26000000,160014771,160014771,1782866023143675,False,True
91021609,4.57000000,1.44000000,160014772,160014773,1782866049532986,False,True
91021610,4.57100000,3.98000000,160014774,160014776,1782866079585767,False,True
91021611,4.57100000,6.70000000,160014777,160014777,1782866104918744,False,True
91021612,4.57200000,14.63000000,160014778,160014778,1782866104989574,False,True
91021613,4.57200000,11.10000000,160014779,160014783,1782866104989927,False,True
91021614,4.57200000,6.25000000,160014784,160014785,1782866112316576,True,True
91021615,4.57100000,69.07000000,160014786,160014788,1782866112319510,True,True
91021616,4.57100000,26.43000000,160014789,160014789,1782866112321737,True,True
91021617,4.57100000,5.28000000,160014790,160014790,1782866112324918,True,True
91021618,4.57000000,17.60000000,160014791,160014794,1782866112338992,True,True
91021619,4.57000000,73.96000000,160014795,160014795,1782866112340409,True,True
91021620,4.57000000,17.60000000,160014796,160014796,1782866118526936,True,True
91021621,4.56900000,3.45000000,160014797,160014799,1782866124170217,True,True
91021622,4.56800000,14.99000000,160014800,160014802,1782866129068634,True,True
91021623,4.56800000,3.24000000,160014803,160014804,1782866129071065,True,True
91021624,4.56900000,2.77000000,160014805,160014806,1782866160778699,False,True
91021625,4.57000000,102.12000000,160014807,160014812,1782866160778699,False,True
91021626,4.57100000,5.11000000,160014813,160014816,1782866165821873,False,True
91021627,4.57100000,10.13000000,160014817,160014817,1782866165823600,False,True
91021628,4.57200000,22.43000000,160014818,160014820,1782866190639328,False,True
91021629,4.57300000,190.47000000,160014821,160014825,1782866190639328,False,True
91021630,4.57300000,4.02000000,160014826,160014826,1782866196542266,True,True
91021631,4.57200000,25.46000000,160014827,160014829,1782866200714470,True,True
91021632,4.57200000,23.03000000,160014830,160014830,1782866216075889,False,True
91021633,4.57200000,21.38000000,160014831,160014832,1782866220648929,False,True
91021634,4.57200000,4.99000000,160014833,160014834,1782866227511556,True,True
91021635,4.57200000,2.18000000,160014835,160014835,1782866229173433,True,True
91021636,4.57300000,1.12000000,160014836,160014836,1782866236704625,False,True
91021637,4.57300000,2.10000000,160014837,160014837,1782866236996282,True,True
91021638,4.57400000,2.33000000,160014838,160014839,1782866262958062,False,True
91021639,4.57500000,3.98000000,160014840,160014842,1782866279870084,False,True
91021640,4.57600000,167.56000000,160014843,160014849,1782866279870084,False,True
91021641,4.57700000,193.97000000,160014850,160014855,1782866279870084,False,True
91021642,4.57600000,19.93000000,160014856,160014857,1782866279871728,True,True
91021643,4.57700000,2.32000000,160014858,160014858,1782866306517239,True,True
91021644,4.57700000,7.86000000,160014859,160014860,1782866316527291,True,True
91021645,4.57600000,2.76000000,160014861,160014862,1782866316532500,True,True
91021646,4.57500000,38.59000000,160014863,160014866,1782866322963407,True,True
91021647,4.57400000,19.95000000,160014867,160014870,1782866322971440,True,True
91021648,4.57300000,24.73000000,160014871,160014876,1782866326953370,True,True
91021649,4.57300000,4.94000000,160014877,160014877,1782866326956252,True,True
91021650,4.57200000,16.22000000,160014878,160014881,1782866335944160,True,True
91021651,4.57100000,18.45000000,160014882,160014886,1782866335945670,True,True
91021652,4.57100000,7.65000000,160014887,160014887,1782866335948494,True,True
91021653,4.57100000,5.18000000,160014888,160014888,1782866335948958,True,True
91021654,4.57000000,72.57000000,160014889,160014891,1782866363866640,True,True
91021655,4.57000000,14.51000000,160014892,160014892,1782866363869317,True,True
91021656,4.56900000,3.45000000,160014893,160014895,1782866365281933,True,True
91021657,4.56800000,5.03000000,160014896,160014898,1782866375717043,True,True
91021658,4.56800000,2.06000000,160014899,160014899,1782866391720572,False,True
91021659,4.56700000,14.50000000,160014900,160014902,1782866407104230,True,True
91021660,4.56700000,2.90000000,160014903,160014903,1782866407106729,True,True
91021661,4.56800000,5.35000000,160014904,160014904,1782866411325645,False,True
91021662,4.56900000,7.79000000,160014905,160014907,1782866415271541,False,True
91021663,4.57000000,20.10000000,160014908,160014910,1782866420395580,False,True
91021664,4.57000000,23.56000000,160014911,160014911,1782866420395711,False,True
91021665,4.57100000,43.66000000,160014912,160014914,1782866435379796,False,True
91021666,4.57100000,25.30000000,160014915,160014916,1782866447225307,True,True
91021667,4.57000000,5.36000000,160014917,160014918,1782866447442777,True,True
91021668,4.56900000,7.47000000,160014919,160014921,1782866450030081,True,True
91021669,4.56800000,8.79000000,160014922,160014925,1782866450100398,True,True
91021670,4.56700000,22.81000000,160014926,160014930,1782866450105729,True,True
91021671,4.56700000,4.02000000,160014931,160014931,1782866463713621,True,True
91021672,4.56800000,1.59000000,160014932,160014932,1782866524035930,False,True
91021673,4.56700000,8.70000000,160014933,160014934,1782866556895409,True,True
91021674,4.56700000,0.03000000,160014935,160014935,1782866556895478,True,True
91021675,4.56700000,15.70000000,160014936,160014937,1782866575154172,False,True
91021676,4.56700000,0.02000000,160014938,160014938,1782866575154334,False,True
91021677,4.56800000,43.60000000,160014939,160014941,1782866602194830,False,True
91021678,4.56800000,153.42000000,160014942,160014942,1782866603108441,True,True
91021679,4.56800000,1.15000000,160014943,160014943,1782866603109045,True,True
91021680,4.56700000,2.80000000,160014944,160014945,1782866603113141,True,True
91021681,4.56600000,5.13000000,160014946,160014949,1782866603176271,True,True
91021682,4.56500000,6.65000000,160014950,160014954,1782866630530842,True,True
91021683,4.56500000,1.33000000,160014955,160014955,1782866630532228,True,True
91021684,4.56400000,5.32000000,160014956,160014958,1782866634707594,True,True
91021685,4.56400000,4.28000000,160014959,160014960,1782866672999680,True,True
91021686,4.56300000,0.12000000,160014961,160014961,1782866672999680,True,True
91021687,4.56300000,3.86000000,160014962,160014964,1782866673001192,True,True
91021688,4.56400000,147.46000000,160014965,160014967,1782866673007076,False,True
91021689,4.56300000,20.10000000,160014968,160014968,1782866673008292,False,True
91021690,4.56400000,1.44000000,160014969,160014969,1782866673067376,True,True
91021691,4.56400000,2.25000000,160014970,160014970,1782866706223061,True,True
91021692,4.56400000,20.10000000,160014971,160014971,1782866728784417,False,True
91021693,4.56400000,20.10000000,160014972,160014972,1782866728785825,False,True
91021694,4.56400000,20.10000000,160014973,160014973,1782866728787100,False,True
91021695,4.56400000,8.50000000,160014974,160014974,1782866728788694,False,True
91021696,4.56400000,0.01000000,160014975,160014975,1782866728789322,False,True
91021697,4.56500000,17.77000000,160014976,160014977,1782866742380506,False,True
91021698,4.56500000,24.68000000,160014978,160014978,1782866742381738,False,True
91021699,4.56500000,1.59000000,160014979,160014979,1782866762006088,True,True
91021700,4.56600000,20.10000000,160014980,160014982,1782866769500791,False,True
91021701,4.56600000,23.56000000,160014983,160014983,1782866769500873,False,True
91021702,4.56600000,33.99000000,160014984,160014988,1782866779033760,True,True
91021703,4.56600000,6.79000000,160014989,160014989,1782866779036618,True,True
91021704,4.56500000,2.77000000,160014990,160014991,1782866779038433,True,True
91021705,4.56400000,43.45000000,160014992,160014994,1782866786507635,True,True
91021706,4.56400000,8.69000000,160014995,160014995,1782866786512390,True,True
91021707,4.56300000,5.97000000,160014996,160014999,1782866836413641,True,True
91021708,4.56200000,5.19000000,160015000,160015003,1782866836414149,True,True
91021709,4.56100000,1.21000000,160015004,160015005,1782866836415825,True,True
91021710,4.56100000,33.63000000,160015006,160015009,1782866836417651,True,True
91021711,4.56100000,2.94000000,160015010,160015010,1782866836420675,True,True
91021712,4.56100000,3.78000000,160015011,160015011,1782866836501180,True,True
91021713,4.56100000,2.97000000,160015012,160015012,1782866884861306,False,True
91021714,4.56000000,9.20000000,160015013,160015015,1782866888096280,True,True
91021715,4.56000000,5.10000000,160015016,160015017,1782866888098835,True,True
91021716,4.56000000,1.15000000,160015018,160015018,1782866888098864,True,True
91021717,4.55900000,92.15000000,160015019,160015022,1782866895325482,True,True
91021718,4.55800000,6.81000000,160015023,160015025,1782866896126654,True,True
91021719,4.55700000,6.84000000,160015026,160015030,1782866896128089,True,True
91021720,4.55700000,1.21000000,160015031,160015031,1782866896129666,True,True
91021721,4.55700000,4.05000000,160015032,160015033,1782866903319354,True,True
91021722,4.55600000,0.35000000,160015034,160015034,1782866903319354,True,True
91021723,4.55600000,4.40000000,160015035,160015038,1782866903336290,True,True
91021724,4.55600000,3.40000000,160015039,160015040,1782866903339092,True,True
91021725,4.55500000,1.00000000,160015041,160015041,1782866903339092,True,True
91021726,4.55600000,89.34000000,160015042,160015043,1782866934530015,False,True
91021727,4.55700000,2.77000000,160015044,160015045,1782866934531825,False,True
91021728,4.55800000,32.00000000,160015046,160015047,1782866934532475,False,True
91021729,4.55800000,4.51000000,160015048,160015050,1782866934534882,False,True
91021730,4.55800000,37.65000000,160015051,160015053,1782866934542876,True,True
91021731,4.55800000,7.53000000,160015054,160015054,1782866934545111,True,True
91021732,4.55700000,4.02000000,160015055,160015055,1782866935805761,True,True
91021733,4.55600000,3.98000000,160015056,160015058,1782866935809601,True,True
91021734,4.55500000,0.42000000,160015059,160015060,1782866935809601,True,True
91021735,4.55500000,4.40000000,160015061,160015064,1782866935824358,True,True
91021736,4.55500000,1.80000000,160015065,160015065,1782866935829373,True,True
91021737,4.55600000,17.53000000,160015066,160015067,1782867066055521,True,True
91021738,4.55600000,2.85000000,160015068,160015068,1782867066729632,False,True
91021739,4.55700000,42.45000000,160015069,160015070,1782867084764648,False,True
91021740,4.55800000,25.73000000,160015071,160015075,1782867084764648,False,True
91021741,4.55900000,206.11000000,160015076,160015082,1782867084764648,False,True
91021742,4.56000000,475.71000000,160015083,160015092,1782867084764648,False,True
91021743,4.56000000,1.21000000,160015093,160015093,1782867084766480,False,True
91021744,4.55900000,20.02000000,160015094,160015095,1782867084766773,True,True
91021745,4.56100000,2.33000000,160015096,160015097,1782867091490381,False,True
91021746,4.56200000,43.66000000,160015098,160015100,1782867111116650,False,True
91021747,4.56300000,3.98000000,160015101,160015103,1782867111146191,False,True
91021748,4.56400000,4.13000000,160015104,160015106,1782867111190951,False,True
91021749,4.56400000,42.83000000,160015107,160015109,1782867117480603,False,True
91021750,4.56500000,2.33000000,160015110,160015111,1782867117627976,False,True
91021751,4.56600000,43.66000000,160015112,160015114,1782867162126171,False,True
91021752,4.56700000,2.33000000,160015115,160015116,1782867164000504,False,True
91021753,4.56800000,2.33000000,160015117,160015118,1782867164236051,False,True
91021754,4.56800000,9.38000000,160015119,160015120,1782867167788513,True,True
91021755,4.56900000,2.49000000,160015121,160015123,1782867176982679,False,True
91021756,4.56900000,6.27000000,160015124,160015125,1782867180656040,True,True
91021757,4.56900000,3.50000000,160015126,160015126,1782867180659074,True,True
91021758,4.56800000,25.83000000,160015127,160015128,1782867181160411,True,True
91021759,4.56800000,1.44000000,160015129,160015129,1782867181702499,False,True
91021760,4.56800000,39.89000000,160015130,160015130,1782867181703787,False,True
91021761,4.56900000,21.22000000,160015131,160015132,1782867186920579,False,True
91021762,4.57000000,45.31000000,160015133,160015136,1782867186920579,False,True
91021763,4.57100000,115.32000000,160015137,160015142,1782867186920579,False,True
91021764,4.57200000,598.15000000,160015143,160015152,1782867186920579,False,True
91021765,4.57100000,1.21000000,160015153,160015153,1782867186922545,False,True
91021766,4.57100000,8.76000000,160015154,160015154,1782867186922851,True,True
91021767,4.57000000,24.55000000,160015155,160015156,1782867201537932,True,True
91021768,4.56900000,37.71000000,160015157,160015157,1782867201537932,True,True
91021769,4.57000000,4.91000000,160015158,160015158,1782867203522098,True,True
91021770,4.56900000,2.77000000,160015159,160015160,1782867203523549,True,True
91021771,4.56900000,13.21000000,160015161,160015161,1782867203525427,True,True
91021772,4.56800000,7.54000000,160015162,160015164,1782867203642441,True,True
91021773,4.56800000,30.18000000,160015165,160015165,1782867211489716,True,True
91021774,4.56700000,2.97000000,160015166,160015168,1782867242856711,True,True
91021775,4.56700000,9.22000000,160015169,160015171,1782867252061187,True,True
91021776,4.56600000,14.99000000,160015172,160015174,1782867266870899,True,True
91021777,4.56500000,5.65000000,160015175,160015175,1782867266870899,True,True
91021778,4.56500000,6.34000000,160015176,160015178,1782867292842896,True,True
91021779,4.56500000,1.26000000,160015179,160015179,1782867296064620,True,True
91021780,4.56400000,2.33000000,160015180,160015181,1782867296064620,True,True
91021781,4.56300000,23.93000000,160015182,160015186,1782867296064620,True,True
91021782,4.56400000,86.25000000,160015187,160015188,1782867305474487,False,True
91021783,4.56400000,37.65000000,160015189,160015189,1782867305474574,False,True
91021784,4.56500000,1.44000000,160015190,160015190,1782867305545160,False,True
91021785,4.56500000,1.12000000,160015191,160015191,1782867305599073,False,True
91021786,4.56500000,10.89000000,160015192,160015192,1782867312884548,True,True
91021787,4.56600000,2.33000000,160015193,160015194,1782867325179311,False,True
91021788,4.56700000,2.33000000,160015195,160015196,1782867326290042,False,True
91021789,4.56800000,2.33000000,160015197,160015198,1782867329728078,False,True
91021790,4.56800000,27.51000000,160015199,160015200,1782867331496103,True,True
91021791,4.56800000,1.83000000,160015201,160015201,1782867338067976,True,True
91021792,4.56800000,2.50000000,160015202,160015203,1782867338136345,True,True
91021793,4.56700000,22.99000000,160015204,160015206,1782867357069860,True,True
91021794,4.56600000,59.57000000,160015207,160015211,1782867357069860,True,True
91021795,4.56700000,4.59000000,160015212,160015212,1782867357072688,True,True
91021796,4.56800000,1.53000000,160015213,160015213,1782867362917182,False,True
91021797,4.56800000,1.44000000,160015214,160015214,1782867364868636,False,True
91021798,4.56800000,30.84000000,160015215,160015218,1782867364868865,False,True
91021799,4.56900000,3.98000000,160015219,160015221,1782867364869173,False,True
91021800,4.56900000,79.37000000,160015222,160015224,1782867391694578,True,True
91021801,4.56900000,15.87000000,160015225,160015225,1782867391697854,True,True
91021802,4.56900000,3.17000000,160015226,160015226,1782867391760074,True,True
91021803,4.56800000,2.42000000,160015227,160015228,1782867392781885,True,True
91021804,4.56800000,1.44000000,160015229,160015229,1782867397152505,False,True
91021805,4.56900000,2.77000000,160015230,160015231,1782867397152890,False,True
91021806,4.56900000,47.49000000,160015232,160015236,1782867397667134,True,True
91021807,4.56900000,6.80000000,160015237,160015237,1782867397668379,True,True
91021808,4.56800000,60.00000000,160015238,160015240,1782867397668379,True,True
91021809,4.56800000,20.71000000,160015241,160015241,1782867397672201,True,True
91021810,4.56700000,5.93000000,160015242,160015245,1782867398260499,True,True
91021811,4.56700000,6.27000000,160015246,160015247,1782867402036549,True,True
91021812,4.56700000,2.50000000,160015248,160015249,1782867403739418,True,True
91021813,4.56700000,12.76000000,160015250,160015251,1782867421881349,True,True
91021814,4.56600000,23.93000000,160015252,160015255,1782867421881349,True,True
91021815,4.56700000,22.65000000,160015256,160015257,1782867442132383,True,True
91021816,4.56600000,91.27000000,160015258,160015261,1782867442132383,True,True
91021817,4.56500000,108.08000000,160015262,160015267,1782867442132383,True,True
91021818,4.56600000,4.02000000,160015268,160015268,1782867447171852,True,True
91021819,4.56500000,32.67000000,160015269,160015269,1782867447171852,True,True
91021820,4.56500000,8.25000000,160015270,160015272,1782867449734353,True,True
91021821,4.56400000,14.73000000,160015273,160015275,1782867468020697,True,True
91021822,4.56300000,34.19000000,160015276,160015281,1782867468020697,True,True
91021823,4.56400000,2.94000000,160015282,160015282,1782867482846928,True,True
91021824,4.56300000,22.87000000,160015283,160015285,1782867482846928,True,True
91021825,4.56200000,52.74000000,160015286,160015288,1782867482846928,True,True
91021826,4.56300000,61.99000000,160015289,160015289,1782867482850320,False,True
91021827,4.56300000,4.02000000,160015290,160015290,1782867487444939,True,True
91021828,4.56200000,62.58000000,160015291,160015292,1782867490312494,True,True
91021829,4.56200000,55.00000000,160015293,160015293,1782867490316275,True,True
91021830,4.56200000,11.00000000,160015294,160015295,1782867490333484,True,True
91021831,4.56100000,11.08000000,160015296,160015300,1782867497319368,True,True
91021832,4.56000000,26.91000000,160015301,160015304,1782867505005819,True,True
91021833,4.55900000,22.01000000,160015305,160015309,1782867505005819,True,True
91021834,4.56000000,5.38000000,160015310,160015310,1782867513001032,True,True
91021835,4.55900000,2.28000000,160015311,160015312,1782867514287476,True,True
91021836,4.55900000,1.44000000,160015313,160015313,1782867521137861,False,True
91021837,4.55800000,1.44000000,160015314,160015315,1782867521503123,True,True
91021838,4.55800000,0.84000000,160015316,160015316,1782867521560229,True,True
91021839,4.55800000,37.64000000,160015317,160015319,1782867544464932,False,True
91021840,4.55900000,4.53000000,160015320,160015322,1782867551586920,False,True
91021841,4.56000000,9.22000000,160015323,160015326,1782867601136097,False,True
91021842,4.56100000,3.98000000,160015327,160015329,1782867601137838,False,True
91021843,4.56200000,2.33000000,160015330,160015331,1782867601583378,False,True
91021844,4.56200000,1.52000000,160015332,160015332,1782867607061293,True,True
91021845,4.56300000,1.98000000,160015333,160015334,1782867608048541,False,True
91021846,4.56300000,0.35000000,160015335,160015335,1782867609011068,False,True
91021847,4.56400000,1.35000000,160015336,160015337,1782867609930155,False,True
91021848,4.56400000,0.98000000,160015338,160015338,1782867609931000,False,True
91021849,4.56500000,23.10000000,160015339,160015342,1782867609931000,False,True
91021850,4.56500000,0.98000000,160015343,160015343,1782867609933166,False,True
91021851,4.56600000,25.96000000,160015344,160015349,1782867609933166,False,True
91021852,4.56700000,3.98000000,160015350,160015352,1782867609981854,False,True
91021853,4.56700000,20.10000000,160015353,160015353,1782867609984467,False,True
91021854,4.56800000,5.63000000,160015354,160015357,1782867609987473,False,True
91021855,4.56900000,2.33000000,160015358,160015359,1782867636440484,False,True
91021856,4.56900000,32.44000000,160015360,160015362,1782867645485116,True,True
91021857,4.56800000,17.54000000,160015363,160015365,1782867645488952,True,True
91021858,4.56800000,3.50000000,160015366,160015366,1782867645490324,True,True
91021859,4.56700000,2.14000000,160015367,160015368,1782867645492255,True,True
91021860,4.56700000,15.76000000,160015369,160015372,1782867645584569,True,True
91021861,4.56700000,3.15000000,160015373,160015373,1782867645587187,True,True
91021862,4.56700000,5.44000000,160015374,160015374,1782867651528710,False,True
91021863,4.56600000,7.14000000,160015375,160015377,1782867653503078,True,True
91021864,4.56500000,26.69000000,160015378,160015382,1782867702980841,True,True
91021865,4.56500000,5.34000000,160015383,160015383,1782867702984914,True,True
91021866,4.56500000,12.61000000,160015384,160015384,1782867716213111,False,True
91021867,4.56600000,1.12000000,160015385,160015385,1782867728674438,False,True
91021868,4.56700000,3.98000000,160015386,160015388,1782867728675590,False,True
91021869,4.56800000,1.27000000,160015389,160015390,1782867728720504,False,True
91021870,4.56800000,4.36000000,160015391,160015393,1782867728722052,False,True
91021871,4.56800000,18.88000000,160015394,160015395,1782867735168640,True,True
91021872,4.56700000,13.73000000,160015396,160015396,1782867735168640,True,True
91021873,4.56700000,25.79000000,160015397,160015398,1782867746540311,True,True
91021874,4.56600000,18.44000000,160015399,160015401,1782867754881512,True,True
91021875,4.56500000,22.70000000,160015402,160015407,1782867754886718,True,True
91021876,4.56500000,4.50000000,160015408,160015409,1782867754951446,True,True
91021877,4.56700000,1.12000000,160015410,160015410,1782867772453421,False,True
91021878,4.56800000,5.63000000,160015411,160015414,1782867775385813,False,True
91021879,4.56800000,9.28000000,160015415,160015416,1782867782063709,True,True
91021880,4.56800000,9.28000000,160015417,160015418,1782867782141832,True,True
91021881,4.56800000,943.49000000,160015419,160015420,1782867813448211,True,True
91021882,4.56800000,65.77000000,160015421,160015421,1782867813450507,True,True
91021883,4.56800000,61.90000000,160015422,160015422,1782867813450756,True,True
91021884,4.56800000,61.02000000,160015423,160015423,1782867813451143,True,True
91021885,4.56700000,2.77000000,160015424,160015425,1782867813451598,True,True
91021886,4.56600000,3.98000000,160015426,160015428,1782867813452674,True,True
91021887,4.56500000,19.62000000,160015429,160015429,1782867813452674,True,True
91021888,4.56500000,7.54000000,160015430,160015434,1782867813549654,True,True
91021889,4.56500000,10.89000000,160015435,160015435,1782867821990160,True,True
91021890,4.56400000,10.91000000,160015436,160015440,1782867821990160,True,True
91021891,4.56500000,1.65000000,160015441,160015441,1782867822078690,False,True
91021892,4.56600000,104.74000000,160015442,160015445,1782867822080976,False,True
91021893,4.56600000,2.88000000,160015446,160015446,1782867827072986,True,True
91021894,4.56600000,16.40000000,160015447,160015449,1782867843282348,True,True
91021895,4.56600000,0.02000000,160015450,160015450,1782867843282526,True,True
91021896,4.56500000,13.29000000,160015451,160015452,1782867852413461,True,True
91021897,4.56400000,1.98000000,160015453,160015454,1782867855422580,True,True
91021898,4.56400000,7.60000000,160015455,160015456,1782867855719715,True,True
91021899,4.56400000,4.92000000,160015457,160015457,1782867855719935,True,True
91021900,4.56300000,16.23000000,160015458,160015461,1782867857541309,True,True
91021901,4.56200000,2.33000000,160015462,160015463,1782867860845452,True,True
91021902,4.56100000,3.45000000,160015464,160015466,1782867862313933,True,True
91021903,4.56000000,1.79000000,160015467,160015468,1782867864918527,True,True
91021904,4.56100000,391.02000000,160015469,160015470,1782867884161130,False,True
91021905,4.56100000,110.00000000,160015471,160015471,1782867884161175,False,True
91021906,4.56100000,3.53000000,160015472,160015472,1782867884163180,False,True
91021907,4.56100000,20.10000000,160015473,160015473,1782867884163897,False,True
91021908,4.56100000,2.19000000,160015474,160015474,1782867884164399,False,True
91021909,4.56100000,237.13000000,160015475,160015475,1782867884164681,False,True
91021910,4.56100000,1.44000000,160015476,160015476,1782867884819679,True,True
91021911,4.56100000,10.10000000,160015477,160015477,1782867895202348,True,True
91021912,4.56100000,27.82000000,160015478,160015478,1782867895202420,True,True
91021913,4.56100000,7.58000000,160015479,160015479,1782867895207387,True,True
91021914,4.56100000,1.44000000,160015480,160015480,1782867898677350,True,True
91021915,4.56100000,2.88000000,160015481,160015482,1782867901480696,True,True
91021916,4.56000000,9.70000000,160015483,160015485,1782867905078211,True,True
91021917,4.55900000,5.63000000,160015486,160015489,1782867905079656,True,True
91021918,4.55900000,1.12000000,160015490,160015490,1782867906513526,True,True
91021919,4.55800000,2.33000000,160015491,160015492,1782867906516806,True,True
91021920,4.55700000,1.44000000,160015493,160015493,1782867910970477,True,True
91021921,4.55700000,14.11000000,160015494,160015496,1782867910972524,True,True
91021922,4.55600000,2.70000000,160015497,160015499,1782867921103714,True,True
91021923,4.55700000,20.10000000,160015500,160015500,1782867930460473,False,True
91021924,4.55700000,20.10000000,160015501,160015501,1782867930461905,False,True
91021925,4.55700000,20.10000000,160015502,160015502,1782867930463243,False,True
91021926,4.55700000,20.10000000,160015503,160015503,1782867930464392,False,True
91021927,4.55700000,11.41000000,160015504,160015504,1782867930465626,False,True
91021928,4.55700000,10.42000000,160015505,160015506,1782867932836437,True,True
91021929,4.55700000,1.70000000,160015507,160015507,1782867932838154,True,True
91021930,4.55700000,0.38000000,160015508,160015508,1782867932838468,True,True
91021931,4.55600000,5.36000000,160015509,160015511,1782867932859315,True,True
91021932,4.55500000,18.13000000,160015512,160015515,1782867941282948,True,True
91021933,4.55400000,14.60000000,160015516,160015518,1782867947816043,True,True
91021934,4.55300000,4.51000000,160015519,160015521,1782867947818619,True,True
91021935,4.55300000,34.58000000,160015522,160015522,1782867952535411,False,True
91021936,4.55400000,21.22000000,160015523,160015524,1782867954514002,False,True
91021937,4.55500000,3.98000000,160015525,160015527,1782867954515668,False,True
91021938,4.55600000,2.33000000,160015528,160015529,1782867954983342,False,True
91021939,4.55700000,2.30000000,160015530,160015531,1782867955246257,False,True
91021940,4.55700000,0.03000000,160015532,160015532,1782867955247237,False,True
91021941,4.55800000,2.33000000,160015533,160015534,1782867960069933,False,True
91021942,4.55900000,2.33000000,160015535,160015536,1782867961785283,False,True
91021943,4.56000000,2.33000000,160015537,160015538,1782867964920970,False,True
91021944,4.56100000,2.33000000,160015539,160015540,1782867971731732,False,True
91021945,4.56100000,33.88000000,160015541,160015544,1782867993596037,True,True
91021946,4.56000000,47.51000000,160015545,160015548,1782867993632641,True,True
91021947,4.55900000,18.08000000,160015549,160015553,1782867993637736,True,True
91021948,4.55900000,4.02000000,160015554,160015554,1782867997483849,True,True
91021949,4.55800000,6.68000000,160015555,160015557,1782867997802385,True,True
91021950,4.55800000,33.86000000,160015558,160015559,1782868000067531,False,True
91021951,4.55900000,1.12000000,160015560,160015560,1782868001387713,False,True
91021952,4.55900000,3.79000000,160015561,160015561,1782868012895147,True,True
91021953,4.55800000,116.72000000,160015562,160015565,1782868012895147,True,True
91021954,4.55700000,128.18000000,160015566,160015572,1782868012895147,True,True
91021955,4.55600000,530.53000000,160015573,160015579,1782868012895147,True,True
91021956,4.55600000,68.24000000,160015580,160015580,1782868012896539,True,True
91021957,4.55600000,1.21000000,160015581,160015581,1782868012896898,True,True
91021958,4.55600000,110.00000000,160015582,160015582,1782868012898064,True,True
91021959,4.55700000,7.42000000,160015583,160015583,1782868016947443,False,True
91021960,4.55800000,1.12000000,160015584,160015584,1782868027159595,False,True
91021961,4.55900000,2.30000000,160015585,160015586,1782868035395727,False,True
91021962,4.55800000,472.68000000,160015587,160015598,1782868044964208,True,True
91021963,4.55700000,276.57000000,160015599,160015603,1782868044964208,True,True
91021964,4.55800000,53.68000000,160015604,160015604,1782868044967181,True,True
91021965,4.55800000,9.40000000,160015605,160015605,1782868044970118,True,True
91021966,4.55800000,1.33000000,160015606,160015606,1782868044970200,True,True
91021967,4.55800000,1.12000000,160015607,160015607,1782868057579780,False,True
91021968,4.55900000,1.24000000,160015608,160015609,1782868057581519,False,True
91021969,4.56000000,2.33000000,160015610,160015611,1782868060944363,False,True
91021970,4.56000000,24.12000000,160015612,160015613,1782868071400800,True,True
91021971,4.55900000,0.34000000,160015614,160015614,1782868071400800,True,True
91021972,4.56000000,4.80000000,160015615,160015615,1782868074493552,True,True
91021973,4.56000000,0.02000000,160015616,160015616,1782868074494698,True,True
91021974,4.56000000,40.77000000,160015617,160015617,1782868088274357,False,True
91021975,4.56000000,4.02000000,160015618,160015618,1782868096385906,True,True
91021976,4.56000000,21.92000000,160015619,160015620,1782868097950873,False,True
91021977,4.55900000,21.12000000,160015621,160015622,1782868098164685,True,True
91021978,4.55800000,2.86000000,160015623,160015624,1782868098167734,True,True
91021979,4.55700000,1.44000000,160015625,160015625,1782868110881808,True,True
91021980,4.55700000,20.10000000,160015626,160015628,1782868110882075,True,True
91021981,4.55600000,2.33000000,160015629,160015630,1782868113917667,True,True
91021982,4.55500000,5.63000000,160015631,160015634,1782868113917667,True,True
91021983,4.55400000,60.25000000,160015635,160015638,1782868113917667,True,True
91021984,4.55300000,5.17000000,160015639,160015642,1782868113917667,True,True
91021985,4.55500000,4.02000000,160015643,160015643,1782868120726367,True,True
91021986,4.55400000,19.79000000,160015644,160015647,1782868120802446,True,True
91021987,4.55300000,3.30000000,160015648,160015650,1782868121058340,True,True
91021988,4.55300000,0.02000000,160015651,160015651,1782868121058457,True,True
91021989,4.55200000,2.33000000,160015652,160015653,1782868131414587,True,True
91021990,4.55100000,12.44000000,160015654,160015658,1782868138029540,True,True
91021991,4.55000000,2.86000000,160015659,160015660,1782868138029735,True,True
91021992,4.54900000,13.00000000,160015661,160015663,1782868138030486,True,True
91021993,4.54900000,8.67000000,160015664,160015666,1782868138038155,True,True
91021994,4.54800000,5.94000000,160015667,160015670,1782868138148701,True,True
91021995,4.54700000,1.86000000,160015671,160015672,1782868138148701,True,True
91021996,4.54900000,1.19000000,160015673,160015673,1782868145019437,False,True
91021997,4.54900000,4.13000000,160015674,160015674,1782868147932273,False,True
91021998,4.54900000,1.45000000,160015675,160015675,1782868150852098,True,True
91021999,4.54900000,22.67000000,160015676,160015677,1782868150854350,True,True
91022000,4.54900000,4.50000000,160015678,160015678,1782868162639130,True,True
91022001,4.54900000,0.03000000,160015679,160015679,1782868168997679,True,True
91022002,4.54800000,2.77000000,160015680,160015681,1782868168997679,True,True
91022003,4.54800000,0.01000000,160015682,160015682,1782868168997697,True,True
91022004,4.54700000,4.90000000,160015683,160015686,1782868168999099,True,True
91022005,4.54700000,8.92000000,160015687,160015687,1782868169887129,True,True
91022006,4.54700000,1.78000000,160015688,160015688,1782868169889798,True,True
91022007,4.54600000,5.41000000,160015689,160015691,1782868169890324,True,True
91022008,4.54700000,2.78000000,160015692,160015693,1782868203067330,False,True
91022009,4.54800000,178.85000000,160015694,160015700,1782868203067613,False,True
91022010,4.54900000,2.78000000,160015701,160015702,1782868203073670,False,True
91022011,4.54900000,1.21000000,160015703,160015703,1782868209633242,False,True
91022012,4.54900000,43.48000000,160015704,160015706,1782868210767137,True,True
91022013,4.55000000,4.48000000,160015707,160015709,1782868213848813,False,True
91022014,4.54900000,36.06000000,160015710,160015712,1782868215817644,True,True
91022015,4.54800000,1.13000000,160015713,160015713,1782868217152667,True,True
91022016,4.54700000,2.34000000,160015714,160015715,1782868217286113,True,True
91022017,4.54600000,2.34000000,160015716,160015717,1782868226117460,True,True
91022018,4.54500000,25.41000000,160015718,160015722,1782868227912905,True,True
91022019,4.54400000,86.33000000,160015723,160015725,1782868230631067,True,True
91022020,4.54400000,81.12000000,160015726,160015726,1782868230631130,True,True
91022021,4.54300000,16.18000000,160015727,160015731,1782868230634782,True,True
91022022,4.54200000,71.37000000,160015732,160015736,1782868230640618,True,True
91022023,4.54200000,6.36000000,160015737,160015737,1782868231257364,False,True
91022024,4.54100000,23.67000000,160015738,160015740,1782868235240794,True,True
91022025,4.54100000,5.71000000,160015741,160015741,1782868235250834,True,True
91022026,4.54000000,53.49000000,160015742,160015746,1782868235288893,True,True
91022027,4.53900000,6.84000000,160015747,160015751,1782868235380505,True,True
91022028,4.53900000,20.10000000,160015752,160015752,1782868238918770,False,True
91022029,4.53900000,8.68000000,160015753,160015753,1782868238925161,False,True
91022030,4.53900000,25.92000000,160015754,160015754,1782868245897765,False,True
91022031,4.53900000,20.10000000,160015755,160015755,1782868249769883,False,True
91022032,4.53900000,2.05000000,160015756,160015756,1782868249770412,False,True
91022033,4.53900000,1.45000000,160015757,160015757,1782868250123348,True,True
91022034,4.53800000,47.94000000,160015758,160015761,1782868251765458,True,True
91022035,4.53700000,21.22000000,160015762,160015763,1782868252350708,True,True
91022036,4.53600000,13.35000000,160015764,160015768,1782868252350748,True,True
91022037,4.53500000,1.22000000,160015769,160015770,1782868252352626,True,True
91022038,4.53500000,1.30000000,160015771,160015771,1782868252353320,True,True
91022039,4.53500000,1.89000000,160015772,160015773,1782868252357652,True,True
91022040,4.53400000,2.88000000,160015774,160015775,1782868252357874,True,True
91022041,4.53300000,4.53000000,160015776,160015778,1782868252357874,True,True
91022042,4.53200000,2.88000000,160015779,160015780,1782868252357874,True,True
91022043,4.53100000,142.51000000,160015781,160015785,1782868252357931,True,True
91022044,4.53000000,2.88000000,160015786,160015787,1782868252357931,True,True
91022045,4.52900000,781.46000000,160015788,160015793,1782868252358471,True,True
91022046,4.52900000,10.14000000,160015794,160015794,1782868252360981,True,True
91022047,4.52900000,1.12000000,160015795,160015795,1782868252361376,True,True
91022048,4.52900000,20.10000000,160015796,160015796,1782868252361763,True,True
91022049,4.52800000,41.26000000,160015797,160015801,1782868252361763,True,True
91022050,4.52800000,20.10000000,160015802,160015802,1782868252361909,True,True
91022051,4.53000000,220.00000000,160015803,160015803,1782868252362094,False,True
91022052,4.53000000,377.94000000,160015804,160015804,1782868252362106,False,True
91022053,4.52800000,11.19000000,160015805,160015805,1782868252362446,False,True
91022054,4.53000000,98.81000000,160015806,160015806,1782868252362446,False,True
91022055,4.53100000,1.40000000,160015807,160015807,1782868252365080,False,True
91022056,4.53100000,1.39000000,160015808,160015809,1782868252365083,False,True
