35312292,4004.47000000,0.00120000,48748507,48748507,1782864011254382,False,True
35312293,4004.47000000,6.19830000,48748508,48748508,1782864015836366,False,True
35312294,4004.47000000,0.97540000,48748509,48748509,1782864015836730,False,True
35312295,4004.47000000,2.92880000,48748510,48748510,1782864015837195,False,True
35312296,4004.47000000,0.40000000,48748511,48748511,1782864015837396,False,True
35312297,4004.47000000,0.51920000,48748512,48748512,1782864015837661,False,True
35312298,4004.47000000,0.59930000,48748513,48748513,1782864015837908,False,True
35312299,4004.47000000,0.11730000,48748514,48748514,1782864015837991,False,True
35312300,4004.47000000,0.11730000,48748515,48748515,1782864015838030,False,True
35312301,4004.47000000,0.58200000,48748516,48748516,1782864015838162,False,True
35312302,4004.47000000,0.11730000,48748517,48748517,1782864015838389,False,True
35312303,4004.47000000,0.52660000,48748518,48748518,1782864015838731,False,True
35312304,4004.47000000,2.37770000,48748519,48748519,1782864015838879,False,True
35312305,4004.47000000,0.52400000,48748520,48748520,1782864015838967,False,True
35312306,4004.47000000,0.11730000,48748521,48748521,1782864015839053,False,True
35312307,4004.47000000,0.39340000,48748522,48748522,1782864015839093,False,True
35312308,4004.89000000,0.04900000,48748523,48748523,1782864015841043,False,True
35312309,4004.89000000,0.04900000,48748524,48748524,1782864015841063,False,True
35312310,4004.89000000,0.04900000,48748525,48748525,1782864015841189,False,True
35312311,4004.89000000,0.04900000,48748526,48748526,1782864015841392,False,True
35312312,4005.41000000,0.01990000,48748527,48748528,1782864020951180,False,True
35312313,4005.61000000,0.00130000,48748529,48748529,1782864038082981,False,True
35312314,4005.61000000,0.00160000,48748530,48748530,1782864040078570,False,True
35312315,4005.44000000,0.00500000,48748531,48748531,1782864043215044,True,True
35312316,4005.44000000,0.00490000,48748532,48748532,1782864050521685,True,True
35312317,4005.44000000,0.00490000,48748533,48748533,1782864050625222,True,True
35312318,4005.44000000,0.00490000,48748534,48748535,1782864052085275,True,True
35312319,4005.45000000,0.26380000,48748536,48748538,1782864052138311,False,True
35312320,4005.49000000,0.15040000,48748539,48748539,1782864052138311,False,True
35312321,4005.49000000,0.00170000,48748540,48748540,1782864053272471,False,True
35312322,4005.48000000,0.00650000,48748541,48748541,1782864058766768,True,True
35312323,4005.48000000,0.00490000,48748542,48748542,1782864059302097,True,True
35312324,4005.49000000,0.00490000,48748543,48748543,1782864059737630,False,True
35312325,4005.59000000,0.00760000,48748544,48748544,1782864060771159,True,True
35312326,4005.59000000,0.00180000,48748545,48748545,1782864064136223,True,True
35312327,4005.59000000,0.00490000,48748546,48748546,1782864065482609,True,True
35312328,4005.59000000,0.00490000,48748547,48748547,1782864067562991,True,True
35312329,4005.59000000,0.00490000,48748548,48748548,1782864075573268,True,True
35312330,4005.59000000,0.00490000,48748549,48748549,1782864075674451,True,True
35312331,4005.59000000,0.00490000,48748550,48748550,1782864083579911,True,True
35312332,4005.59000000,0.00490000,48748551,48748551,1782864088591343,True,True
35312333,4005.59000000,0.29430000,48748552,48748556,1782864091689052,True,True
35312334,4005.21000000,0.11990000,48748557,48748557,1782864092886148,True,True
35312335,4004.82000000,0.01330000,48748558,48748558,1782864096202447,False,True
35312336,4004.81000000,0.00490000,48748559,48748559,1782864100008688,True,True
35312337,4004.81000000,0.00490000,48748560,48748560,1782864104822787,True,True
35312338,4004.81000000,0.00490000,48748561,48748561,1782864106020423,True,True
35312339,4004.81000000,0.00680000,48748562,48748562,1782864107677834,True,True
35312340,4004.56000000,0.00490000,48748563,48748563,1782864116988629,True,True
35312341,4004.56000000,0.13490000,48748564,48748566,1782864119273299,True,True
35312342,4004.56000000,0.00490000,48748567,48748568,1782864119963494,True,True
35312343,4004.56000000,0.00490000,48748569,48748569,1782864121973111,True,True
35312344,4004.57000000,0.12420000,48748570,48748571,1782864123465145,False,True
35312345,4004.57000000,0.08740000,48748572,48748572,1782864123467927,False,True
35312346,4004.80000000,0.00490000,48748573,48748573,1782864124815509,True,True
35312347,4004.80000000,0.16660000,48748574,48748574,1782864131728359,True,True
35312348,4004.79000000,0.25000000,48748575,48748575,1782864131728381,True,True
35312349,4004.55000000,0.00610000,48748576,48748576,1782864132708540,True,True
35312350,4004.55000000,0.00490000,48748577,48748577,1782864135705483,True,True
35312351,4004.55000000,0.00490000,48748578,48748578,1782864137652818,True,True
35312352,4004.48000000,0.00490000,48748579,48748579,1782864146183197,True,True
35312353,4004.28000000,0.00490000,48748580,48748580,1782864155743477,True,True
35312354,4004.28000000,0.00750000,48748581,48748581,1782864161860848,True,True
35312355,4004.29000000,0.01650000,48748582,48748582,1782864165119339,False,True
35312356,4004.13000000,0.01510000,48748583,48748584,1782864181772436,True,True
35312357,4004.35000000,0.41180000,48748585,48748588,1782864190415434,True,True
35312358,4004.31000000,0.02910000,48748589,48748589,1782864190415434,True,True
35312359,4004.30000000,0.13950000,48748590,48748591,1782864190415434,True,True
35312360,4004.29000000,0.01750000,48748592,48748592,1782864190415434,True,True
35312361,4004.30000000,0.16560000,48748593,48748594,1782864210553026,False,True
35312362,4004.48000000,0.16160000,48748595,48748595,1782864211586084,False,True
35312363,4005.38000000,0.08740000,48748596,48748596,1782864211587536,False,True
35312364,4005.39000000,0.01260000,48748597,48748597,1782864211587536,False,True
35312365,4005.39000000,0.07480000,48748598,48748598,1782864211587544,False,True
35312366,4005.49000000,0.12520000,48748599,48748599,1782864211587544,False,True
35312367,4005.28000000,0.00140000,48748600,48748600,1782864212814324,False,True
35312368,4005.28000000,0.00170000,48748601,48748601,1782864214490150,False,True
35312369,4005.28000000,0.13550000,48748602,48748602,1782864238213935,False,True
35312370,4005.51000000,0.00180000,48748603,48748603,1782864294622215,False,True
35312371,4005.50000000,0.43580000,48748604,48748606,1782864308190675,True,True
35312372,4005.50000000,0.06130000,48748607,48748607,1782864308190811,True,True
35312373,4005.50000000,0.01390000,48748608,48748608,1782864308192145,True,True
35312374,4005.14000000,0.00250000,48748609,48748609,1782864316635936,False,True
35312375,4005.13000000,0.00240000,48748610,48748610,1782864333573113,True,True
35312376,4005.13000000,0.09760000,48748611,48748611,1782864346280057,True,True
35312377,4005.10000000,0.25000000,48748612,48748612,1782864346280057,True,True
35312378,4004.93000000,3.51170000,48748613,48748613,1782864346280098,True,True
35312379,4004.93000000,0.23940000,48748614,48748614,1782864346280256,True,True
35312380,4004.82000000,0.06260000,48748615,48748615,1782864346280537,True,True
35312381,4004.30000000,0.05380000,48748616,48748616,1782864346394092,False,True
35312382,4004.30000000,0.00400000,48748617,48748617,1782864364199913,False,True
35312383,4004.62000000,0.00300000,48748618,48748618,1782864365014792,False,True
35312384,4004.80000000,0.01080000,48748619,48748619,1782864417183640,True,True
35312385,4004.81000000,0.00180000,48748620,48748620,1782864495958891,False,True
35312386,4004.81000000,0.00150000,48748621,48748621,1782864496922903,False,True
35312387,4004.81000000,0.00070000,48748622,48748622,1782864499244248,False,True
35312388,4005.14000000,0.22430000,48748623,48748623,1782864534194998,False,True
35312389,4005.31000000,0.00210000,48748624,48748624,1782864539822138,True,True
35312390,4005.32000000,0.11990000,48748625,48748625,1782864540317550,False,True
35312391,4006.36000000,0.00120000,48748626,48748626,1782864562794204,False,True
35312392,4006.35000000,0.04900000,48748627,48748627,1782864574991753,True,True
35312393,4006.35000000,0.04900000,48748628,48748628,1782864575285172,True,True
35312394,4006.35000000,0.04900000,48748629,48748629,1782864575388064,True,True
35312395,4006.36000000,0.21720000,48748630,48748635,1782864651390517,False,True
35312396,4007.07000000,0.09080000,48748636,48748636,1782864657524965,False,True
35312397,4008.17000000,0.11650000,48748637,48748638,1782864711829779,True,True
35312398,4007.63000000,0.01960000,48748639,48748639,1782864711835632,True,True
35312399,4007.42000000,0.02940000,48748640,48748640,1782864711835632,True,True
35312400,4007.63000000,0.00140000,48748641,48748641,1782864711976354,True,True
35312401,4007.63000000,0.01900000,48748642,48748642,1782864731022701,True,True
35312402,4007.84000000,0.00160000,48748643,48748643,1782864775422593,False,True
35312403,4007.83000000,0.03460000,48748644,48748644,1782864788389766,True,True
35312404,4007.31000000,0.08740000,48748645,48748645,1782864788391194,True,True
35312405,4007.49000000,0.00170000,48748646,48748646,1782864806542962,False,True
35312406,4007.49000000,0.00230000,48748647,48748647,1782864810830544,False,True
35312407,4008.16000000,0.09170000,48748648,48748649,1782864833230014,False,True
35312408,4008.16000000,0.00850000,48748650,48748650,1782864842734790,False,True
35312409,4008.16000000,0.00880000,48748651,48748651,1782864848901876,False,True
35312410,4008.15000000,0.02490000,48748652,48748652,1782864853275932,True,True
35312411,4008.15000000,0.07510000,48748653,48748653,1782864873336576,True,True
35312412,4007.62000000,0.01960000,48748654,48748654,1782864873340679,True,True
35312413,4007.61000000,0.00640000,48748655,48748655,1782864873340679,True,True
35312414,4007.53000000,0.01960000,48748656,48748656,1782864873340679,True,True
35312415,4007.11000000,0.00340000,48748657,48748657,1782864873340679,True,True
35312416,4007.41000000,0.10700000,48748658,48748659,1782864907274299,True,True
35312417,4007.04000000,0.00400000,48748660,48748660,1782864913546713,False,True
35312418,4007.54000000,0.10000000,48748661,48748661,1782864922988608,True,True
35312419,4006.67000000,0.00790000,48748662,48748662,1782864934848161,False,True
35312420,4005.64000000,0.11990000,48748663,48748663,1782864978176388,False,True
35312421,4005.95000000,0.11990000,48748664,48748664,1782864984743832,False,True
35312422,4006.19000000,0.02050000,48748665,48748665,1782864991119911,True,True
35312423,4005.95000000,0.02160000,48748666,48748667,1782865042254405,True,True
35312424,4005.78000000,0.00300000,48748668,48748668,1782865072511086,True,True
35312425,4005.10000000,0.47040000,48748669,48748671,1782865090997096,True,True
35312426,4005.04000000,0.25000000,48748672,48748672,1782865090997096,True,True
35312427,4004.89000000,0.00320000,48748673,48748673,1782865090997096,True,True
35312428,4004.80000000,0.14890000,48748674,48748675,1782865090997096,True,True
35312429,4004.69000000,0.11250000,48748676,48748676,1782865090997096,True,True
35312430,4004.67000000,0.01840000,48748677,48748677,1782865090997096,True,True
35312431,4004.68000000,0.00880000,48748678,48748678,1782865118008757,False,True
35312432,4004.67000000,0.06860000,48748679,48748679,1782865140302386,True,True
35312433,4004.66000000,0.25000000,48748680,48748680,1782865140302386,True,True
35312434,4004.29000000,0.00130000,48748681,48748681,1782865159172239,True,True
35312435,4004.10000000,0.00570000,48748682,48748682,1782865159172825,True,True
35312436,4004.06000000,0.02000000,48748683,48748683,1782865159173151,True,True
35312437,4004.06000000,0.23010000,48748684,48748684,1782865159173747,True,True
35312438,4003.86000000,0.00150000,48748685,48748685,1782865159178878,True,True
35312439,4003.86000000,0.02330000,48748686,48748687,1782865159179070,True,True
35312440,4003.56000000,0.07330000,48748688,48748688,1782865159179070,True,True
35312441,4003.51000000,0.00140000,48748689,48748689,1782865159179070,True,True
35312442,4003.37000000,1.19980000,48748690,48748693,1782865159183671,False,True
35312443,4004.05000000,0.02500000,48748694,48748694,1782865175056702,False,True
35312444,4003.57000000,0.04900000,48748695,48748695,1782865178215333,True,True
35312445,4003.57000000,0.14930000,48748696,48748696,1782865178531236,True,True
35312446,4003.57000000,0.01680000,48748697,48748697,1782865178531557,True,True
35312447,4003.40000000,0.13050000,48748698,48748698,1782865178549934,True,True
35312448,4003.40000000,0.36890000,48748699,48748699,1782865178551371,True,True
35312449,4003.36000000,0.00440000,48748700,48748700,1782865178551507,True,True
35312450,4003.28000000,0.01250000,48748701,48748702,1782865178551647,True,True
35312451,4003.02000000,0.00390000,48748703,48748704,1782865179661162,True,True
35312452,4003.01000000,0.00160000,48748705,48748705,1782865179661162,True,True
35312453,4003.00000000,0.02520000,48748706,48748707,1782865179661162,True,True
35312454,4002.94000000,0.00140000,48748708,48748708,1782865179661162,True,True
35312455,4002.92000000,0.00140000,48748709,48748709,1782865179661162,True,True
35312456,4002.81000000,0.00260000,48748710,48748710,1782865179661162,True,True
35312457,4002.65000000,0.00650000,48748711,48748712,1782865179661162,True,True
35312458,4002.61000000,0.00290000,48748713,48748713,1782865179661162,True,True
35312459,4002.60000000,0.00140000,48748714,48748714,1782865179661162,True,True
35312460,4002.57000000,0.00210000,48748715,48748715,1782865179661162,True,True
35312461,4002.57000000,0.00140000,48748716,48748717,1782865179662800,True,True
35312462,4002.57000000,0.00400000,48748718,48748718,1782865179668796,True,True
35312463,4002.52000000,0.00660000,48748719,48748719,1782865190099791,True,True
35312464,4002.37000000,0.00200000,48748720,48748720,1782865190100218,True,True
35312465,4002.25000000,0.16610000,48748721,48748721,1782865190102278,True,True
35312466,4002.11000000,0.00730000,48748722,48748722,1782865190103532,False,True
35312467,4002.10000000,0.00600000,48748723,48748724,1782865190103805,True,True
35312468,4002.03000000,0.10000000,48748725,48748725,1782865190114426,True,True
35312469,4002.01000000,0.00320000,48748726,48748726,1782865190173826,True,True
35312470,4001.97000000,0.00200000,48748727,48748727,1782865190173924,True,True
35312471,4001.71000000,0.08220000,48748728,48748728,1782865190174314,True,True
35312472,4001.71000000,0.11780000,48748729,48748729,1782865190175230,True,True
35312473,4001.67000000,0.00520000,48748730,48748730,1782865190175318,True,True
35312474,4001.67000000,0.04530000,48748731,48748731,1782865190177457,True,True
35312475,4001.64000000,0.00380000,48748732,48748732,1782865190348070,False,True
35312476,4001.63000000,0.01580000,48748733,48748735,1782865190813955,True,True
35312477,4001.60000000,0.00320000,48748736,48748736,1782865190813955,True,True
35312478,4001.44000000,0.02700000,48748737,48748737,1782865190821495,True,True
35312479,4001.37000000,0.00280000,48748738,48748738,1782865190821500,True,True
35312480,4001.29000000,0.02410000,48748739,48748739,1782865190822476,True,True
35312481,4001.20000000,0.01250000,48748740,48748741,1782865190823032,True,True
35312482,4001.15000000,0.00130000,48748742,48748742,1782865190823032,True,True
35312483,4001.05000000,0.07360000,48748743,48748743,1782865190823032,True,True
35312484,4001.04000000,0.00150000,48748744,48748744,1782865190824369,True,True
35312485,4000.97000000,0.01500000,48748745,48748745,1782865190824943,True,True
35312486,4000.90000000,0.00160000,48748746,48748746,1782865190826610,True,True
35312487,4000.91000000,1.18540000,48748747,48748751,1782865190832233,False,True
35312488,4000.98000000,0.32660000,48748752,48748752,1782865190832549,False,True
35312489,4000.98000000,0.35140000,48748753,48748754,1782865190832615,False,True
35312490,4001.20000000,0.04500000,48748755,48748755,1782865190849875,True,True
35312491,4001.20000000,0.01390000,48748756,48748756,1782865191605928,True,True
35312492,4000.91000000,0.00400000,48748757,48748757,1782865200152870,False,True
35312493,4000.91000000,0.16110000,48748758,48748758,1782865212204940,False,True
35312494,4001.00000000,0.11990000,48748759,48748759,1782865212206315,False,True
35312495,4001.09000000,0.01010000,48748760,48748760,1782865216992018,False,True
35312496,4002.25000000,0.00940000,48748761,48748761,1782865223072714,True,True
35312497,4002.26000000,0.00500000,48748762,48748762,1782865226301686,False,True
35312498,4002.26000000,0.31240000,48748763,48748766,1782865228991764,False,True
35312499,4002.46000000,0.00490000,48748767,48748767,1782865229030465,False,True
35312500,4002.53000000,0.01330000,48748768,48748768,1782865229631441,False,True
35312501,4002.55000000,0.18330000,48748769,48748769,1782865230260453,False,True
35312502,4002.55000000,0.00160000,48748770,48748770,1782865231278119,False,True
35312503,4002.84000000,0.00160000,48748771,48748771,1782865240740350,False,True
35312504,4003.00000000,0.02500000,48748772,48748773,1782865249491518,False,True
35312505,4003.51000000,0.00170000,48748774,48748774,1782865258222098,False,True
35312506,4004.10000000,0.01130000,48748775,48748775,1782865269327429,False,True
35312507,4003.83000000,0.15460000,48748776,48748776,1782865272455974,True,True
35312508,4003.35000000,0.00400000,48748777,48748777,1782865282696003,False,True
35312509,4004.24000000,0.04900000,48748778,48748778,1782865293684059,False,True
35312510,4004.57000000,0.11990000,48748779,48748779,1782865295909465,False,True
35312511,4004.57000000,0.28940000,48748780,48748781,1782865295911465,False,True
35312512,4004.78000000,0.15040000,48748782,48748782,1782865310821903,True,True
35312513,4004.39000000,0.04500000,48748783,48748783,1782865312633722,False,True
35312514,4004.38000000,0.15040000,48748784,48748784,1782865322715183,True,True
35312515,4003.93000000,0.41610000,48748785,48748786,1782865332580645,True,True
35312516,4003.79000000,0.11990000,48748787,48748787,1782865332588361,True,True
35312517,4003.79000000,0.16600000,48748788,48748788,1782865332594855,True,True
35312518,4002.75000000,0.15090000,48748789,48748789,1782865339496320,False,True
35312519,4003.11000000,0.00880000,48748790,48748790,1782865341052951,False,True
35312520,4003.01000000,0.00550000,48748791,48748791,1782865348932969,False,True
35312521,4003.01000000,0.00170000,48748792,48748792,1782865352484453,False,True
35312522,4002.84000000,0.00300000,48748793,48748793,1782865364301325,True,True
35312523,4002.85000000,0.00300000,48748794,48748794,1782865378163607,False,True
35312524,4003.00000000,0.24880000,48748795,48748797,1782865387703989,False,True
35312525,4002.91000000,0.15400000,48748798,48748798,1782865394333478,True,True
35312526,4002.84000000,0.01550000,48748799,48748800,1782865394334406,True,True
35312527,4002.84000000,0.00570000,48748801,48748801,1782865394334513,True,True
35312528,4002.77000000,0.04330000,48748802,48748802,1782865394334513,True,True
35312529,4001.73000000,0.00870000,48748803,48748803,1782865412400185,False,True
35312530,4001.72000000,0.04900000,48748804,48748805,1782865412785078,True,True
35312531,4001.73000000,0.00550000,48748806,48748806,1782865413505292,False,True
35312532,4001.38000000,0.12890000,48748807,48748809,1782865430919488,False,True
35312533,4001.65000000,0.16650000,48748810,48748810,1782865430926889,False,True
35312534,4001.73000000,0.14190000,48748811,48748812,1782865430980694,False,True
35312535,4001.73000000,0.04190000,48748813,48748813,1782865430981048,False,True
35312536,4002.54000000,0.00400000,48748814,48748814,1782865452475676,False,True
35312537,4003.80000000,0.00250000,48748815,48748815,1782865458651917,False,True
35312538,4003.38000000,0.16660000,48748816,48748816,1782865472407167,True,True
35312539,4002.97000000,0.00170000,48748817,48748817,1782865475653443,True,True
35312540,4002.98000000,0.02490000,48748818,48748818,1782865482718141,False,True
35312541,4003.53000000,0.01260000,48748819,48748819,1782865511111300,False,True
35312542,4004.33000000,0.03520000,48748820,48748820,1782865528953618,True,True
35312543,4004.88000000,0.11990000,48748821,48748821,1782865533912306,True,True
35312544,4004.47000000,0.03650000,48748822,48748822,1782865540086499,True,True
35312545,4004.11000000,0.00380000,48748823,48748823,1782865540548606,False,True
35312546,4004.10000000,0.04900000,48748824,48748825,1782865549458570,True,True
35312547,4003.90000000,0.04900000,48748826,48748827,1782865564500914,True,True
35312548,4003.90000000,0.04900000,48748828,48748828,1782865564522812,True,True
35312549,4003.78000000,0.12480000,48748829,48748829,1782865567867194,True,True
35312550,4003.53000000,0.04900000,48748830,48748830,1782865570280558,True,True
35312551,4002.54000000,0.00240000,48748831,48748831,1782865570462804,False,True
35312552,4001.96000000,0.00240000,48748832,48748832,1782865586691306,True,True
35312553,4001.62000000,0.04660000,48748833,48748833,1782865586691306,True,True
35312554,4001.37000000,0.04200000,48748834,48748836,1782865599232177,True,True
35312555,4001.37000000,0.58450000,48748837,48748839,1782865603464147,True,True
35312556,4000.99000000,0.00240000,48748840,48748840,1782865603682670,False,True
35312557,4000.98000000,0.41480000,48748841,48748843,1782865605951512,True,True
35312558,4000.90000000,0.00460000,48748844,48748844,1782865605957152,True,True
35312559,4000.74000000,0.01630000,48748845,48748845,1782865605957512,True,True
35312560,4000.68000000,0.00150000,48748846,48748846,1782865605961670,True,True
35312561,4000.63000000,0.00140000,48748847,48748847,1782865605962205,True,True
35312562,4000.60000000,0.00130000,48748848,48748848,1782865605963335,True,True
35312563,4000.58000000,0.00400000,48748849,48748849,1782865648714862,False,True
35312564,4000.75000000,0.21710000,48748850,48748850,1782865648777702,False,True
35312565,4001.16000000,0.00170000,48748851,48748851,1782865674543014,False,True
35312566,4001.16000000,0.03880000,48748852,48748852,1782865679232699,False,True
35312567,4001.18000000,0.00640000,48748853,48748853,1782865730914772,True,True
35312568,4001.18000000,0.00160000,48748854,48748854,1782865733761808,True,True
35312569,4001.60000000,0.00160000,48748855,48748855,1782865735322162,False,True
35312570,4001.60000000,0.03890000,48748856,48748856,1782865739147439,False,True
35312571,4001.04000000,0.11250000,48748857,48748857,1782865745131893,True,True
35312572,4000.92000000,0.40000000,48748858,48748858,1782865745134078,True,True
35312573,4000.92000000,0.10000000,48748859,48748859,1782865745134108,True,True
35312574,4000.92000000,0.00010000,48748860,48748860,1782865745134910,True,True
35312575,4000.60000000,0.00130000,48748861,48748861,1782865745134910,True,True
35312576,4000.57000000,0.01240000,48748862,48748862,1782865745134910,True,True
35312577,4000.56000000,0.00130000,48748863,48748863,1782865745134910,True,True
35312578,4000.54000000,0.00160000,48748864,48748864,1782865745134910,True,True
35312579,4000.32000000,0.02020000,48748865,48748865,1782865745134910,True,True
35312580,4000.31000000,0.00690000,48748866,48748866,1782865745134910,True,True
35312581,4000.10000000,0.03750000,48748867,48748867,1782865745134910,True,True
35312582,4000.02000000,0.11250000,48748868,48748868,1782865745134910,True,True
35312583,4000.00000000,0.00620000,48748869,48748872,1782865745134910,True,True
35312584,4000.00000000,0.05670000,48748873,48748875,1782865745134910,True,True
35312585,4000.00000000,0.03760000,48748876,48748876,1782865745134910,True,True
35312586,4000.25000000,0.04900000,48748877,48748877,1782865745136482,True,True
35312587,4000.92000000,0.08740000,48748878,48748878,1782865745136848,True,True
35312588,4000.26000000,0.15020000,48748879,48748879,1782865746388362,False,True
35312589,4000.92000000,0.04150000,48748880,48748881,1782865811117693,False,True
35312590,4001.17000000,0.72840000,48748882,48748884,1782865819197919,True,True
35312591,4001.98000000,0.20510000,48748885,48748886,1782865843564707,True,True
35312592,4001.25000000,0.00160000,48748887,48748887,1782865844334471,False,True
35312593,4001.17000000,0.11990000,48748888,48748888,1782865850242841,True,True
35312594,4001.17000000,0.08740000,48748889,48748889,1782865850244300,True,True
35312595,4001.17000000,0.04430000,48748890,48748890,1782865850248216,True,True
35312596,4000.20000000,0.00200000,48748891,48748891,1782865861322808,False,True
35312597,4000.46000000,0.00500000,48748892,48748892,1782865886327294,False,True
35312598,4000.21000000,0.00500000,48748893,48748893,1782865903316157,False,True
35312599,4000.46000000,0.24600000,48748894,48748895,1782865909042621,False,True
35312600,4000.58000000,0.11990000,48748896,48748896,1782865911690747,False,True
35312601,4000.58000000,0.00500000,48748897,48748897,1782865947598186,True,True
35312602,4000.58000000,0.00960000,48748898,48748898,1782865973208962,True,True
35312603,4000.59000000,0.00400000,48748899,48748899,1782865973267433,False,True
35312604,4002.19000000,0.00320000,48748900,48748900,1782866049303978,False,True
35312605,4002.54000000,0.11990000,48748901,48748901,1782866049323561,False,True
35312606,4002.54000000,0.16990000,48748902,48748902,1782866049324365,False,True
35312607,4002.54000000,0.08740000,48748903,48748903,1782866049324908,False,True
35312608,4002.54000000,0.12280000,48748904,48748904,1782866049330221,False,True
35312609,4003.58000000,1.98520000,48748905,48748914,1782866052020979,True,True
35312610,4003.43000000,0.50020000,48748915,48748915,1782866052020979,True,True
35312611,4003.41000000,0.10700000,48748916,48748917,1782866052020979,True,True
35312612,4003.40000000,0.82460000,48748918,48748919,1782866052020979,True,True
35312613,4003.31000000,3.75270000,48748920,48748920,1782866052020979,True,True
35312614,4003.22000000,0.10000000,48748921,48748921,1782866052020979,True,True
35312615,4003.20000000,0.80000000,48748922,48748923,1782866052020979,True,True
35312616,4003.18000000,0.30000000,48748924,48748925,1782866052020979,True,True
35312617,4003.16000000,3.24750000,48748926,48748927,1782866052020979,True,True
35312618,4003.15000000,1.64870000,48748928,48748931,1782866052020979,True,True
35312619,4003.59000000,0.00250000,48748932,48748932,1782866057673715,False,True
35312620,4003.58000000,0.00350000,48748933,48748933,1782866064337423,True,True
35312621,4003.58000000,0.00250000,48748934,48748934,1782866064339483,True,True
35312622,4003.58000000,0.00250000,48748935,48748935,1782866064341551,True,True
35312623,4003.58000000,0.00250000,48748936,48748936,1782866064343729,True,True
35312624,4003.58000000,0.00310000,48748937,48748937,1782866064346670,True,True
35312625,4003.58000000,0.01370000,48748938,48748938,1782866064361663,True,True
35312626,4003.58000000,0.00250000,48748939,48748939,1782866064365275,True,True
35312627,4003.58000000,0.13100000,48748940,48748941,1782866064427977,True,True
35312628,4003.58000000,0.00880000,48748942,48748942,1782866064442232,True,True
35312629,4003.58000000,0.00520000,48748943,48748943,1782866064456191,True,True
35312630,4003.58000000,0.00510000,48748944,48748944,1782866064463458,True,True
35312631,4003.58000000,0.00270000,48748945,48748945,1782866064467739,True,True
35312632,4003.58000000,0.00300000,48748946,48748946,1782866064471962,True,True
35312633,4003.58000000,0.00780000,48748947,48748948,1782866064484559,True,True
35312634,4003.58000000,0.00290000,48748949,48748949,1782866064490555,True,True
35312635,4003.58000000,0.00260000,48748950,48748950,1782866064496848,True,True
35312636,4003.58000000,0.00300000,48748951,48748951,1782866064503300,True,True
35312637,4003.58000000,0.00420000,48748952,48748952,1782866064511475,True,True
35312638,4003.58000000,0.00300000,48748953,48748953,1782866064518023,True,True
35312639,4003.58000000,0.00620000,48748954,48748954,1782866064575457,True,True
35312640,4003.58000000,0.00340000,48748955,48748955,1782866064584753,True,True
35312641,4003.58000000,0.00300000,48748956,48748956,1782866064594326,True,True
35312642,4003.58000000,0.02080000,48748957,48748957,1782866064603336,True,True
35312643,4003.46000000,0.39290000,48748958,48748959,1782866069707751,True,True
35312644,4003.46000000,0.00780000,48748960,48748960,1782866069710336,True,True
35312645,4003.33000000,0.00280000,48748961,48748961,1782866070600327,True,True
35312646,4003.18000000,0.00120000,48748962,48748962,1782866080080433,False,True
35312647,4003.18000000,0.05570000,48748963,48748963,1782866086081526,False,True
35312648,4003.37000000,0.00660000,48748964,48748964,1782866092286061,True,True
35312649,4003.18000000,0.02610000,48748965,48748966,1782866094208753,True,True
35312650,4003.17000000,0.01540000,48748967,48748967,1782866094209064,True,True
35312651,4003.17000000,0.00420000,48748968,48748968,1782866094209129,True,True
35312652,4003.16000000,0.01960000,48748969,48748969,1782866094209602,True,True
35312653,4003.08000000,0.00200000,48748970,48748970,1782866095021886,False,True
35312654,4003.07000000,0.04270000,48748971,48748971,1782866095256018,True,True
35312655,4002.84000000,0.25020000,48748972,48748972,1782866095384188,True,True
35312656,4002.73000000,0.27430000,48748973,48748973,1782866095391189,True,True
35312657,4002.54000000,0.01960000,48748974,48748974,1782866095465334,True,True
35312658,4001.98000000,0.13310000,48748975,48748976,1782866096377804,True,True
35312659,4001.98000000,0.03120000,48748977,48748977,1782866096377821,True,True
35312660,4001.98000000,0.01640000,48748978,48748978,1782866096377968,True,True
35312661,4001.98000000,0.01420000,48748979,48748979,1782866096378012,True,True
35312662,4001.98000000,0.10450000,48748980,48748980,1782866096378150,True,True
35312663,4001.98000000,0.01120000,48748981,48748981,1782866096378226,True,True
35312664,4001.98000000,0.01700000,48748982,48748982,1782866096378272,True,True
35312665,4001.98000000,0.02990000,48748983,48748983,1782866096378319,True,True
35312666,4001.75000000,0.00240000,48748984,48748984,1782866122552526,False,True
35312667,4001.75000000,0.16440000,48748985,48748985,1782866132668442,False,True
35312668,4001.90000000,0.42890000,48748986,48748987,1782866139161155,False,True
35312669,4001.90000000,0.20850000,48748988,48748989,1782866139161508,False,True
35312670,4002.32000000,0.09030000,48748990,48748990,1782866139171278,False,True
35312671,4002.14000000,0.00270000,48748991,48748991,1782866160694878,True,True
35312672,4002.11000000,0.04140000,48748992,48748992,1782866162328543,False,True
35312673,4002.11000000,0.00400000,48748993,48748993,1782866179606387,False,True
35312674,4002.53000000,0.01230000,48748994,48748994,1782866179606387,False,True
35312675,4002.27000000,0.25470000,48748995,48748995,1782866211952217,True,True
35312676,4001.69000000,0.01960000,48748996,48748996,1782866221862025,True,True
35312677,4000.89000000,0.03490000,48748997,48748997,1782866230835455,True,True
35312678,4000.89000000,0.03840000,48748998,48748998,1782866232538970,True,True
35312679,4000.90000000,0.16510000,48748999,48749000,1782866235274495,False,True
35312680,4001.36000000,0.01000000,48749001,48749001,1782866250366354,False,True
35312681,4001.35000000,0.01790000,48749002,48749003,1782866290885259,True,True
35312682,4001.36000000,0.00340000,48749004,48749004,1782866292548870,False,True
35312683,4001.36000000,0.03240000,48749005,48749005,1782866305275009,False,True
35312684,4000.62000000,0.00880000,48749006,48749007,1782866327637709,True,True
35312685,4000.62000000,0.00180000,48749008,48749008,1782866340624359,True,True
35312686,4000.42000000,0.26810000,48749009,48749009,1782866351798350,True,True
35312687,4000.42000000,0.16510000,48749010,48749012,1782866356359198,True,True
35312688,4000.00000000,0.26900000,48749013,48749038,1782866381777553,True,True
35312689,4000.00000000,0.00290000,48749039,48749040,1782866388407810,True,True
35312690,4000.00000000,0.00270000,48749041,48749042,1782866388411539,True,True
35312691,4000.00000000,0.00350000,48749043,48749044,1782866388416566,True,True
35312692,4000.00000000,0.00310000,48749045,48749046,1782866388421296,True,True
35312693,4000.00000000,0.00250000,48749047,48749048,1782866388425613,True,True
35312694,4000.00000000,0.00270000,48749049,48749049,1782866388430606,True,True
35312695,4000.00000000,0.00470000,48749050,48749050,1782866388439542,True,True
35312696,4000.00000000,0.00290000,48749051,48749052,1782866388445663,True,True
35312697,4000.00000000,0.00350000,48749053,48749053,1782866388453840,True,True
35312698,4000.00000000,0.00310000,48749054,48749054,1782866388461627,True,True
35312699,4000.00000000,0.00380000,48749055,48749055,1782866388471461,True,True
35312700,4000.00000000,0.00320000,48749056,48749056,1782866388480756,True,True
35312701,4000.00000000,0.00250000,48749057,48749057,1782866388488717,True,True
35312702,4000.00000000,0.00280000,48749058,48749059,1782866388498246,True,True
35312703,4000.00000000,0.00320000,48749060,48749060,1782866388507757,True,True
35312704,4000.00000000,0.00260000,48749061,48749062,1782866388516702,True,True
35312705,4000.00000000,0.00840000,48749063,48749063,1782866388518946,True,True
35312706,4000.00000000,0.02970000,48749064,48749066,1782866388525204,True,True
35312707,4000.00000000,0.01040000,48749067,48749067,1782866388676810,True,True
35312708,4000.00000000,0.05720000,48749068,48749069,1782866388676867,True,True
35312709,4000.00000000,0.05030000,48749070,48749070,1782866388677287,True,True
35312710,4000.00000000,0.00880000,48749071,48749071,1782866390106228,True,True
35312711,4000.00000000,0.00790000,48749072,48749072,1782866390107172,True,True
35312712,4000.00000000,0.06120000,48749073,48749074,1782866390107635,True,True
35312713,4000.00000000,0.10290000,48749075,48749093,1782866390108148,True,True
35312714,4000.00000000,0.05000000,48749094,48749097,1782866390108668,True,True
35312715,4000.00000000,0.03320000,48749098,48749098,1782866390108954,True,True
35312716,4000.00000000,0.02990000,48749099,48749099,1782866390109611,True,True
35312717,4000.00000000,0.00250000,48749100,48749100,1782866390344078,True,True
35312718,4000.00000000,0.00260000,48749101,48749101,1782866390353533,True,True
35312719,4000.00000000,0.00270000,48749102,48749102,1782866390362703,True,True
35312720,4000.00000000,0.00290000,48749103,48749103,1782866390373114,True,True
35312721,4000.00000000,0.00250000,48749104,48749104,1782866390382901,True,True
35312722,4000.00000000,0.00290000,48749105,48749105,1782866390396450,True,True
35312723,4000.00000000,0.00360000,48749106,48749106,1782866390415372,True,True
35312724,4000.00000000,0.00270000,48749107,48749107,1782866390433484,True,True
35312725,4000.00000000,0.00260000,48749108,48749108,1782866390451804,True,True
35312726,4000.00000000,0.00280000,48749109,48749109,1782866390481360,True,True
35312727,4000.00000000,0.00270000,48749110,48749110,1782866390512453,True,True
35312728,4000.00000000,0.01790000,48749111,48749111,1782866390543074,True,True
35312729,4000.00000000,0.03270000,48749112,48749112,1782866390543116,True,True
35312730,4000.00000000,0.10000000,48749113,48749114,1782866391083622,True,True
35312731,4000.00000000,0.20000000,48749115,48749125,1782866391083845,True,True
35312732,4000.00000000,0.59910000,48749126,48749147,1782866391085946,True,True
35312733,4000.00000000,0.20000000,48749148,48749151,1782866391087366,True,True
35312734,3999.85000000,0.00830000,48749152,48749152,1782866391087366,True,True
35312735,3999.81000000,0.00790000,48749153,48749153,1782866391087428,True,True
35312736,3999.72000000,0.00140000,48749154,48749154,1782866391088721,True,True
35312737,3999.59000000,0.25040000,48749155,48749155,1782866391088721,True,True
35312738,3999.50000000,0.00250000,48749156,48749156,1782866391088721,True,True
35312739,3999.20000000,0.00140000,48749157,48749157,1782866391090422,True,True
35312740,3999.21000000,0.12290000,48749158,48749158,1782866391208495,False,True
35312741,3999.20000000,0.00880000,48749159,48749159,1782866391417650,True,True
35312742,3999.13000000,0.00150000,48749160,48749160,1782866407760207,True,True
35312743,3999.04000000,0.00350000,48749161,48749162,1782866407760207,True,True
35312744,3999.04000000,0.00160000,48749163,48749163,1782866415386408,True,True
35312745,3999.04000000,0.00130000,48749164,48749164,1782866416784457,True,True
35312746,3999.00000000,0.01310000,48749165,48749166,1782866416784457,True,True
35312747,3998.96000000,0.00360000,48749167,48749167,1782866416784457,True,True
35312748,3998.83000000,0.25040000,48749168,48749168,1782866416784457,True,True
35312749,3998.76000000,0.00330000,48749169,48749169,1782866416784457,True,True
35312750,3998.58000000,0.06820000,48749170,48749170,1782866416784457,True,True
35312751,3998.47000000,0.00720000,48749171,48749171,1782866416784457,True,True
35312752,3998.67000000,0.03900000,48749172,48749172,1782866416793159,True,True
35312753,3998.49000000,0.00400000,48749173,48749173,1782866420384354,False,True
35312754,3998.73000000,0.16160000,48749174,48749174,1782866420612466,False,True
35312755,3999.20000000,0.00880000,48749175,48749175,1782866452022306,True,True
35312756,3999.20000000,0.36130000,48749176,48749179,1782866456784508,True,True
35312757,3998.48000000,0.00200000,48749180,48749180,1782866477567202,False,True
35312758,3998.38000000,0.25040000,48749181,48749181,1782866485618099,True,True
35312759,3998.34000000,0.00140000,48749182,48749182,1782866485638365,True,True
35312760,3998.11000000,0.07500000,48749183,48749183,1782866485638569,True,True
35312761,3998.00000000,0.01150000,48749184,48749184,1782866485640212,True,True
35312762,3997.96000000,0.00180000,48749185,48749185,1782866485663734,True,True
35312763,3997.94000000,0.00130000,48749186,48749186,1782866485663734,True,True
35312764,3997.79000000,0.00150000,48749187,48749187,1782866485665343,True,True
35312765,3997.64000000,0.37880000,48749188,48749188,1782866485665521,True,True
35312766,3997.58000000,0.00130000,48749189,48749189,1782866485665526,True,True
35312767,3997.33000000,0.00140000,48749190,48749190,1782866485665526,True,True
35312768,3997.15000000,0.00700000,48749191,48749191,1782866485665526,True,True
35312769,3997.00000000,0.01230000,48749192,48749192,1782866485665526,True,True
35312770,3996.96000000,0.30230000,48749193,48749193,1782866485665526,True,True
35312771,3996.82000000,0.00190000,48749194,48749194,1782866485665526,True,True
35312772,3996.81000000,0.00770000,48749195,48749195,1782866485665526,True,True
35312773,3996.74000000,0.06610000,48749196,48749196,1782866485665526,True,True
35312774,3996.74000000,0.00140000,48749197,48749197,1782866485667219,True,True
35312775,3996.75000000,0.04390000,48749198,48749198,1782866485689887,False,True
35312776,3996.75000000,0.01230000,48749199,48749199,1782866485918948,False,True
35312777,3996.65000000,0.00680000,48749200,48749201,1782866488927653,True,True
35312778,3996.44000000,0.00320000,48749202,48749202,1782866489451718,True,True
35312779,3996.16000000,0.00130000,48749203,48749203,1782866489454321,True,True
35312780,3996.05000000,0.00140000,48749204,48749204,1782866489454321,True,True
35312781,3996.00000000,0.00230000,48749205,48749205,1782866489454321,True,True
35312782,3996.17000000,0.00150000,48749206,48749206,1782866489454792,False,True
35312783,3996.00000000,0.01070000,48749207,48749207,1782866493854849,True,True
35312784,3995.66000000,0.00280000,48749208,48749208,1782866494485122,False,True
35312785,3995.65000000,0.01110000,48749209,48749210,1782866498617824,True,True
35312786,3995.49000000,0.06330000,48749211,48749212,1782866501775961,True,True
35312787,3995.47000000,0.00160000,48749213,48749213,1782866501775961,True,True
35312788,3995.35000000,0.15250000,48749214,48749214,1782866501775961,True,True
35312789,3995.36000000,0.11380000,48749215,48749215,1782866508788827,False,True
35312790,3995.36000000,0.03100000,48749216,48749217,1782866515653048,False,True
35312791,3995.82000000,0.40550000,48749218,48749219,1782866520123428,True,True
35312792,3995.40000000,0.48740000,48749220,48749221,1782866520123428,True,True
35312793,3995.39000000,0.29740000,48749222,48749222,1782866520123428,True,True
35312794,3995.38000000,0.70000000,48749223,48749225,1782866520123428,True,True
35312795,3995.37000000,0.40000000,48749226,48749226,1782866520123428,True,True
35312796,3995.36000000,0.18940000,48749227,48749227,1782866520123428,True,True
35312797,3995.41000000,0.00160000,48749228,48749228,1782866520862680,True,True
35312798,3995.01000000,0.07500000,48749229,48749229,1782866524782385,False,True
35312799,3995.00000000,0.17120000,48749230,48749231,1782866528467961,True,True
35312800,3994.93000000,0.25070000,48749232,48749232,1782866528468161,True,True
35312801,3994.77000000,0.15670000,48749233,48749233,1782866528468924,True,True
35312802,3994.77000000,0.49070000,48749234,48749234,1782866528469084,True,True
35312803,3994.69000000,0.00200000,48749235,48749235,1782866528471007,True,True
35312804,3994.68000000,0.00310000,48749236,48749236,1782866528471007,True,True
35312805,3994.55000000,0.00160000,48749237,48749237,1782866528472372,True,True
35312806,3994.54000000,0.11700000,48749238,48749238,1782866528472372,True,True
35312807,3994.42000000,0.00140000,48749239,48749239,1782866528475188,True,True
35312808,3994.40000000,0.00270000,48749240,48749240,1782866528475188,True,True
35312809,3994.25000000,0.16480000,48749241,48749242,1782866528918525,False,True
35312810,3994.88000000,0.21080000,48749243,48749244,1782866531798337,True,True
35312811,3994.89000000,0.04120000,48749245,48749246,1782866531859215,False,True
35312812,3994.89000000,0.44930000,48749247,48749249,1782866535425330,False,True
35312813,3994.88000000,0.12490000,48749250,48749250,1782866536376531,True,True
35312814,3994.89000000,0.02600000,48749251,48749251,1782866545828494,False,True
35312815,3995.33000000,0.00490000,48749252,48749252,1782866548033543,False,True
35312816,3995.32000000,0.04410000,48749253,48749253,1782866553131390,True,True
35312817,3995.32000000,0.02860000,48749254,48749254,1782866553131465,True,True
35312818,3995.32000000,0.02330000,48749255,48749255,1782866553131761,True,True
35312819,3995.31000000,0.00270000,48749256,48749256,1782866553133739,True,True
35312820,3995.10000000,0.05000000,48749257,48749257,1782866553138111,True,True
35312821,3994.54000000,0.20870000,48749258,48749259,1782866556789557,True,True
35312822,3994.55000000,0.04150000,48749260,48749260,1782866560260872,False,True
35312823,3995.20000000,0.05000000,48749261,48749262,1782866560471778,False,True
35312824,3995.40000000,0.10000000,48749263,48749263,1782866581563750,True,True
35312825,3995.08000000,0.19940000,48749264,48749264,1782866581783800,True,True
35312826,3995.08000000,0.25190000,48749265,48749266,1782866586611838,True,True
35312827,3995.06000000,0.00410000,48749267,48749267,1782866586613152,True,True
35312828,3994.69000000,0.01320000,48749268,48749269,1782866595172048,False,True
35312829,3994.69000000,0.01780000,48749270,48749270,1782866602655354,False,True
35312830,3995.18000000,0.13590000,48749271,48749271,1782866606790467,True,True
35312831,3995.18000000,0.16420000,48749272,48749272,1782866614141565,True,True
35312832,3995.09000000,0.27030000,48749273,48749273,1782866614142352,True,True
35312833,3994.93000000,0.00470000,48749274,48749274,1782866622729449,True,True
35312834,3994.93000000,0.12410000,48749275,48749276,1782866626789895,True,True
35312835,3994.93000000,0.10000000,48749277,48749277,1782866638556143,True,True
35312836,3994.91000000,0.01990000,48749278,48749278,1782866638556143,True,True
35312837,3994.34000000,0.14840000,48749279,48749279,1782866641784859,True,True
35312838,3994.35000000,0.16600000,48749280,48749280,1782866641845346,False,True
35312839,3994.65000000,0.11990000,48749281,48749281,1782866646297314,False,True
35312840,3994.65000000,0.04330000,48749282,48749282,1782866646298959,False,True
35312841,3995.34000000,0.07530000,48749283,48749284,1782866652549380,False,True
35312842,3995.33000000,0.28030000,48749285,48749287,1782866656801391,True,True
35312843,3995.13000000,0.00460000,48749288,48749288,1782866656801391,True,True
35312844,3994.82000000,0.52210000,48749289,48749291,1782866670562876,True,True
35312845,3994.73000000,0.25070000,48749292,48749292,1782866670562876,True,True
35312846,3994.63000000,0.00130000,48749293,48749293,1782866670562876,True,True
35312847,3994.60000000,0.30000000,48749294,48749295,1782866670562876,True,True
35312848,3994.46000000,0.28380000,48749296,48749296,1782866670562876,True,True
35312849,3994.45000000,0.40000000,48749297,48749297,1782866670562876,True,True
35312850,3994.44000000,0.72020000,48749298,48749298,1782866670562876,True,True
35312851,3994.44000000,0.01110000,48749299,48749299,1782866691777135,True,True
35312852,3994.35000000,0.20420000,48749300,48749300,1782866691777135,True,True
35312853,3994.31000000,0.27030000,48749301,48749303,1782866695845769,True,True
35312854,3994.25000000,0.00130000,48749304,48749304,1782866695845769,True,True
35312855,3994.12000000,0.00130000,48749305,48749305,1782866695845769,True,True
35312856,3994.08000000,0.00240000,48749306,48749306,1782866695845769,True,True
35312857,3994.00000000,0.01470000,48749307,48749307,1782866695845769,True,True
35312858,3993.95000000,2.72430000,48749308,48749308,1782866695845769,True,True
35312859,3994.03000000,0.00210000,48749309,48749309,1782866696622251,False,True
35312860,3994.65000000,0.03940000,48749310,48749311,1782866704872604,False,True
35312861,3994.31000000,0.23790000,48749312,48749312,1782866713169358,False,True
35312862,3994.30000000,0.46200000,48749313,48749315,1782866718440781,True,True
35312863,3994.22000000,0.25070000,48749316,48749316,1782866718440781,True,True
35312864,3994.07000000,0.18740000,48749317,48749318,1782866718440781,True,True
35312865,3994.03000000,0.08740000,48749319,48749319,1782866718440781,True,True
35312866,3993.91000000,0.40000000,48749320,48749320,1782866718440781,True,True
35312867,3993.90000000,0.79760000,48749321,48749323,1782866718440781,True,True
35312868,3993.89000000,1.48140000,48749324,48749324,1782866718440781,True,True
35312869,3993.90000000,0.07500000,48749325,48749325,1782866719438184,False,True
35312870,3993.89000000,0.17620000,48749326,48749327,1782866721784481,True,True
35312871,3994.26000000,0.10000000,48749328,48749328,1782866741777607,True,True
35312872,3994.06000000,0.11940000,48749329,48749329,1782866741777607,True,True
35312873,3994.07000000,0.00140000,48749330,48749330,1782866742471717,False,True
35312874,3994.06000000,0.10000000,48749331,48749331,1782866753023376,True,True
35312875,3993.75000000,0.00330000,48749332,48749333,1782866753272829,True,True
35312876,3993.72000000,0.00150000,48749334,48749334,1782866753272829,True,True
35312877,3993.70000000,0.25070000,48749335,48749335,1782866753272829,True,True
35312878,3993.64000000,0.00280000,48749336,48749336,1782866753272829,True,True
35312879,3993.51000000,0.50070000,48749337,48749337,1782866753272829,True,True
35312880,3993.37000000,0.70000000,48749338,48749340,1782866753272829,True,True
35312881,3993.32000000,3.00140000,48749341,48749341,1782866753272829,True,True
35312882,3993.21000000,0.00150000,48749342,48749342,1782866753277706,False,True
35312883,3993.21000000,0.00220000,48749343,48749343,1782866753278070,False,True
35312884,3993.21000000,0.01110000,48749344,48749344,1782866753741323,False,True
35312885,3993.21000000,0.11990000,48749345,48749345,1782866760259660,False,True
35312886,3993.21000000,0.04410000,48749346,48749346,1782866760265016,False,True
35312887,3993.85000000,0.02490000,48749347,48749348,1782866761305937,False,True
35312888,3993.85000000,0.00160000,48749349,48749349,1782866766786114,False,True
35312889,3993.85000000,0.10000000,48749350,48749350,1782866766902472,False,True
35312890,3993.85000000,0.02010000,48749351,48749351,1782866777919530,False,True
35312891,3993.85000000,0.03760000,48749352,48749352,1782866779032333,False,True
35312892,3993.85000000,0.00160000,48749353,48749353,1782866783749955,False,True
35312893,3993.84000000,2.23730000,48749354,48749363,1782866787324196,True,True
35312894,3993.75000000,0.10700000,48749364,48749365,1782866787324196,True,True
35312895,3993.65000000,0.41420000,48749366,48749366,1782866787324196,True,True
35312896,3993.66000000,0.00620000,48749367,48749367,1782866835074450,False,True
35312897,3993.65000000,0.01700000,48749368,48749368,1782866855716126,True,True
35312898,3993.66000000,0.01260000,48749369,48749369,1782866856205102,False,True
35312899,3993.66000000,0.04860000,48749370,48749370,1782866856205522,False,True
35312900,3993.66000000,0.03260000,48749371,48749371,1782866856205993,False,True
35312901,3993.84000000,0.00550000,48749372,48749372,1782866861015664,True,True
35312902,3993.85000000,0.00250000,48749373,48749373,1782866861601906,False,True
35312903,3993.85000000,0.02200000,48749374,48749375,1782866862675929,False,True
35312904,3993.85000000,0.71610000,48749376,48749378,1782866870384352,False,True
35312905,3994.05000000,0.01960000,48749379,48749379,1782866870384352,False,True
35312906,3994.06000000,0.01960000,48749380,48749380,1782866870384352,False,True
35312907,3994.07000000,0.01960000,48749381,48749381,1782866870384352,False,True
35312908,3994.09000000,0.22660000,48749382,48749382,1782866870384352,False,True
35312909,3994.25000000,0.02500000,48749383,48749384,1782866879719793,False,True
35312910,3994.24000000,0.00150000,48749385,48749385,1782866884300156,True,True
35312911,3994.24000000,0.10000000,48749386,48749386,1782866909372330,True,True
35312912,3993.70000000,0.29320000,48749387,48749388,1782866963177533,True,True
35312913,3993.70000000,0.00680000,48749389,48749389,1782866963177558,True,True
35312914,3993.42000000,0.08740000,48749390,48749390,1782866963177963,True,True
35312915,3993.09000000,0.16600000,48749391,48749393,1782866988189725,False,True
35312916,3993.49000000,0.01180000,48749394,48749394,1782867001627809,False,True
35312917,3993.48000000,0.00310000,48749395,48749395,1782867014305812,True,True
35312918,3993.83000000,0.00500000,48749396,48749396,1782867028481282,True,True
35312919,3993.84000000,0.01130000,48749397,48749397,1782867028930356,False,True
35312920,3993.83000000,0.20000000,48749398,48749399,1782867047798988,True,True
35312921,3993.83000000,0.10000000,48749400,48749400,1782867047799434,True,True
35312922,3994.47000000,0.01500000,48749401,48749401,1782867056117754,False,True
35312923,3994.47000000,0.01470000,48749402,48749403,1782867061323505,False,True
35312924,3995.04000000,0.05660000,48749404,48749404,1782867071463220,False,True
35312925,3995.04000000,0.00500000,48749405,48749405,1782867072191439,False,True
35312926,3995.55000000,0.04080000,48749406,48749406,1782867097774393,True,True
35312927,3996.09000000,0.03210000,48749407,48749407,1782867122781087,True,True
35312928,3996.09000000,0.16600000,48749408,48749409,1782867125272476,True,True
35312929,3995.60000000,0.00220000,48749410,48749410,1782867126400582,False,True
35312930,3995.60000000,0.00650000,48749411,48749411,1782867133052277,False,True
35312931,3995.59000000,0.10000000,48749412,48749412,1782867138024506,True,True
35312932,3995.30000000,0.05000000,48749413,48749413,1782867138032350,True,True
35312933,3995.23000000,0.25060000,48749414,48749414,1782867138032601,True,True
35312934,3995.05000000,0.08740000,48749415,48749415,1782867138032860,True,True
35312935,3995.05000000,0.01940000,48749416,48749416,1782867138034103,True,True
35312936,3994.85000000,0.08060000,48749417,48749417,1782867138034103,True,True
35312937,3994.54000000,0.07220000,48749418,48749418,1782867147773829,True,True
35312938,3994.54000000,0.06710000,48749419,48749419,1782867157773718,True,True
35312939,3994.25000000,0.35070000,48749420,48749421,1782867160466176,True,True
35312940,3993.82000000,0.24000000,48749422,48749422,1782867160466176,True,True
35312941,3993.82000000,0.14050000,48749423,48749425,1782867161478195,True,True
35312942,3993.83000000,0.00260000,48749426,48749426,1782867164199628,False,True
35312943,3993.83000000,0.11990000,48749427,48749427,1782867164703725,False,True
35312944,3993.83000000,0.00470000,48749428,48749428,1782867164815621,False,True
35312945,3993.83000000,0.00030000,48749429,48749429,1782867164819046,False,True
35312946,3994.25000000,0.00960000,48749430,48749430,1782867164832033,False,True
35312947,3994.25000000,0.01310000,48749431,48749432,1782867164999897,False,True
35312948,3994.24000000,0.08400000,48749433,48749433,1782867192774505,True,True
35312949,3994.25000000,0.01390000,48749434,48749434,1782867193349182,False,True
35312950,3994.48000000,0.08240000,48749435,48749435,1782867217773795,True,True
35312951,3994.34000000,0.10000000,48749436,48749436,1782867221556809,True,True
35312952,3994.31000000,0.02870000,48749437,48749437,1782867257788197,True,True
35312953,3994.31000000,0.03610000,48749438,48749438,1782867277773799,True,True
35312954,3994.11000000,0.50390000,48749439,48749441,1782867283287073,True,True
35312955,3994.00000000,0.00620000,48749442,48749442,1782867283287244,True,True
35312956,3993.30000000,0.00480000,48749443,48749443,1782867284511160,True,True
35312957,3993.08000000,0.00390000,48749444,48749444,1782867284515171,True,True
35312958,3993.00000000,0.01550000,48749445,48749445,1782867284518466,True,True
35312959,3992.88000000,0.00130000,48749446,48749446,1782867284519079,True,True
35312960,3992.85000000,0.00160000,48749447,48749447,1782867284519079,True,True
35312961,3992.71000000,0.08450000,48749448,48749448,1782867284520600,False,True
35312962,3992.71000000,0.55620000,48749449,48749451,1782867284521869,False,True
35312963,3992.70000000,0.00510000,48749452,48749452,1782867284538049,True,True
35312964,3992.52000000,0.33220000,48749453,48749453,1782867284538472,True,True
35312965,3992.52000000,0.04710000,48749454,48749454,1782867284539575,True,True
35312966,3992.48000000,0.00190000,48749455,48749455,1782867284539575,True,True
35312967,3992.29000000,0.00960000,48749456,48749456,1782867284543034,False,True
35312968,3992.29000000,0.15410000,48749457,48749457,1782867291100391,False,True
35312969,3992.28000000,0.01000000,48749458,48749459,1782867291299049,True,True
35312970,3992.29000000,0.17810000,48749460,48749461,1782867295886007,False,True
35312971,3992.28000000,0.04190000,48749462,48749462,1782867302837212,True,True
35312972,3992.29000000,0.15910000,48749463,48749464,1782867304069398,False,True
35312973,3992.48000000,0.11990000,48749465,48749465,1782867304070688,False,True
35312974,3993.29000000,0.05460000,48749466,48749466,1782867327774753,True,True
35312975,3994.39000000,0.06750000,48749467,48749468,1782867337773738,True,True
35312976,3994.75000000,0.08890000,48749469,48749469,1782867372773787,True,True
35312977,3995.13000000,0.01660000,48749470,48749470,1782867378646658,True,True
35312978,3995.13000000,0.02140000,48749471,48749471,1782867378646713,True,True
35312979,3995.13000000,0.01360000,48749472,48749472,1782867378646782,True,True
35312980,3995.13000000,0.01080000,48749473,48749473,1782867378646846,True,True
35312981,3995.13000000,0.00880000,48749474,48749474,1782867378646910,True,True
35312982,3995.13000000,0.01380000,48749475,48749475,1782867378646991,True,True
35312983,3993.90000000,0.02520000,48749476,48749476,1782867385511392,False,True
35312984,3994.38000000,0.08820000,48749477,48749477,1782867397773245,True,True
35312985,3994.39000000,0.02720000,48749478,48749478,1782867400553743,False,True
35312986,3994.39000000,0.02460000,48749479,48749479,1782867400554827,False,True
35312987,3994.38000000,0.04560000,48749480,48749480,1782867414901615,True,True
35312988,3996.46000000,0.07550000,48749481,48749481,1782867437779334,True,True
35312989,3996.75000000,0.88780000,48749482,48749486,1782867448761531,True,True
35312990,3996.64000000,0.31220000,48749487,48749487,1782867448761531,True,True
35312991,3997.08000000,0.09250000,48749488,48749488,1782867457773457,True,True
35312992,3997.38000000,0.00700000,48749489,48749489,1782867463850065,False,True
35312993,3997.37000000,0.10000000,48749490,48749490,1782867484539159,True,True
35312994,3995.46000000,0.18530000,48749491,48749491,1782867491792799,True,True
35312995,3995.47000000,0.11990000,48749492,48749492,1782867494740827,False,True
35312996,3995.47000000,0.03760000,48749493,48749494,1782867494740974,False,True
35312997,3995.47000000,0.13290000,48749495,48749495,1782867494749099,False,True
35312998,3995.87000000,0.07340000,48749496,48749496,1782867497780070,True,True
35312999,3995.87000000,0.28570000,48749497,48749499,1782867511782521,True,True
35313000,3995.87000000,0.04280000,48749500,48749500,1782867517781877,True,True
35313001,3995.66000000,0.10000000,48749501,48749501,1782867533259997,True,True
35313002,3994.61000000,0.05010000,48749502,48749502,1782867537782430,True,True
35313003,3994.62000000,0.11990000,48749503,48749503,1782867540260191,False,True
35313004,3995.44000000,0.20000000,48749504,48749505,1782867540543087,False,True
35313005,3995.43000000,0.37220000,48749506,48749508,1782867541797376,True,True
35313006,3994.67000000,0.06580000,48749509,48749510,1782867567774050,True,True
35313007,3994.67000000,0.04450000,48749511,48749511,1782867577773855,True,True
35313008,3994.68000000,0.09990000,48749512,48749512,1782867581633933,False,True
35313009,3994.67000000,0.19940000,48749513,48749514,1782867581776187,True,True
35313010,3994.68000000,0.06960000,48749515,48749516,1782867581823144,False,True
35313011,3994.64000000,0.13810000,48749517,48749517,1782867596449321,False,True
35313012,3994.63000000,0.66100000,48749518,48749519,1782867600524309,True,True
35313013,3994.62000000,0.25070000,48749520,48749520,1782867600524309,True,True
35313014,3994.49000000,0.20000000,48749521,48749521,1782867600524309,True,True
35313015,3994.37000000,0.40140000,48749522,48749523,1782867600524309,True,True
35313016,3994.25000000,0.00140000,48749524,48749524,1782867600526024,True,True
35313017,3994.25000000,0.06060000,48749525,48749525,1782867600526026,True,True
35313018,3994.20000000,0.52760000,48749526,48749526,1782867600526026,True,True
35313019,3994.20000000,0.16840000,48749527,48749527,1782867600526206,True,True
35313020,3994.20000000,0.29460000,48749528,48749528,1782867600526283,True,True
35313021,3994.20000000,0.51140000,48749529,48749529,1782867600526435,True,True
35313022,3994.20000000,0.30020000,48749530,48749530,1782867600526491,True,True
35313023,3994.00000000,2.25360000,48749531,48749531,1782867600527352,True,True
35313024,3993.79000000,0.38130000,48749532,48749532,1782867600528960,True,True
35313025,3993.80000000,0.01180000,48749533,48749533,1782867600529660,False,True
35313026,3993.49000000,0.01180000,48749534,48749534,1782867600530816,False,True
35313027,3993.48000000,0.43150000,48749535,48749541,1782867600538680,True,True
35313028,3993.48000000,0.11250000,48749542,48749542,1782867600540061,True,True
35313029,3993.38000000,0.12710000,48749543,48749543,1782867600540061,True,True
35313030,3993.48000000,0.38240000,48749544,48749545,1782867600541295,True,True
35313031,3993.48000000,0.42810000,48749546,48749549,1782867600542918,True,True
35313032,3993.39000000,0.18990000,48749550,48749551,1782867600542918,True,True
35313033,3993.48000000,0.31250000,48749552,48749553,1782867600543942,True,True
35313034,3993.39000000,0.15610000,48749554,48749554,1782867600543942,True,True
35313035,3993.39000000,0.07570000,48749555,48749555,1782867600544627,True,True
35313036,3993.38000000,0.25330000,48749556,48749556,1782867600544627,True,True
35313037,3993.39000000,0.17950000,48749557,48749559,1782867600546232,True,True
35313038,3993.38000000,0.31450000,48749560,48749563,1782867600546232,True,True
35313039,3993.40000000,0.01310000,48749564,48749564,1782867600547545,False,True
35313040,3993.39000000,2.04330000,48749565,48749567,1782867600549127,True,True
35313041,3993.39000000,0.64490000,48749568,48749570,1782867600550674,True,True
35313042,3993.39000000,0.11090000,48749571,48749571,1782867600551879,True,True
35313043,3993.39000000,0.40160000,48749572,48749573,1782867600552193,True,True
35313044,3993.40000000,0.57050000,48749574,48749575,1782867600572597,False,True
35313045,3994.63000000,0.05030000,48749576,48749576,1782867600905418,True,True
35313046,3994.82000000,0.15030000,48749577,48749577,1782867601127491,True,True
35313047,3994.10000000,0.51400000,48749578,48749579,1782867601616140,False,True
35313048,3994.32000000,0.00300000,48749580,48749580,1782867601976860,True,True
35313049,3994.32000000,0.14730000,48749581,48749581,1782867601978251,True,True
35313050,3993.78000000,0.20030000,48749582,48749582,1782867602663417,True,True
35313051,3993.78000000,0.00130000,48749583,48749583,1782867602689071,True,True
35313052,3993.34000000,0.23980000,48749584,48749584,1782867602781692,False,True
35313053,3993.77000000,0.05150000,48749585,48749585,1782867602974204,True,True
35313054,3993.77000000,0.11990000,48749586,48749586,1782867603676673,False,True
35313055,3993.11000000,0.18670000,48749587,48749588,1782867606776467,True,True
35313056,3993.12000000,0.16000000,48749589,48749589,1782867607150521,False,True
35313057,3993.44000000,0.11990000,48749590,48749590,1782867607674320,False,True
35313058,3993.44000000,0.04010000,48749591,48749591,1782867607686596,False,True
35313059,3994.54000000,0.01960000,48749592,48749592,1782867608369679,False,True
35313060,3994.77000000,0.18040000,48749593,48749593,1782867608369679,False,True
35313061,3995.88000000,0.04020000,48749594,48749594,1782867610170931,False,True
35313062,3996.21000000,0.01380000,48749595,48749595,1782867610170931,False,True
35313063,3996.21000000,0.01480000,48749596,48749596,1782867610170998,False,True
35313064,3996.42000000,0.05020000,48749597,48749597,1782867610170998,False,True
35313065,3996.42000000,0.10800000,48749598,48749598,1782867610171082,False,True
35313066,3996.42000000,0.04300000,48749599,48749599,1782867610171220,False,True
35313067,3996.42000000,0.04940000,48749600,48749600,1782867610171413,False,True
35313068,3996.57000000,0.05860000,48749601,48749601,1782867610171413,False,True
35313069,3996.57000000,0.05400000,48749602,48749602,1782867610171808,False,True
35313070,3996.86000000,0.00270000,48749603,48749603,1782867610745540,False,True
35313071,3996.97000000,0.20010000,48749604,48749604,1782867611464553,False,True
35313072,3996.97000000,0.19990000,48749605,48749605,1782867611686761,False,True
35313073,3997.55000000,0.00150000,48749606,48749606,1782867611689137,False,True
35313074,3997.67000000,0.10650000,48749607,48749607,1782867611689137,False,True
35313075,3997.78000000,0.10800000,48749608,48749608,1782867611689313,False,True
35313076,3997.78000000,0.00450000,48749609,48749609,1782867611689334,False,True
35313077,3997.91000000,0.10350000,48749610,48749610,1782867611689334,False,True
35313078,3997.91000000,0.05400000,48749611,48749611,1782867611689371,False,True
35313079,3997.55000000,0.06730000,48749612,48749612,1782867612796026,True,True
35313080,3997.55000000,0.08300000,48749613,48749613,1782867612796030,True,True
35313081,3997.32000000,0.28570000,48749614,48749614,1782867612796604,True,True
35313082,3997.13000000,0.04390000,48749615,48749615,1782867612796604,True,True
35313083,3997.11000000,0.40000000,48749616,48749616,1782867612797217,True,True
35313084,3996.91000000,0.20530000,48749617,48749618,1782867612797217,True,True
35313085,3996.52000000,0.00160000,48749619,48749619,1782867612815457,True,True
35313086,3996.53000000,0.00270000,48749620,48749620,1782867613538487,False,True
35313087,3996.52000000,0.19840000,48749621,48749621,1782867615123182,True,True
35313088,3995.28000000,0.11990000,48749622,48749622,1782867617215240,False,True
35313089,3995.66000000,0.00430000,48749623,48749623,1782867618274567,True,True
35313090,3995.29000000,0.00140000,48749624,48749624,1782867619078357,False,True
35313091,3995.58000000,0.03660000,48749625,48749625,1782867622775502,True,True
35313092,3995.28000000,0.00310000,48749626,48749626,1782867623613858,True,True
35313093,3995.28000000,0.00290000,48749627,48749627,1782867625753119,False,True
35313094,3995.87000000,0.08420000,48749628,48749628,1782867630791257,True,True
35313095,3995.87000000,0.32200000,48749629,48749631,1782867631783485,True,True
35313096,3995.55000000,0.00350000,48749632,48749632,1782867634660167,False,True
35313097,3995.55000000,0.15390000,48749633,48749633,1782867635784706,False,True
35313098,3996.27000000,0.20000000,48749634,48749636,1782867635990491,False,True
35313099,3996.27000000,0.11990000,48749637,48749637,1782867636400437,False,True
35313100,3997.07000000,0.16510000,48749638,48749638,1782867637773308,True,True
35313101,3996.94000000,0.00130000,48749639,48749639,1782867637773308,True,True
35313102,3996.83000000,0.01960000,48749640,48749640,1782867637773308,True,True
35313103,3996.77000000,0.08810000,48749641,48749641,1782867637773308,True,True
35313104,3995.87000000,0.02080000,48749642,48749642,1782867641780860,False,True
35313105,3996.84000000,0.00130000,48749643,48749643,1782867645534389,True,True
35313106,3996.42000000,0.00130000,48749644,48749644,1782867647619202,True,True
35313107,3996.29000000,0.00130000,48749645,48749645,1782867647619556,True,True
35313108,3995.62000000,0.00140000,48749646,48749646,1782867649078346,False,True
35313109,3995.45000000,0.01680000,48749647,48749647,1782867652479781,True,True
35313110,3995.45000000,0.08000000,48749648,48749648,1782867652481099,True,True
35313111,3995.45000000,0.00320000,48749649,48749649,1782867652482627,True,True
35313112,3994.68000000,0.01180000,48749650,48749650,1782867652487639,False,True
35313113,3995.01000000,0.00170000,48749651,48749651,1782867656120448,False,True
35313114,3995.18000000,0.05210000,48749652,48749654,1782867660781362,True,True
35313115,3994.69000000,0.00240000,48749655,48749655,1782867661822593,False,True
35313116,3994.69000000,0.26540000,48749656,48749658,1782867662384912,False,True
35313117,3995.18000000,0.22990000,48749659,48749661,1782867663000780,False,True
35313118,3995.30000000,0.16250000,48749662,48749663,1782867666775886,True,True
35313119,3993.38000000,0.11610000,48749664,48749664,1782867673058772,False,True
35313120,3993.61000000,0.00690000,48749665,48749665,1782867673670099,False,True
35313121,3992.58000000,0.00500000,48749666,48749666,1782867680608951,False,True
35313122,3993.61000000,0.01020000,48749667,48749667,1782867683616847,False,True
35313123,3994.56000000,0.09970000,48749668,48749668,1782867684643467,False,True
35313124,3994.61000000,0.27590000,48749669,48749670,1782867686788741,True,True
35313125,3994.61000000,0.29200000,48749671,48749672,1782867687774062,True,True
35313126,3994.62000000,0.07970000,48749673,48749675,1782867688832323,False,True
35313127,3994.65000000,0.16720000,48749676,48749676,1782867697773643,True,True
35313128,3994.01000000,0.00620000,48749677,48749677,1782867700382078,False,True
35313129,3993.60000000,0.50000000,48749678,48749678,1782867701403403,True,True
35313130,3993.15000000,0.48100000,48749679,48749683,1782867711779443,False,True
35313131,3994.22000000,0.20330000,48749684,48749686,1782867716782897,True,True
35313132,3994.23000000,0.00250000,48749687,48749687,1782867720134023,False,True
35313133,3993.47000000,0.31230000,48749688,48749689,1782867727538852,True,True
35313134,3993.42000000,0.11760000,48749690,48749690,1782867730429712,True,True
35313135,3993.42000000,0.08740000,48749691,48749691,1782867730430001,True,True
35313136,3993.42000000,0.07010000,48749692,48749692,1782867730430040,True,True
35313137,3992.39000000,0.01320000,48749693,48749693,1782867733288338,True,True
35313138,3992.28000000,0.00140000,48749694,48749694,1782867733289841,True,True
35313139,3992.14000000,0.00150000,48749695,48749695,1782867740844586,True,True
35313140,3992.11000000,0.00630000,48749696,48749696,1782867740845785,True,True
35313141,3992.07000000,0.00200000,48749697,48749697,1782867740845785,True,True
35313142,3992.00000000,0.01630000,48749698,48749698,1782867740845785,True,True
35313143,3991.98000000,0.00330000,48749699,48749699,1782867740845785,True,True
35313144,3991.57000000,0.30040000,48749700,48749703,1782867741792831,True,True
35313145,3991.57000000,0.11100000,48749704,48749704,1782867742773895,True,True
35313146,3991.37000000,0.01200000,48749705,48749705,1782867743290112,False,True
35313147,3991.37000000,0.00380000,48749706,48749706,1782867743490251,False,True
35313148,3991.23000000,0.02970000,48749707,48749708,1782867745157327,True,True
35313149,3991.22000000,0.00130000,48749709,48749709,1782867745167831,True,True
35313150,3991.00000000,0.01710000,48749710,48749710,1782867745167831,True,True
35313151,3990.97000000,0.00630000,48749711,48749712,1782867745170292,True,True
35313152,3990.98000000,0.01180000,48749713,48749713,1782867745329603,False,True
35313153,3990.95000000,0.00260000,48749714,48749714,1782867748767942,False,True
35313154,3990.94000000,0.00140000,48749715,48749715,1782867748783203,True,True
35313155,3990.84000000,0.02500000,48749716,48749716,1782867748784334,True,True
35313156,3990.66000000,0.00440000,48749717,48749717,1782867749767882,True,True
35313157,3990.62000000,0.00140000,48749718,48749718,1782867749771588,True,True
35313158,3990.55000000,0.00880000,48749719,48749719,1782867749772711,True,True
35313159,3990.31000000,0.07450000,48749720,48749720,1782867751308642,False,True
35313160,3990.30000000,0.00440000,48749721,48749721,1782867752118719,True,True
35313161,3990.28000000,0.00320000,48749722,48749722,1782867752118820,True,True
35313162,3990.02000000,0.00870000,48749723,48749723,1782867752867562,True,True
35313163,3990.00000000,0.51850000,48749724,48749736,1782867752867562,True,True
35313164,3990.00000000,0.06320000,48749737,48749745,1782867752867814,True,True
35313165,3989.80000000,0.00200000,48749746,48749746,1782867752869531,True,True
35313166,3989.67000000,0.00140000,48749747,48749747,1782867752877030,True,True
35313167,3989.63000000,0.01950000,48749748,48749748,1782867752877339,True,True
35313168,3989.42000000,0.00160000,48749749,48749749,1782867752878764,True,True
35313169,3989.24000000,0.02700000,48749750,48749750,1782867753249482,True,True
35313170,3989.00000000,0.01880000,48749751,48749751,1782867753257797,True,True
35313171,3988.87000000,0.00460000,48749752,48749752,1782867753258030,True,True
35313172,3988.85000000,0.00520000,48749753,48749753,1782867753259110,True,True
35313173,3988.85000000,0.01360000,48749754,48749754,1782867753259589,False,True
35313174,3988.86000000,0.05040000,48749755,48749755,1782867753259589,False,True
35313175,3988.51000000,0.71940000,48749756,48749758,1782867753262781,False,True
35313176,3988.51000000,0.10020000,48749759,48749759,1782867753263330,False,True
35313177,3988.51000000,0.11990000,48749760,48749760,1782867753276666,False,True
35313178,3988.51000000,0.11990000,48749761,48749762,1782867753354736,False,True
35313179,3988.51000000,0.03360000,48749763,48749763,1782867753355818,False,True
35313180,3988.83000000,0.16260000,48749764,48749764,1782867757773670,True,True
35313181,3989.21000000,0.00290000,48749765,48749765,1782867769485413,False,True
35313182,3989.57000000,0.01250000,48749766,48749766,1782867770181126,False,True
35313183,3989.76000000,0.33590000,48749767,48749768,1782867771785683,True,True
35313184,3990.54000000,0.01520000,48749769,48749769,1782867789133497,True,True
35313185,3990.54000000,0.01890000,48749770,48749770,1782867789133722,True,True
35313186,3990.54000000,0.01890000,48749771,48749771,1782867789133758,True,True
35313187,3990.54000000,0.00900000,48749772,48749772,1782867789133761,True,True
35313188,3990.54000000,0.00480000,48749773,48749773,1782867789133904,True,True
35313189,3990.54000000,0.03370000,48749774,48749774,1782867789134092,True,True
35313190,3990.54000000,0.02400000,48749775,48749775,1782867789134396,True,True
35313191,3990.54000000,0.00590000,48749776,48749776,1782867789134667,True,True
35313192,3990.54000000,0.02210000,48749777,48749777,1782867789134798,True,True
35313193,3990.35000000,0.00170000,48749778,48749778,1782867794214773,True,True
35313194,3990.31000000,0.12580000,48749779,48749779,1782867794214773,True,True
35313195,3990.31000000,0.36550000,48749780,48749780,1782867794214899,True,True
35313196,3990.31000000,0.06350000,48749781,48749781,1782867794215054,True,True
35313197,3990.31000000,0.38350000,48749782,48749782,1782867794215175,True,True
35313198,3990.31000000,0.06800000,48749783,48749783,1782867794215710,True,True
35313199,3990.31000000,0.01970000,48749784,48749784,1782867794216149,True,True
35313200,3990.31000000,0.21880000,48749785,48749785,1782867794216527,True,True
35313201,3990.31000000,0.20260000,48749786,48749786,1782867794216577,True,True
35313202,3990.31000000,0.49350000,48749787,48749787,1782867794216836,True,True
35313203,3990.31000000,0.27100000,48749788,48749788,1782867794217050,True,True
35313204,3990.31000000,1.55290000,48749789,48749789,1782867794217164,True,True
35313205,3990.04000000,0.25230000,48749790,48749791,1782867796403716,True,True
35313206,3989.90000000,0.00150000,48749792,48749792,1782867796407562,True,True
35313207,3989.02000000,0.16300000,48749793,48749793,1782867796861976,False,True
35313208,3989.61000000,0.12590000,48749794,48749794,1782867797787371,True,True
35313209,3990.08000000,0.00680000,48749795,48749795,1782867800516002,False,True
35313210,3990.47000000,0.00130000,48749796,48749796,1782867802754066,False,True
35313211,3990.55000000,0.00950000,48749797,48749797,1782867807544334,False,True
35313212,3990.72000000,0.00960000,48749798,48749798,1782867808508547,False,True
35313213,3991.03000000,0.11990000,48749799,48749799,1782867808512745,False,True
35313214,3991.60000000,0.30630000,48749800,48749802,1782867811782263,True,True
35313215,3991.47000000,0.02190000,48749803,48749804,1782867817773881,True,True
35313216,3991.48000000,0.11990000,48749805,48749805,1782867818520830,False,True
35313217,3991.48000000,0.04260000,48749806,48749806,1782867818520846,False,True
35313218,3991.61000000,0.03670000,48749807,48749807,1782867818521116,False,True
35313219,3991.63000000,0.25090000,48749808,48749808,1782867818521116,False,True
35313220,3992.02000000,0.03670000,48749809,48749809,1782867818522239,False,True
35313221,3992.02000000,0.05070000,48749810,48749810,1782867818522310,False,True
35313222,3992.02000000,0.09620000,48749811,48749811,1782867818522802,False,True
35313223,3992.10000000,0.00380000,48749812,48749812,1782867818522802,False,True
35313224,3992.22000000,0.05000000,48749813,48749813,1782867830109826,False,True
35313225,3992.21000000,0.00130000,48749814,48749814,1782867831798332,True,True
35313226,3991.61000000,0.16280000,48749815,48749815,1782867834295295,True,True
35313227,3991.59000000,0.00130000,48749816,48749816,1782867834295295,True,True
35313228,3990.97000000,0.25090000,48749817,48749817,1782867845881038,True,True
35313229,3990.81000000,0.00140000,48749818,48749818,1782867845881038,True,True
35313230,3990.59000000,0.01380000,48749819,48749819,1782867845912642,True,True
35313231,3990.59000000,0.00550000,48749820,48749820,1782867845912724,True,True
35313232,3990.59000000,0.04210000,48749821,48749821,1782867845912947,True,True
35313233,3990.59000000,0.02900000,48749822,48749822,1782867845913170,True,True
35313234,3990.59000000,0.26310000,48749823,48749823,1782867845930091,True,True
35313235,3990.59000000,1.69440000,48749824,48749824,1782867846110878,True,True
35313236,3990.59000000,0.08740000,48749825,48749825,1782867846111230,True,True
35313237,3990.59000000,0.11990000,48749826,48749826,1782867846112001,True,True
35313238,3990.44000000,0.00130000,48749827,48749827,1782867846121513,True,True
35313239,3989.75000000,0.28320000,48749828,48749829,1782867846786784,True,True
35313240,3989.73000000,0.00960000,48749830,48749830,1782867846786784,True,True
35313241,3989.73000000,0.00140000,48749831,48749831,1782867846788537,True,True
35313242,3990.12000000,0.05130000,48749832,48749832,1782867857778269,True,True
35313243,3990.12000000,0.19970000,48749833,48749833,1782867857779333,True,True
35313244,3989.90000000,0.15020000,48749834,48749834,1782867867611299,False,True
35313245,3990.00000000,0.00510000,48749835,48749835,1782867871819605,False,True
35313246,3989.99000000,0.32700000,48749836,48749837,1782867876796251,True,True
35313247,3989.89000000,0.89350000,48749838,48749838,1782867881641492,True,True
35313248,3989.89000000,0.01310000,48749839,48749839,1782867881658021,True,True
35313249,3989.89000000,0.00910000,48749840,48749840,1782867881658146,True,True
35313250,3989.89000000,0.01190000,48749841,48749841,1782867881658163,True,True
35313251,3989.89000000,0.00610000,48749842,48749842,1782867881658478,True,True
35313252,3989.89000000,0.00540000,48749843,48749843,1782867881658525,True,True
35313253,3989.89000000,0.02190000,48749844,48749844,1782867881658729,True,True
35313254,3989.89000000,0.02840000,48749845,48749845,1782867881658775,True,True
35313255,3989.89000000,0.01510000,48749846,48749846,1782867881658985,True,True
35313256,3989.89000000,0.00790000,48749847,48749847,1782867881659071,True,True
35313257,3989.89000000,0.00780000,48749848,48749848,1782867881659296,True,True
35313258,3989.89000000,0.01910000,48749849,48749849,1782867881659331,True,True
35313259,3989.89000000,0.00820000,48749850,48749850,1782867881659579,True,True
35313260,3989.89000000,0.01070000,48749851,48749851,1782867881659697,True,True
35313261,3990.14000000,0.00240000,48749852,48749852,1782867885770561,False,True
35313262,3990.13000000,0.25100000,48749853,48749853,1782867888991304,True,True
35313263,3989.73000000,0.01910000,48749854,48749854,1782867900661007,True,True
35313264,3989.72000000,0.00580000,48749855,48749855,1782867900661007,True,True
35313265,3989.71000000,0.01010000,48749856,48749856,1782867900661007,True,True
35313266,3989.30000000,0.00250000,48749857,48749857,1782867902177846,False,True
35313267,3989.19000000,0.15930000,48749858,48749858,1782867902627763,True,True
35313268,3989.18000000,0.00520000,48749859,48749859,1782867902627763,True,True
35313269,3988.50000000,0.00130000,48749860,48749860,1782867902950178,True,True
35313270,3988.38000000,0.00150000,48749861,48749861,1782867902950178,True,True
35313271,3988.30000000,0.00130000,48749862,48749862,1782867902977108,True,True
35313272,3988.23000000,0.00210000,48749863,48749863,1782867903117287,True,True
35313273,3988.00000000,0.00500000,48749864,48749865,1782867903121788,True,True
35313274,3988.00000000,0.01650000,48749866,48749866,1782867903281250,True,True
35313275,3987.72000000,0.00140000,48749867,48749867,1782867903961840,True,True
35313276,3987.70000000,0.02410000,48749868,48749868,1782867903961840,True,True
35313277,3987.65000000,0.00160000,48749869,48749869,1782867904303304,True,True
35313278,3987.57000000,0.00790000,48749870,48749870,1782867904303304,True,True
35313279,3987.50000000,0.00320000,48749871,48749872,1782867904303304,True,True
35313280,3987.23000000,0.00140000,48749873,48749873,1782867904303304,True,True
35313281,3987.17000000,0.29440000,48749874,48749874,1782867904303304,True,True
35313282,3987.13000000,0.00150000,48749875,48749875,1782867904303304,True,True
35313283,3987.00000000,0.30210000,48749876,48749877,1782867904303304,True,True
35313284,3986.82000000,0.29440000,48749878,48749878,1782867904303304,True,True
35313285,3986.74000000,0.05090000,48749879,48749879,1782867904303304,True,True
35313286,3986.68000000,0.03940000,48749880,48749880,1782867904303304,True,True
35313287,3986.66000000,0.00220000,48749881,48749881,1782867904303304,True,True
35313288,3986.63000000,0.10000000,48749882,48749882,1782867904303304,True,True
35313289,3986.56000000,0.29450000,48749883,48749883,1782867904303304,True,True
35313290,3986.55000000,0.21490000,48749884,48749888,1782867904303304,True,True
35313291,3986.52000000,0.02460000,48749889,48749889,1782867904303304,True,True
35313292,3986.45000000,1.26410000,48749890,48749890,1782867904303304,True,True
35313293,3986.85000000,0.00170000,48749891,48749891,1782867904307646,False,True
35313294,3986.85000000,0.24030000,48749892,48749893,1782867905066025,False,True
35313295,3986.85000000,0.11990000,48749894,48749894,1782867905112198,False,True
35313296,3986.94000000,0.50140000,48749895,48749895,1782867905614258,False,True
35313297,3986.96000000,0.01500000,48749896,48749896,1782867906384377,False,True
35313298,3986.38000000,0.01200000,48749897,48749897,1782867906509757,True,True
35313299,3986.26000000,0.00730000,48749898,48749898,1782867906509757,True,True
35313300,3986.00000000,0.02110000,48749899,48749899,1782867906513973,True,True
35313301,3985.90000000,0.00400000,48749900,48749901,1782867906513973,True,True
35313302,3985.71000000,0.02360000,48749902,48749903,1782867906513973,True,True
35313303,3985.54000000,0.00500000,48749904,48749904,1782867906513973,True,True
35313304,3985.44000000,0.00140000,48749905,48749905,1782867906513973,True,True
35313305,3985.35000000,0.11250000,48749906,48749906,1782867906513973,True,True
35313306,3985.13000000,0.00660000,48749907,48749907,1782867906513973,True,True
35313307,3985.05000000,0.02580000,48749908,48749909,1782867906513973,True,True
35313308,3986.00000000,0.01960000,48749910,48749910,1782867906516014,True,True
35313309,3985.05000000,0.08040000,48749911,48749911,1782867906516014,True,True
35313310,3985.06000000,0.00580000,48749912,48749912,1782867906522087,False,True
35313311,3985.06000000,0.00580000,48749913,48749913,1782867906524653,False,True
35313312,3985.06000000,0.00560000,48749914,48749914,1782867906524694,False,True
35313313,3985.06000000,0.10950000,48749915,48749915,1782867906529345,False,True
35313314,3985.06000000,0.01790000,48749916,48749916,1782867906529587,False,True
35313315,3985.06000000,0.02100000,48749917,48749917,1782867906529610,False,True
35313316,3985.38000000,0.66680000,48749918,48749922,1782867909931172,True,True
35313317,3985.37000000,0.01960000,48749923,48749923,1782867909931172,True,True
35313318,3985.17000000,0.25130000,48749924,48749924,1782867909931172,True,True
35313319,3985.06000000,0.08740000,48749925,48749925,1782867909931172,True,True
35313320,3985.05000000,0.08740000,48749926,48749926,1782867909931172,True,True
35313321,3985.00000000,0.02570000,48749927,48749929,1782867909931172,True,True
35313322,3984.97000000,0.11250000,48749930,48749930,1782867909931172,True,True
35313323,3984.90000000,0.29470000,48749931,48749931,1782867909931172,True,True
35313324,3984.78000000,0.00330000,48749932,48749932,1782867909931172,True,True
35313325,3984.77000000,0.30600000,48749933,48749934,1782867909931172,True,True
35313326,3984.76000000,3.77010000,48749935,48749935,1782867909931172,True,True
35313327,3984.71000000,0.00620000,48749936,48749936,1782867909931172,True,True
35313328,3984.55000000,0.11250000,48749937,48749937,1782867909931172,True,True
35313329,3984.51000000,0.30000000,48749938,48749939,1782867909931172,True,True
35313330,3984.50000000,0.00290000,48749940,48749940,1782867909931172,True,True
35313331,3984.43000000,0.01340000,48749941,48749942,1782867909931172,True,True
35313332,3984.42000000,0.29630000,48749943,48749944,1782867909931172,True,True
35313333,3984.29000000,0.73680000,48749945,48749946,1782867909931172,True,True
35313334,3985.39000000,0.00200000,48749947,48749947,1782867912402941,False,True
35313335,3985.97000000,0.15590000,48749948,48749949,1782867916777414,True,True
35313336,3985.97000000,0.15580000,48749950,48749950,1782867917155620,True,True
35313337,3985.40000000,0.00130000,48749951,48749951,1782867917204071,False,True
35313338,3985.28000000,0.25580000,48749952,48749953,1782867924158588,True,True
35313339,3984.22000000,0.00180000,48749954,48749954,1782867925478515,False,True
35313340,3984.00000000,0.35280000,48749955,48749957,1782867931783123,True,True
35313341,3984.01000000,0.02990000,48749958,48749958,1782867931978478,False,True
35313342,3984.01000000,0.04580000,48749959,48749959,1782867935382640,False,True
35313343,3984.43000000,0.10130000,48749960,48749960,1782867937424618,True,True
35313344,3984.43000000,0.01800000,48749961,48749961,1782867937424627,True,True
35313345,3984.43000000,0.04380000,48749962,48749962,1782867937424832,True,True
35313346,3983.94000000,0.16080000,48749963,48749963,1782867937975234,False,True
35313347,3984.20000000,0.15370000,48749964,48749964,1782867938124434,False,True
35313348,3984.51000000,0.11990000,48749965,48749965,1782867938228733,False,True
35313349,3985.37000000,0.04180000,48749966,48749966,1782867942646517,False,True
35313350,3986.01000000,0.00130000,48749967,48749967,1782867949558503,False,True
35313351,3986.39000000,0.01530000,48749968,48749968,1782867953555278,False,True
35313352,3985.17000000,0.00150000,48749969,48749969,1782867963533430,False,True
35313353,3985.50000000,0.00400000,48749970,48749970,1782867965144466,True,True
35313354,3985.55000000,0.50150000,48749971,48749971,1782867965914246,False,True
35313355,3986.18000000,0.39350000,48749972,48749972,1782867971789374,True,True
35313356,3985.56000000,0.00500000,48749973,48749973,1782867985163118,False,True
35313357,3985.55000000,0.25090000,48749974,48749975,1782867985281021,True,True
35313358,3984.98000000,0.00160000,48749976,48749976,1782867991807138,False,True
35313359,3986.19000000,0.00210000,48749977,48749977,1782868016022047,False,True
35313360,3986.18000000,0.10000000,48749978,48749978,1782868016784521,True,True
35313361,3986.06000000,0.01960000,48749979,48749979,1782868016784521,True,True
35313362,3986.05000000,0.01960000,48749980,48749980,1782868016784521,True,True
35313363,3985.92000000,0.00840000,48749981,48749981,1782868016784521,True,True
35313364,3985.93000000,0.16230000,48749982,48749982,1782868020579083,False,True
35313365,3986.19000000,0.01750000,48749983,48749983,1782868021308812,False,True
35313366,3986.97000000,0.16550000,48749984,48749984,1782868024316919,False,True
35313367,3987.45000000,0.01220000,48749985,48749985,1782868024592300,True,True
35313368,3987.45000000,0.04170000,48749986,48749986,1782868024675704,True,True
35313369,3987.45000000,0.11000000,48749987,48749987,1782868024676157,True,True
35313370,3986.45000000,0.15170000,48749988,48749988,1782868027000267,True,True
35313371,3986.10000000,0.23500000,48749989,48749990,1782868031790038,True,True
35313372,3986.11000000,0.01490000,48749991,48749992,1782868036117841,False,True
35313373,3987.12000000,0.15380000,48749993,48749993,1782868042078360,False,True
35313374,3987.26000000,0.22240000,48749994,48749994,1782868042078360,False,True
35313375,3987.83000000,0.07080000,48749995,48749995,1782868050126195,True,True
35313376,3987.61000000,0.35590000,48749996,48749999,1782868056803164,True,True
35313377,3987.62000000,0.16270000,48750000,48750000,1782868058196098,False,True
35313378,3987.83000000,0.00400000,48750001,48750001,1782868058206147,False,True
35313379,3988.22000000,0.05980000,48750002,48750002,1782868073776680,True,True
35313380,3987.99000000,0.01010000,48750003,48750003,1782868078618711,True,True
35313381,3984.66000000,0.02820000,48750004,48750004,1782868087361427,False,True
35313382,3984.66000000,0.11990000,48750005,48750005,1782868088686674,False,True
35313383,3985.18000000,0.10000000,48750006,48750006,1782868095152747,False,True
35313384,3984.90000000,0.14340000,48750007,48750007,1782868096777162,True,True
35313385,3984.15000000,0.16340000,48750008,48750008,1782868102636862,True,True
35313386,3984.13000000,0.01340000,48750009,48750009,1782868102636862,True,True
35313387,3983.93000000,0.00620000,48750010,48750010,1782868102638543,True,True
35313388,3983.66000000,0.00160000,48750011,48750011,1782868102646154,True,True
35313389,3983.67000000,0.11990000,48750012,48750012,1782868103905978,False,True
35313390,3983.66000000,0.00030000,48750013,48750013,1782868111784046,True,True
35313391,3983.48000000,0.00130000,48750014,48750014,1782868111784046,True,True
35313392,3983.45000000,0.00200000,48750015,48750015,1782868111784046,True,True
35313393,3983.37000000,0.00160000,48750016,48750016,1782868111784046,True,True
35313394,3983.33000000,0.03170000,48750017,48750017,1782868111784046,True,True
35313395,3983.30000000,0.00510000,48750018,48750018,1782868111784046,True,True
35313396,3983.28000000,0.00130000,48750019,48750019,1782868111784046,True,True
35313397,3983.16000000,0.00140000,48750020,48750020,1782868111784046,True,True
35313398,3983.05000000,0.00160000,48750021,48750021,1782868111784046,True,True
35313399,3983.00000000,0.02510000,48750022,48750023,1782868111784046,True,True
35313400,3982.91000000,0.01300000,48750024,48750024,1782868111784046,True,True
35313401,3982.83000000,0.10820000,48750025,48750026,1782868111784046,True,True
35313402,3983.42000000,0.15650000,48750027,48750027,1782868113792800,True,True
35313403,3982.74000000,0.00140000,48750028,48750028,1782868114465028,True,True
35313404,3982.46000000,0.00170000,48750029,48750029,1782868121376738,True,True
35313405,3982.28000000,0.00960000,48750030,48750030,1782868121380216,False,True
35313406,3982.27000000,0.00130000,48750031,48750031,1782868121706022,True,True
35313407,3982.23000000,0.00200000,48750032,48750032,1782868121706022,True,True
35313408,3982.12000000,0.00180000,48750033,48750033,1782868121706022,True,True
35313409,3982.02000000,0.07530000,48750034,48750034,1782868121706022,True,True
35313410,3982.00000000,0.02440000,48750035,48750035,1782868121706022,True,True
35313411,3981.91000000,0.00180000,48750036,48750036,1782868121706022,True,True
35313412,3981.68000000,0.00160000,48750037,48750037,1782868121706022,True,True
35313413,3981.67000000,0.25150000,48750038,48750038,1782868121706022,True,True
35313414,3981.63000000,0.49710000,48750039,48750039,1782868121706022,True,True
35313415,3981.57000000,0.06200000,48750040,48750040,1782868121706022,True,True
35313416,3981.56000000,0.00150000,48750041,48750041,1782868121706022,True,True
35313417,3981.49000000,0.00310000,48750042,48750042,1782868121706022,True,True
35313418,3981.46000000,0.07580000,48750043,48750043,1782868121706022,True,True
35313419,3981.79000000,0.11990000,48750044,48750044,1782868124611157,False,True
35313420,3982.59000000,0.03240000,48750045,48750045,1782868127684344,False,True
35313421,3982.59000000,0.01680000,48750046,48750046,1782868127685096,False,True
35313422,3983.29000000,0.32830000,48750047,48750048,1782868136782538,True,True
35313423,3983.30000000,0.10000000,48750049,48750049,1782868137075681,False,True
35313424,3983.66000000,0.00440000,48750050,48750050,1782868142522047,True,True
35313425,3983.58000000,0.20540000,48750051,48750051,1782868151409429,True,True
35313426,3982.59000000,0.00440000,48750052,48750052,1782868157412063,True,True
35313427,3982.83000000,0.29330000,48750053,48750056,1782868166788911,True,True
35313428,3982.84000000,0.47770000,48750057,48750059,1782868184017308,False,True
35313429,3983.32000000,0.00160000,48750060,48750060,1782868185952801,False,True
35313430,3983.45000000,0.01590000,48750061,48750061,1782868187503621,True,True
35313431,3983.79000000,0.01230000,48750062,48750062,1782868200308004,True,True
35313432,3983.79000000,0.01510000,48750063,48750063,1782868200315871,True,True
35313433,3983.79000000,0.28760000,48750064,48750065,1782868201940277,True,True
35313434,3983.31000000,0.00220000,48750066,48750066,1782868204312990,True,True
35313435,3983.31000000,0.24220000,48750067,48750067,1782868204775340,True,True
35313436,3982.85000000,0.11990000,48750068,48750068,1782868209094419,False,True
35313437,3983.49000000,0.00680000,48750069,48750069,1782868211779459,False,True
35313438,3982.84000000,0.27230000,48750070,48750070,1782868212684000,True,True
35313439,3982.59000000,0.00250000,48750071,48750071,1782868213117093,True,True
35313440,3981.60000000,0.00130000,48750072,48750072,1782868214151890,True,True
35313441,3981.35000000,0.00520000,48750073,48750073,1782868214153217,True,True
35313442,3981.31000000,0.00200000,48750074,48750074,1782868214153217,True,True
35313443,3981.25000000,0.02420000,48750075,48750075,1782868214153217,True,True
35313444,3981.24000000,0.08000000,48750076,48750076,1782868214153217,True,True
35313445,3981.23000000,0.02700000,48750077,48750077,1782868214154863,False,True
35313446,3981.23000000,0.02700000,48750078,48750078,1782868214155774,False,True
35313447,3981.22000000,0.00130000,48750079,48750079,1782868214156065,True,True
35313448,3981.00000000,0.00160000,48750080,48750080,1782868214166709,True,True
35313449,3981.00000000,0.02370000,48750081,48750081,1782868215001568,True,True
35313450,3980.88000000,0.00140000,48750082,48750082,1782868215002046,True,True
35313451,3980.84000000,0.02510000,48750083,48750083,1782868215002801,True,True
35313452,3980.30000000,0.00130000,48750084,48750084,1782868215367540,True,True
35313453,3980.00000000,0.13510000,48750085,48750097,1782868215368907,True,True
35313454,3980.00000000,0.01520000,48750098,48750100,1782868215368907,True,True
35313455,3980.00000000,0.00740000,48750101,48750102,1782868215369035,True,True
35313456,3980.00000000,0.00360000,48750103,48750103,1782868215369156,True,True
35313457,3980.00000000,0.01200000,48750104,48750104,1782868215369539,True,True
35313458,3980.00000000,0.00470000,48750105,48750105,1782868215369564,True,True
35313459,3980.00000000,0.01330000,48750106,48750106,1782868215369813,True,True
35313460,3980.00000000,0.50390000,48750107,48750108,1782868215369951,True,True
35313461,3979.89000000,0.02120000,48750109,48750110,1782868215389677,True,True
35313462,3979.74000000,0.32760000,48750111,48750112,1782868215428234,True,True
35313463,3979.55000000,0.00250000,48750113,48750113,1782868215767597,False,True
35313464,3979.53000000,0.00660000,48750114,48750115,1782868215898708,True,True
35313465,3979.51000000,0.00320000,48750116,48750116,1782868215898708,True,True
35313466,3979.42000000,0.10000000,48750117,48750117,1782868218517384,False,True
35313467,3979.41000000,0.01000000,48750118,48750118,1782868220614134,True,True
35313468,3979.40000000,0.00580000,48750119,48750119,1782868220615252,True,True
35313469,3979.00000000,0.02690000,48750120,48750120,1782868220643191,True,True
35313470,3978.90000000,0.00240000,48750121,48750121,1782868220688932,True,True
35313471,3978.61000000,0.11990000,48750122,48750122,1782868222113187,False,True
35313472,3978.91000000,0.07540000,48750123,48750123,1782868224682394,False,True
35313473,3978.90000000,0.00800000,48750124,48750124,1782868226649136,True,True
35313474,3978.91000000,0.00220000,48750125,48750125,1782868227082665,False,True
35313475,3978.91000000,0.06760000,48750126,48750132,1782868228040171,False,True
35313476,3979.17000000,0.01920000,48750133,48750133,1782868228040171,False,True
35313477,3979.18000000,0.00800000,48750134,48750134,1782868229603981,True,True
35313478,3979.18000000,0.00800000,48750135,48750135,1782868229609774,True,True
35313479,3979.19000000,0.00500000,48750136,48750136,1782868231176470,False,True
35313480,3979.18000000,0.14250000,48750137,48750137,1782868231784370,True,True
35313481,3979.19000000,0.00130000,48750138,48750138,1782868232182000,False,True
35313482,3979.41000000,0.00800000,48750139,48750139,1782868236558434,True,True
35313483,3979.41000000,0.08150000,48750140,48750141,1782868237794219,True,True
35313484,3979.41000000,0.08980000,48750142,48750142,1782868239112733,True,True
35313485,3978.97000000,0.00800000,48750143,48750143,1782868239198926,True,True
35313486,3978.97000000,0.00800000,48750144,48750144,1782868239199880,True,True
35313487,3978.60000000,0.00140000,48750145,48750145,1782868240196966,True,True
35313488,3978.50000000,0.00800000,48750146,48750146,1782868240209363,True,True
35313489,3978.50000000,0.00080000,48750147,48750147,1782868240736454,True,True
35313490,3978.43000000,0.00880000,48750148,48750148,1782868240736454,True,True
35313491,3978.40000000,0.00770000,48750149,48750149,1782868240736454,True,True
35313492,3978.39000000,0.02490000,48750150,48750150,1782868240736454,True,True
35313493,3978.36000000,0.00750000,48750151,48750151,1782868240736454,True,True
35313494,3978.31000000,0.00140000,48750152,48750152,1782868240737806,True,True
35313495,3978.22000000,0.00390000,48750153,48750153,1782868241018170,True,True
35313496,3978.17000000,0.00440000,48750154,48750154,1782868241018170,True,True
35313497,3978.00000000,0.02770000,48750155,48750155,1782868241018170,True,True
35313498,3977.86000000,0.00540000,48750156,48750156,1782868241018170,True,True
35313499,3977.74000000,0.00980000,48750157,48750157,1782868241018170,True,True
35313500,3977.71000000,0.00570000,48750158,48750158,1782868241018170,True,True
35313501,3977.67000000,0.21710000,48750159,48750160,1782868241018170,True,True
35313502,3977.67000000,0.28340000,48750161,48750161,1782868241018210,True,True
35313503,3977.59000000,0.25170000,48750162,48750162,1782868241018210,True,True
35313504,3977.49000000,0.00690000,48750163,48750163,1782868241018210,True,True
35313505,3977.48000000,0.00900000,48750164,48750164,1782868241018210,True,True
35313506,3977.48000000,0.27300000,48750165,48750165,1782868241018349,True,True
35313507,3977.38000000,0.00140000,48750166,48750166,1782868241018349,True,True
35313508,3977.35000000,0.11250000,48750167,48750167,1782868241018349,True,True
35313509,3977.33000000,0.00800000,48750168,48750168,1782868241018349,True,True
35313510,3977.28000000,0.00440000,48750169,48750169,1782868241018349,True,True
35313511,3977.20000000,0.28340000,48750170,48750171,1782868241018349,True,True
35313512,3977.19000000,2.40860000,48750172,48750172,1782868241018349,True,True
35313513,3977.19000000,1.15550000,48750173,48750173,1782868241018734,True,True
35313514,3977.19000000,0.21310000,48750174,48750174,1782868241019365,True,True
35313515,3977.18000000,0.10000000,48750175,48750175,1782868241019365,True,True
35313516,3977.10000000,0.20000000,48750176,48750176,1782868241019977,True,True
35313517,3977.05000000,0.02700000,48750177,48750177,1782868241019977,True,True
35313518,3977.00000000,0.03340000,48750178,48750179,1782868241019977,True,True
35313519,3976.95000000,0.11250000,48750180,48750180,1782868241019977,True,True
35313520,3977.19000000,0.00140000,48750181,48750181,1782868241020382,True,True
35313521,3977.19000000,0.21780000,48750182,48750184,1782868241020481,True,True
35313522,3977.19000000,0.05380000,48750185,48750185,1782868241020835,True,True
35313523,3976.90000000,0.11990000,48750186,48750186,1782868241033284,False,True
35313524,3976.93000000,0.00800000,48750187,48750187,1782868241044035,True,True
35313525,3977.09000000,0.11250000,48750188,48750188,1782868241171537,False,True
35313526,3977.12000000,0.11250000,48750189,48750189,1782868241171537,False,True
35313527,3977.24000000,0.00800000,48750190,48750190,1782868241171537,False,True
35313528,3977.25000000,0.04900000,48750191,48750191,1782868241171537,False,True
35313529,3976.72000000,5.11880000,48750192,48750195,1782868241521475,False,True
35313530,3976.77000000,0.25180000,48750196,48750196,1782868241521858,False,True
35313531,3976.72000000,0.40840000,48750197,48750197,1782868241523477,False,True
35313532,3977.06000000,0.20730000,48750198,48750198,1782868241523477,False,True
35313533,3977.41000000,0.56040000,48750199,48750201,1782868241622408,False,True
35313534,3978.34000000,0.85380000,48750202,48750206,1782868242022111,False,True
35313535,3978.60000000,0.33060000,48750207,48750208,1782868246791782,True,True
35313536,3978.60000000,0.00800000,48750209,48750209,1782868246822686,True,True
35313537,3978.60000000,0.00800000,48750210,48750210,1782868246827274,True,True
35313538,3978.61000000,0.02510000,48750211,48750212,1782868247603865,False,True
35313539,3978.60000000,0.00990000,48750213,48750213,1782868247624871,True,True
35313540,3978.86000000,0.15500000,48750214,48750214,1782868250746058,False,True
35313541,3979.03000000,0.10000000,48750215,48750216,1782868255188205,False,True
35313542,3979.08000000,0.10610000,48750217,48750217,1782868257784164,True,True
35313543,3979.09000000,0.00960000,48750218,48750218,1782868261631438,False,True
35313544,3979.09000000,0.00040000,48750219,48750219,1782868261631575,False,True
35313545,3979.42000000,0.09600000,48750220,48750231,1782868264092384,False,True
35313546,3980.09000000,0.01500000,48750232,48750232,1782868264446007,False,True
35313547,3980.79000000,0.01250000,48750233,48750233,1782868268078833,False,True
35313548,3980.78000000,0.15750000,48750234,48750234,1782868269136505,True,True
35313549,3980.10000000,0.00220000,48750235,48750235,1782868275937938,False,True
35313550,3980.10000000,0.00760000,48750236,48750236,1782868277277228,False,True
35313551,3980.10000000,0.00500000,48750237,48750237,1782868281342838,False,True
