96766898,0.00000411,8463913.00,2364208706,2364208706,1782864000657872,True,True
96766899,0.00000412,3154665.00,2364208707,2364208707,1782864010939029,False,True
96766900,0.00000411,30000000.00,2364208708,2364208708,1782864016348285,True,True
96766901,0.00000412,315455.00,2364208709,2364208709,1782864021125282,False,True
96766902,0.00000411,588986.00,2364208710,2364208711,1782864177828320,True,True
96766903,0.00000411,3986727.00,2364208712,2364208716,1782864182078271,False,True
96766904,0.00000411,588986.00,2364208717,2364208718,1782864182310838,True,True
96766905,0.00000411,973236.00,2364208719,2364208719,1782864209881545,False,True
96766906,0.00000410,52800000.00,2364208720,2364208722,1782864344040590,True,True
96766907,0.00000410,2536159545.00,2364208723,2364208736,1782864344041317,True,True
96766908,0.00000409,17645000.00,2364208737,2364208738,1782864346463683,True,True
96766909,0.00000409,233866000.00,2364208739,2364208742,1782864346844760,True,True
96766910,0.00000409,1027604.00,2364208743,2364208743,1782864350922832,True,True
96766911,0.00000410,30000000.00,2364208744,2364208744,1782864369941830,False,True
96766912,0.00000410,56246000.00,2364208745,2364208750,1782864422183648,False,True
96766913,0.00000410,621.00,2364208751,2364208751,1782864422185532,False,True
96766914,0.00000410,13414633.00,2364208752,2364208752,1782864422188627,True,True
96766915,0.00000410,36782673.00,2364208753,2364208753,1782864422189550,True,True
96766916,0.00000410,135582000.00,2364208754,2364208756,1782864422194476,True,True
96766917,0.00000410,27390000.00,2364208757,2364208759,1782864422197655,True,True
96766918,0.00000410,5751000.00,2364208760,2364208762,1782864422200737,True,True
96766919,0.00000410,20077698.00,2364208763,2364208768,1782864441917766,True,True
96766920,0.00000410,428496334.00,2364208769,2364208777,1782864593868590,True,True
96766921,0.00000410,73352000.00,2364208778,2364208778,1782864601677711,False,True
96766922,0.00000410,36676000.00,2364208779,2364208783,1782864601678848,False,True
96766923,0.00000410,15656000.00,2364208784,2364208784,1782864601679976,False,True
96766924,0.00000410,2408000.00,2364208785,2364208785,1782864601680231,False,True
96766925,0.00000410,273000.00,2364208786,2364208786,1782864601680301,False,True
96766926,0.00000410,7830000.00,2364208787,2364208787,1782864601681012,False,True
96766927,0.00000410,1204000.00,2364208788,2364208788,1782864601681581,False,True
96766928,0.00000410,4052000.00,2364208789,2364208789,1782864601682346,False,True
96766929,0.00000410,136648422.00,2364208790,2364208790,1782864601682483,False,True
96766930,0.00000410,602000.00,2364208791,2364208791,1782864601682649,False,True
96766931,0.00000410,50534829.00,2364208792,2364208792,1782864601683012,False,True
96766932,0.00000410,190581679.00,2364208793,2364208796,1782864601683235,False,True
96766933,0.00000411,1695121.00,2364208797,2364208797,1782864602342112,False,True
96766934,0.00000411,30000000.00,2364208798,2364208798,1782864678230326,False,True
96766935,0.00000411,4279434.00,2364208799,2364208799,1782864702816061,False,True
96766936,0.00000411,8120000.00,2364208800,2364208800,1782864767317860,False,True
96766937,0.00000411,2327000.00,2364208801,2364208801,1782864845617422,False,True
96766938,0.00000411,1163000.00,2364208802,2364208802,1782864845618974,False,True
96766939,0.00000411,582000.00,2364208803,2364208803,1782864845620274,False,True
96766940,0.00000411,291000.00,2364208804,2364208804,1782864845621299,False,True
96766941,0.00000411,3673227.00,2364208805,2364208808,1782864910776154,False,True
96766942,0.00000411,12068633.00,2364208809,2364208809,1782864910951644,True,True
96766943,0.00000411,135637923.00,2364208810,2364208810,1782864912199728,True,True
96766944,0.00000412,21901459.00,2364208811,2364208811,1782864928613650,False,True
96766945,0.00000411,13381994.00,2364208812,2364208812,1782864939403768,True,True
96766946,0.00000411,274467000.00,2364208813,2364208817,1782864939654462,True,True
96766947,0.00000411,54893504.00,2364208818,2364208819,1782864939657586,True,True
96766948,0.00000410,13378918.00,2364208820,2364208821,1782864950204205,True,True
96766949,0.00000411,1695121.00,2364208822,2364208822,1782864979832652,False,True
96766950,0.00000411,8120000.00,2364208823,2364208823,1782864993470794,False,True
96766951,0.00000410,40284011.00,2364208824,2364208824,1782865007717217,True,True
96766952,0.00000411,3177477.00,2364208825,2364208825,1782865064278600,False,True
96766953,0.00000411,425602.00,2364208826,2364208826,1782865073418237,False,True
96766954,0.00000410,487804.00,2364208827,2364208827,1782865217501594,True,True
96766955,0.00000410,694149029.00,2364208828,2364208833,1782865275241984,True,True
96766956,0.00000410,80019315.00,2364208834,2364208834,1782865292552290,True,True
96766957,0.00000410,142163000.00,2364208835,2364208837,1782865401196226,True,True
96766958,0.00000410,547491.00,2364208838,2364208840,1782865401903452,True,True
96766959,0.00000410,316457.00,2364208841,2364208841,1782865403541565,False,True
96766960,0.00000410,182015000.00,2364208842,2364208845,1782865441891832,True,True
96766961,0.00000410,15648000.00,2364208846,2364208848,1782865441894750,True,True
96766962,0.00000410,122350000.00,2364208849,2364208852,1782865459897208,True,True
96766963,0.00000410,819834.00,2364208853,2364208855,1782865460028393,True,True
96766964,0.00000410,8120000.00,2364208856,2364208856,1782865492826363,False,True
96766965,0.00000410,332827.00,2364208857,2364208857,1782865537911639,False,True
96766966,0.00000410,296648276.00,2364208858,2364208864,1782865571933219,False,True
96766967,0.00000409,54234525.00,2364208865,2364208866,1782865681620083,True,True
96766968,0.00000409,53792977.00,2364208867,2364208867,1782865681640589,True,True
96766969,0.00000409,54218830.00,2364208868,2364208868,1782865681667433,True,True
96766970,0.00000409,55231770.00,2364208869,2364208869,1782865681690596,True,True
96766971,0.00000409,13558631.00,2364208870,2364208870,1782865681740869,True,True
96766972,0.00000409,13708971.00,2364208871,2364208871,1782865681768250,True,True
96766973,0.00000409,13544848.00,2364208872,2364208872,1782865681794661,True,True
96766974,0.00000409,13488057.00,2364208873,2364208873,1782865681820457,True,True
96766975,0.00000409,13726195.00,2364208874,2364208874,1782865681862246,True,True
96766976,0.00000409,13522133.00,2364208875,2364208875,1782865681920314,True,True
96766977,0.00000409,53688249.00,2364208876,2364208876,1782865681943091,True,True
96766978,0.00000409,13707844.00,2364208877,2364208877,1782865681945363,True,True
96766979,0.00000409,13545279.00,2364208878,2364208878,1782865681981140,True,True
96766980,0.00000409,13694499.00,2364208879,2364208879,1782865681997732,True,True
96766981,0.00000409,13696637.00,2364208880,2364208880,1782865682010769,True,True
96766982,0.00000409,13472455.00,2364208881,2364208881,1782865682020197,True,True
96766983,0.00000409,13438270.00,2364208882,2364208882,1782865682037058,True,True
96766984,0.00000409,13735346.00,2364208883,2364208883,1782865682047516,True,True
96766985,0.00000410,13867683.00,2364208884,2364208884,1782865683834002,False,True
96766986,0.00000410,28097000.00,2364208885,2364208889,1782865735140393,False,True
96766987,0.00000410,220.00,2364208890,2364208890,1782865735141741,False,True
96766988,0.00000410,13508876.00,2364208891,2364208891,1782865735155030,True,True
96766989,0.00000410,13507549.00,2364208892,2364208892,1782865735164144,True,True
96766990,0.00000410,13470340.00,2364208893,2364208893,1782865735180278,True,True
96766991,0.00000410,13543757.00,2364208894,2364208895,1782865735197862,True,True
96766992,0.00000411,72737000.00,2364208896,2364208902,1782865862198201,False,True
96766993,0.00000411,999.00,2364208903,2364208903,1782865862199998,False,True
96766994,0.00000412,471353.00,2364208904,2364208904,1782866041272721,False,True
96766995,0.00000411,1459076.00,2364208905,2364208905,1782866053520581,True,True
96766996,0.00000412,50000000.00,2364208906,2364208906,1782866092680216,False,True
96766997,0.00000411,338602.00,2364208907,2364208907,1782866247975137,True,True
96766998,0.00000411,1333682.00,2364208908,2364208908,1782866294219828,True,True
96766999,0.00000411,21373032.00,2364208909,2364208909,1782866337229753,True,True
96767000,0.00000411,21373011.00,2364208910,2364208910,1782866337230088,True,True
96767001,0.00000411,21373012.00,2364208911,2364208913,1782866337230667,True,True
96767002,0.00000411,358718435.00,2364208914,2364208919,1782866337230811,True,True
96767003,0.00000411,6703717.00,2364208920,2364208920,1782866386027713,False,True
96767004,0.00000411,4024962.00,2364208921,2364208921,1782866392315710,False,True
96767005,0.00000410,153644950.00,2364208922,2364208925,1782866412546576,True,True
96767006,0.00000410,19949085.00,2364208926,2364208926,1782866445970117,True,True
96767007,0.00000410,90032441.00,2364208927,2364208927,1782866477961344,True,True
96767008,0.00000410,79833694.00,2364208928,2364208930,1782866514250260,True,True
96767009,0.00000411,1695121.00,2364208931,2364208931,1782866518878346,False,True
96767010,0.00000410,227364304.00,2364208932,2364208932,1782866549326618,True,True
96767011,0.00000410,16102120.00,2364208933,2364208933,1782866586540197,True,True
96767012,0.00000410,5347445.00,2364208934,2364208934,1782866594207421,True,True
96767013,0.00000410,17066186.00,2364208935,2364208935,1782866616305415,True,True
96767014,0.00000411,10231425.00,2364208936,2364208936,1782866620144319,False,True
96767015,0.00000410,11961690.00,2364208937,2364208937,1782866655525168,True,True
96767016,0.00000411,148053000.00,2364208938,2364208942,1782866689735517,False,True
96767017,0.00000411,136.00,2364208943,2364208943,1782866689737005,False,True
96767018,0.00000411,318063.00,2364208944,2364208944,1782866700643203,True,True
96767019,0.00000411,51747768.00,2364208945,2364208945,1782866762339553,False,True
96767020,0.00000411,74121550.00,2364208946,2364208951,1782866762339980,False,True
96767021,0.00000411,318063.00,2364208952,2364208952,1782866779119839,True,True
96767022,0.00000411,1135689.00,2364208953,2364208956,1782866780270477,False,True
96767023,0.00000411,318063.00,2364208957,2364208957,1782866784541252,True,True
96767024,0.00000411,318063.00,2364208958,2364208958,1782866794976090,False,True
96767025,0.00000411,654943272.00,2364208959,2364208962,1782866835554221,True,True
96767026,0.00000411,318063.00,2364208963,2364208963,1782866837664760,False,True
96767027,0.00000411,591769.00,2364208964,2364208965,1782866854581075,True,True
96767028,0.00000411,265799.00,2364208966,2364208966,1782866878457279,False,True
96767029,0.00000410,1804671.00,2364208967,2364208967,1782867088936673,True,True
96767030,0.00000411,357667.00,2364208968,2364208968,1782867106079863,False,True
96767031,0.00000411,88254000.00,2364208969,2364208972,1782867124269569,False,True
96767032,0.00000411,799.00,2364208973,2364208973,1782867124271434,False,True
96767033,0.00000411,3171884.00,2364208974,2364208975,1782867162136073,True,True
96767034,0.00000411,40582524.00,2364208976,2364208976,1782867231936915,True,True
96767035,0.00000411,202999020.00,2364208977,2364208978,1782867252086404,True,True
96767036,0.00000411,124343705.00,2364208979,2364208979,1782867321192329,False,True
96767037,0.00000411,318491.00,2364208980,2364208980,1782867347170724,False,True
96767038,0.00000411,318491.00,2364208981,2364208981,1782867350151762,True,True
96767039,0.00000411,46419944.00,2364208982,2364208986,1782867412306306,False,True
96767040,0.00000411,318812.00,2364208987,2364208987,1782867487055601,True,True
96767041,0.00000411,302578.00,2364208988,2364208989,1782867620620053,False,True
96767042,0.00000410,420677000.00,2364208990,2364208995,1782867843199228,True,True
96767043,0.00000410,318812.00,2364208996,2364208996,1782867844721689,False,True
96767044,0.00000410,43039309.00,2364208997,2364208997,1782867846238248,True,True
96767045,0.00000410,319590.00,2364208998,2364208998,1782867852393785,True,True
96767046,0.00000409,18826405.00,2364208999,2364208999,1782867908701773,True,True
96767047,0.00000409,12436893.00,2364209000,2364209003,1782867922897249,True,True
96767048,0.00000409,701057.00,2364209004,2364209006,1782867996515038,True,True
96767049,0.00000409,1587575605.00,2364209007,2364209010,1782868023689977,True,True
96767050,0.00000409,319590.00,2364209011,2364209011,1782868023896139,False,True
96767051,0.00000409,1916806.00,2364209012,2364209012,1782868037073438,True,True
96767052,0.00000409,505387889.00,2364209013,2364209017,1782868096355729,True,True
96767053,0.00000408,264814148.00,2364209018,2364209020,1782868118564747,True,True
96767054,0.00000408,31674349.00,2364209021,2364209027,1782868200919860,True,True
96767055,0.00000408,735294.00,2364209028,2364209028,1782868216825777,True,True
96767056,0.00000408,43818000.00,2364209029,2364209032,1782868217284915,True,True
96767057,0.00000408,3676471.00,2364209033,2364209033,1782868220965462,False,True
96767058,0.00000407,311046000.00,2364209034,2364209039,1782868256572008,True,True
96767059,0.00000407,587079000.00,2364209040,2364209051,1782868256573652,True,True
96767060,0.00000407,853.00,2364209052,2364209052,1782868256575814,True,True
96767061,0.00000407,826530.00,2364209053,2364209055,1782868257228780,True,True
96767062,0.00000407,875539.00,2364209056,2364209056,1782868261879261,False,True
96767063,0.00000407,8610086.00,2364209057,2364209060,1782868288703988,False,True
96767064,0.00000407,828034.00,2364209061,2364209063,1782868331887913,False,True
96767065,0.00000408,4075956.00,2364209064,2364209064,1782868331887913,False,True
96767066,0.00000407,552103.00,2364209065,2364209066,1782868333621353,True,True
96767067,0.00000407,321149.00,2364209067,2364209068,1782868335482588,True,True
96767068,0.00000406,237048000.00,2364209069,2364209081,1782868365041976,True,True
96767069,0.00000406,439.00,2364209082,2364209082,1782868365081238,True,True
96767070,0.00000405,1249465763.00,2364209083,2364209113,1782868365700318,True,True
96767071,0.00000404,1899511.00,2364209114,2364209115,1782868365700318,True,True
96767072,0.00000404,302956000.00,2364209116,2364209131,1782868366601390,True,True
96767073,0.00000404,540000000.00,2364209132,2364209136,1782868366602424,True,True
96767074,0.00000404,14400000.00,2364209137,2364209137,1782868366619245,True,True
96767075,0.00000404,874200.00,2364209138,2364209138,1782868366871921,False,True
96767076,0.00000404,27132976.00,2364209139,2364209139,1782868366957470,False,True
96767077,0.00000404,27132976.00,2364209140,2364209140,1782868366958730,False,True
96767078,0.00000404,27109542.00,2364209141,2364209141,1782868367002040,False,True
96767079,0.00000404,135056216.00,2364209142,2364209146,1782868367184091,False,True
96767080,0.00000404,8542299.00,2364209147,2364209148,1782868370055172,False,True
96767081,0.00000403,1370546352.00,2364209149,2364209172,1782868370501121,True,True
96767082,0.00000403,136985140.00,2364209173,2364209173,1782868370504761,False,True
96767083,0.00000403,124751363.00,2364209174,2364209177,1782868370508332,False,True
96767084,0.00000403,381566354.00,2364209178,2364209179,1782868370511521,True,True
96767085,0.00000403,63727000.00,2364209180,2364209180,1782868370554563,True,True
96767086,0.00000404,216644577.00,2364209181,2364209185,1782868370643032,False,True
96767087,0.00000403,19600000.00,2364209186,2364209189,1782868370721701,True,True
96767088,0.00000403,64605000.00,2364209190,2364209190,1782868370769848,False,True
96767089,0.00000403,836149.00,2364209191,2364209194,1782868370769898,False,True
96767090,0.00000403,104111000.00,2364209195,2364209195,1782868370967336,False,True
96767091,0.00000403,20640363.00,2364209196,2364209199,1782868370967593,False,True
96767092,0.00000403,172700000.00,2364209200,2364209200,1782868370971732,False,True
96767093,0.00000403,835626.00,2364209201,2364209203,1782868370972219,False,True
96767094,0.00000404,607000.00,2364209204,2364209204,1782868371038972,False,True
96767095,0.00000403,1343349.00,2364209205,2364209205,1782868371100930,True,True
96767096,0.00000403,56399000.00,2364209206,2364209206,1782868371103491,False,True
96767097,0.00000403,1160318.00,2364209207,2364209211,1782868371553496,False,True
96767098,0.00000404,428597.00,2364209212,2364209212,1782868372174031,False,True
96767099,0.00000403,245585215.00,2364209213,2364209214,1782868372526573,True,True
96767100,0.00000403,130533000.00,2364209215,2364209215,1782868372530913,False,True
96767101,0.00000403,300381000.00,2364209216,2364209222,1782868373887168,False,True
96767102,0.00000403,21068000.00,2364209223,2364209223,1782868373887179,False,True
96767103,0.00000403,1343349.00,2364209224,2364209224,1782868374093583,True,True
96767104,0.00000403,2412488.00,2364209225,2364209226,1782868375124175,True,True
96767105,0.00000403,190914550.00,2364209227,2364209227,1782868375124500,True,True
96767106,0.00000403,168741000.00,2364209228,2364209228,1782868375150627,False,True
96767107,0.00000403,309.00,2364209229,2364209229,1782868375151068,False,True
96767108,0.00000403,132173913.00,2364209230,2364209231,1782868382002022,False,True
96767109,0.00000403,1189984.00,2364209232,2364209232,1782868388079312,False,True
96767110,0.00000403,118260870.00,2364209233,2364209234,1782868391826194,False,True
96767111,0.00000402,79841291.00,2364209235,2364209246,1782868393707471,True,True
96767112,0.00000401,99639709.00,2364209247,2364209254,1782868393707471,True,True
96767113,0.00000401,27730000.00,2364209255,2364209255,1782868393708378,True,True
96767114,0.00000402,88893763.00,2364209256,2364209256,1782868394448593,False,True
96767115,0.00000401,151649653.00,2364209257,2364209260,1782868394557924,True,True
96767116,0.00000401,295232602.00,2364209261,2364209267,1782868395083312,True,True
96767117,0.00000401,43945311.00,2364209268,2364209269,1782868395084567,True,True
96767118,0.00000401,179410000.00,2364209270,2364209270,1782868395086237,False,True
96767119,0.00000401,936.00,2364209271,2364209271,1782868395086317,False,True
96767120,0.00000401,840249.00,2364209272,2364209274,1782868395087028,False,True
96767121,0.00000401,190825768.00,2364209275,2364209275,1782868395088753,True,True
96767122,0.00000401,5267614.00,2364209276,2364209277,1782868395091703,True,True
96767123,0.00000401,190825000.00,2364209278,2364209278,1782868395093198,False,True
96767124,0.00000401,841017.00,2364209279,2364209282,1782868395093441,False,True
96767125,0.00000401,37023709.00,2364209283,2364209283,1782868395094746,True,True
96767126,0.00000401,31148920.00,2364209284,2364209284,1782868395199602,True,True
96767127,0.00000401,36973158.00,2364209285,2364209285,1782868395200952,True,True
96767128,0.00000402,365309.00,2364209286,2364209286,1782868395646935,False,True
96767129,0.00000402,1830107.00,2364209287,2364209287,1782868395959851,False,True
96767130,0.00000401,62189055.00,2364209288,2364209288,1782868397477059,True,True
96767131,0.00000401,16575000.00,2364209289,2364209292,1782868397798928,True,True
96767132,0.00000401,3347000.00,2364209293,2364209293,1782868398265789,True,True
96767133,0.00000401,19922000.00,2364209294,2364209294,1782868398266065,True,True
96767134,0.00000401,840249.00,2364209295,2364209297,1782868398333354,True,True
96767135,0.00000400,14171751.00,2364209298,2364209307,1782868398333354,True,True
96767136,0.00000400,53353049.00,2364209308,2364209319,1782868398333354,True,True
96767137,0.00000401,540000000.00,2364209320,2364209326,1782868400011803,False,True
96767138,0.00000401,958362000.00,2364209327,2364209330,1782868400013272,False,True
96767139,0.00000401,842297.00,2364209331,2364209334,1782868400014113,False,True
96767140,0.00000401,193436249.00,2364209335,2364209337,1782868400049826,True,True
96767141,0.00000401,285979000.00,2364209338,2364209338,1782868400051092,False,True
96767142,0.00000401,9951000.00,2364209339,2364209342,1782868400054376,False,True
96767143,0.00000401,3163000.00,2364209343,2364209346,1782868400135631,False,True
96767144,0.00000401,842580.00,2364209347,2364209349,1782868400397242,False,True
96767145,0.00000402,894920.00,2364209350,2364209350,1782868400397242,False,True
96767146,0.00000401,933417.00,2364209351,2364209352,1782868400928413,True,True
96767147,0.00000401,18943930.00,2364209353,2364209353,1782868401348350,False,True
96767148,0.00000401,362552000.00,2364209354,2364209359,1782868402106869,False,True
96767149,0.00000401,1240806000.00,2364209360,2364209362,1782868402108484,False,True
96767150,0.00000401,60013510.00,2364209363,2364209368,1782868402110084,False,True
96767151,0.00000401,19771000.00,2364209369,2364209371,1782868403560038,True,True
96767152,0.00000401,19771000.00,2364209372,2364209372,1782868403560046,True,True
96767153,0.00000401,118630178.00,2364209373,2364209373,1782868403561984,True,True
96767154,0.00000401,143392068.00,2364209374,2364209380,1782868404118273,False,True
96767155,0.00000401,431747.00,2364209381,2364209381,1782868404888972,False,True
96767156,0.00000401,1064151.00,2364209382,2364209382,1782868407818514,False,True
96767157,0.00000401,379197000.00,2364209383,2364209388,1782868407973519,False,True
96767158,0.00000401,209257000.00,2364209389,2364209391,1782868407974027,False,True
96767159,0.00000401,395.00,2364209392,2364209392,1782868407975670,False,True
96767160,0.00000401,1549659.00,2364209393,2364209393,1782868408128110,True,True
96767161,0.00000401,9228000.00,2364209394,2364209394,1782868408360653,True,True
96767162,0.00000401,9228000.00,2364209395,2364209395,1782868408361404,True,True
96767163,0.00000401,934285.00,2364209396,2364209397,1782868408367531,True,True
96767164,0.00000401,119180000.00,2364209398,2364209404,1782868408457300,False,True
96767165,0.00000401,8998000.00,2364209405,2364209408,1782868408461625,False,True
96767166,0.00000401,281873.00,2364209409,2364209409,1782868408463201,False,True
96767167,0.00000401,7272081.00,2364209410,2364209413,1782868408653766,True,True
96767168,0.00000400,1004919.00,2364209414,2364209414,1782868408653766,True,True
96767169,0.00000400,8277000.00,2364209415,2364209415,1782868408655951,True,True
96767170,0.00000400,9791812.00,2364209416,2364209421,1782868408848088,True,True
96767171,0.00000401,12676297.00,2364209422,2364209427,1782868412083537,False,True
96767172,0.00000401,156742000.00,2364209428,2364209433,1782868412085319,False,True
96767173,0.00000401,29486000.00,2364209434,2364209435,1782868412087370,False,True
96767174,0.00000402,1989908.00,2364209436,2364209436,1782868417660889,False,True
96767175,0.00000402,60000000.00,2364209437,2364209438,1782868421271061,False,True
96767176,0.00000402,30000000.00,2364209439,2364209439,1782868425760577,False,True
96767177,0.00000402,25000000.00,2364209440,2364209446,1782868426068558,False,True
96767178,0.00000402,839477.00,2364209447,2364209449,1782868426778478,False,True
96767179,0.00000403,45834000.00,2364209450,2364209453,1782868429933476,False,True
96767180,0.00000403,17323703.00,2364209454,2364209455,1782868430004414,False,True
96767181,0.00000403,267445000.00,2364209456,2364209460,1782868430085896,False,True
96767182,0.00000403,126.00,2364209461,2364209461,1782868430087520,False,True
96767183,0.00000403,139071000.00,2364209462,2364209465,1782868430123280,True,True
96767184,0.00000403,300000.00,2364209466,2364209467,1782868431169096,True,True
96767185,0.00000404,272560000.00,2364209468,2364209478,1782868438523320,False,True
96767186,0.00000404,503471000.00,2364209479,2364209480,1782868438525079,False,True
96767187,0.00000404,932.00,2364209481,2364209481,1782868438526856,False,True
96767188,0.00000404,30648000.00,2364209482,2364209485,1782868439040015,True,True
96767189,0.00000405,5445783.00,2364209486,2364209490,1782868441953349,False,True
96767190,0.00000404,741656365.00,2364209491,2364209495,1782868442028871,True,True
96767191,0.00000404,741656365.00,2364209496,2364209497,1782868443228802,True,True
96767192,0.00000405,2469136.00,2364209498,2364209498,1782868443726362,False,True
96767193,0.00000404,741656365.00,2364209499,2364209502,1782868444528462,True,True
96767194,0.00000404,741656365.00,2364209503,2364209510,1782868445928789,True,True
96767195,0.00000404,447354724.00,2364209511,2364209511,1782868447228613,True,True
96767196,0.00000404,16555556.00,2364209512,2364209514,1782868451497722,True,True
96767197,0.00000404,30000000.00,2364209515,2364209515,1782868452043188,False,True
96767198,0.00000404,36535000.00,2364209516,2364209516,1782868458180100,False,True
96767199,0.00000404,27435000.00,2364209517,2364209520,1782868458192406,False,True
96767200,0.00000404,254.00,2364209521,2364209521,1782868458194103,False,True
96767201,0.00000405,10045417.00,2364209522,2364209522,1782868461187158,False,True
96767202,0.00000405,3935431.00,2364209523,2364209523,1782868464464689,False,True
96767203,0.00000404,2915510.00,2364209524,2364209525,1782868485055342,True,True
96767204,0.00000404,1273597.00,2364209526,2364209529,1782868489678046,False,True
96767205,0.00000405,1720297.00,2364209530,2364209533,1782868503733064,False,True
96767206,0.00000405,79012000.00,2364209534,2364209534,1782868503787746,False,True
96767207,0.00000405,500992000.00,2364209535,2364209538,1782868503789522,False,True
96767208,0.00000405,601639.00,2364209539,2364209540,1782868506141242,True,True
96767209,0.00000404,1863271.00,2364209541,2364209541,1782868506260637,True,True
96767210,0.00000405,39010000.00,2364209542,2364209545,1782868507314986,False,True
96767211,0.00000405,212996000.00,2364209546,2364209547,1782868507316635,False,True
96767212,0.00000405,39287000.00,2364209548,2364209551,1782868507326657,False,True
96767213,0.00000405,832888.00,2364209552,2364209554,1782868507355327,False,True
96767214,0.00000406,287721000.00,2364209555,2364209562,1782868510973300,False,True
96767215,0.00000406,113414778.00,2364209563,2364209564,1782868510975707,False,True
96767216,0.00000407,1716049.00,2364209565,2364209565,1782868511419434,False,True
96767217,0.00000406,600082.00,2364209566,2364209567,1782868512503240,True,True
96767218,0.00000405,2149672.00,2364209568,2364209568,1782868513981125,True,True
96767219,0.00000406,90993000.00,2364209569,2364209573,1782868524062414,False,True
96767220,0.00000406,830886.00,2364209574,2364209577,1782868524078380,False,True
96767221,0.00000406,1891508.00,2364209578,2364209579,1782868525264628,True,True
96767222,0.00000406,6083981.00,2364209580,2364209584,1782868532103555,False,True
96767223,0.00000406,323064.00,2364209585,2364209585,1782868532311981,True,True
96767224,0.00000406,1154118.00,2364209586,2364209589,1782868532628377,False,True
96767225,0.00000406,323064.00,2364209590,2364209590,1782868533491234,True,True
96767226,0.00000406,19730000.00,2364209591,2364209594,1782868539018664,False,True
96767227,0.00000406,830886.00,2364209595,2364209598,1782868539028425,False,True
96767228,0.00000406,16323064.00,2364209599,2364209600,1782868557754650,True,True
96767229,0.00000406,361445.00,2364209601,2364209601,1782868576279641,False,True
96767230,0.00000405,9193737.00,2364209602,2364209605,1782868577753424,True,True
96767231,0.00000405,17500000.00,2364209606,2364209609,1782868581523882,False,True
96767232,0.00000404,140828000.00,2364209610,2364209615,1782868593126661,True,True
96767233,0.00000404,533.00,2364209616,2364209616,1782868593439848,True,True
96767234,0.00000404,323861.00,2364209617,2364209617,1782868594071193,False,True
96767235,0.00000404,74569000.00,2364209618,2364209620,1782868602943058,True,True
96767236,0.00000404,521.00,2364209621,2364209621,1782868602943720,True,True
96767237,0.00000404,918049.00,2364209622,2364209622,1782868607449723,False,True
96767238,0.00000404,3027208.00,2364209623,2364209623,1782868611690715,False,True
96767239,0.00000404,24433244.00,2364209624,2364209629,1782868628432521,False,True
96767240,0.00000405,2469135.00,2364209630,2364209630,1782868630613645,False,True
96767241,0.00000404,30976141.00,2364209631,2364209631,1782868645573020,True,True
96767242,0.00000404,3031000.00,2364209632,2364209634,1782868658469705,True,True
96767243,0.00000404,84241000.00,2364209635,2364209638,1782868659399850,False,True
96767244,0.00000404,317.00,2364209639,2364209639,1782868659401776,False,True
96767245,0.00000405,879860.00,2364209640,2364209640,1782868668693533,False,True
96767246,0.00000405,10000000.00,2364209641,2364209641,1782868692558439,False,True
96767247,0.00000405,1716049.00,2364209642,2364209642,1782868702109976,False,True
96767248,0.00000405,1716049.00,2364209643,2364209643,1782868711029355,False,True
96767249,0.00000405,270603000.00,2364209644,2364209649,1782868715879045,False,True
96767250,0.00000405,833933.00,2364209650,2364209653,1782868715910468,False,True
96767251,0.00000405,831054.00,2364209654,2364209656,1782868717728557,False,True
96767252,0.00000405,4987525.00,2364209657,2364209658,1782868754745515,True,True
96767253,0.00000406,101857000.00,2364209659,2364209661,1782868776432400,False,True
96767254,0.00000406,70740000.00,2364209662,2364209662,1782868776434462,False,True
96767255,0.00000406,556.00,2364209663,2364209663,1782868776436592,False,True
96767256,0.00000406,123152709.00,2364209664,2364209664,1782868796422743,True,True
96767257,0.00000406,30000000.00,2364209665,2364209666,1782868815172952,True,True
96767258,0.00000407,428761.00,2364209667,2364209667,1782868817120245,False,True
96767259,0.00000406,7145908.00,2364209668,2364209668,1782868834213691,True,True
96767260,0.00000406,2361701.00,2364209669,2364209669,1782868878531723,True,True
96767261,0.00000407,49200493.00,2364209670,2364209677,1782868952383331,False,True
96767262,0.00000407,298471163.00,2364209678,2364209681,1782868952385690,False,True
96767263,0.00000407,369004.00,2364209682,2364209682,1782868962897855,False,True
96767264,0.00000407,369004.00,2364209683,2364209683,1782868962898229,False,True
96767265,0.00000407,369004.00,2364209684,2364209684,1782868962898502,False,True
96767266,0.00000407,54193000.00,2364209685,2364209689,1782868963015930,False,True
96767267,0.00000407,743.00,2364209690,2364209690,1782868963018019,False,True
96767268,0.00000407,500849802.00,2364209691,2364209698,1782869064259448,False,True
96767269,0.00000407,1250000.00,2364209699,2364209699,1782869110558820,False,True
96767270,0.00000406,6210662.00,2364209700,2364209700,1782869123139140,True,True
96767271,0.00000406,51272000.00,2364209701,2364209705,1782869161525090,True,True
96767272,0.00000406,277179.00,2364209706,2364209707,1782869161526412,True,True
96767273,0.00000406,828786.00,2364209708,2364209710,1782869161952909,False,True
96767274,0.00000406,11343860.00,2364209711,2364209711,1782869234639367,True,True
96767275,0.00000407,7000000.00,2364209712,2364209715,1782869247101722,False,True
96767276,0.00000407,1286672.00,2364209716,2364209716,1782869252626804,False,True
96767277,0.00000406,436244.00,2364209717,2364209717,1782869276418629,True,True
96767278,0.00000407,1711822.00,2364209718,2364209718,1782869297282901,False,True
96767279,0.00000407,103105442.00,2364209719,2364209719,1782869312344872,False,True
96767280,0.00000407,2460024.00,2364209720,2364209720,1782869312348029,False,True
96767281,0.00000407,49144320.00,2364209721,2364209724,1782869312432312,False,True
96767282,0.00000407,250096080.00,2364209725,2364209729,1782869356948073,False,True
96767283,0.00000407,24570024.00,2364209730,2364209730,1782869401366550,False,True
96767284,0.00000407,337301.00,2364209731,2364209731,1782869419620618,False,True
96767285,0.00000407,114957836.00,2364209732,2364209737,1782869420619384,False,True
96767286,0.00000408,49019607.00,2364209738,2364209742,1782869536590776,False,True
96767287,0.00000408,1623377.00,2364209743,2364209743,1782869536814498,False,True
96767288,0.00000408,287158000.00,2364209744,2364209748,1782869570329053,False,True
96767289,0.00000409,24355952.00,2364209749,2364209749,1782869570348496,False,True
96767290,0.00000409,50056000.00,2364209750,2364209750,1782869570350772,False,True
96767291,0.00000408,47311516.00,2364209751,2364209753,1782869572153928,True,True
96767292,0.00000407,981749.00,2364209754,2364209754,1782869579417962,True,True
96767293,0.00000407,154268205.00,2364209755,2364209757,1782869601132120,True,True
96767294,0.00000408,2450980.00,2364209758,2364209762,1782869601686449,False,True
96767295,0.00000407,40168674.00,2364209763,2364209766,1782869609250379,True,True
96767296,0.00000407,88112000.00,2364209767,2364209768,1782869654565738,True,True
96767297,0.00000407,580.00,2364209769,2364209769,1782869654568713,True,True
96767298,0.00000407,172716250.00,2364209770,2364209775,1782869673032005,False,True
96767299,0.00000407,275510.00,2364209776,2364209776,1782869673032187,False,True
96767300,0.00000407,16276000.00,2364209777,2364209778,1782869686195538,True,True
96767301,0.00000407,262.00,2364209779,2364209779,1782869686197884,True,True
96767302,0.00000407,4992622.00,2364209780,2364209780,1782869688206233,False,True
96767303,0.00000408,431710000.00,2364209781,2364209785,1782869908935738,False,True
96767304,0.00000408,64228000.00,2364209786,2364209786,1782869908936058,False,True
96767305,0.00000408,276168.00,2364209787,2364209788,1782869908942733,False,True
96767306,0.00000409,367198.00,2364209789,2364209789,1782869927927022,False,True
96767307,0.00000409,367198.00,2364209790,2364209791,1782869927927060,False,True
96767308,0.00000409,367198.00,2364209792,2364209793,1782869927927161,False,True
96767309,0.00000409,367198.00,2364209794,2364209794,1782869928089647,False,True
96767310,0.00000409,367198.00,2364209795,2364209795,1782869928089715,False,True
96767311,0.00000409,367198.00,2364209796,2364209796,1782869928089793,False,True
96767312,0.00000409,367198.00,2364209797,2364209797,1782869928089840,False,True
96767313,0.00000409,367198.00,2364209798,2364209798,1782869928090216,False,True
96767314,0.00000409,367198.00,2364209799,2364209799,1782869928090218,False,True
96767315,0.00000409,108292000.00,2364209800,2364209802,1782869928530361,False,True
96767316,0.00000409,121551000.00,2364209803,2364209807,1782869928532058,False,True
96767317,0.00000409,204.00,2364209808,2364209808,1782869928533540,False,True
96767318,0.00000409,29749249.00,2364209809,2364209810,1782869928935461,True,True
96767319,0.00000408,6963788.00,2364209811,2364209811,1782869929018416,True,True
96767320,0.00000409,367198.00,2364209812,2364209812,1782869929893140,False,True
96767321,0.00000409,367198.00,2364209813,2364209813,1782869930199509,False,True
96767322,0.00000409,367198.00,2364209814,2364209814,1782869930199610,False,True
96767323,0.00000409,367198.00,2364209815,2364209815,1782869930199770,False,True
96767324,0.00000409,37811561.00,2364209816,2364209819,1782869930353182,False,True
96767325,0.00000409,6963788.00,2364209820,2364209820,1782869931163008,True,True
96767326,0.00000409,822054.00,2364209821,2364209823,1782869931728235,False,True
96767327,0.00000409,6963788.00,2364209824,2364209824,1782869932390658,True,True
96767328,0.00000409,6963788.00,2364209825,2364209825,1782869936711473,True,True
96767329,0.00000410,469690625.00,2364209826,2364209835,1782869946394337,False,True
96767330,0.00000410,30000000.00,2364209836,2364209836,1782869954071736,True,True
96767331,0.00000410,6102135.00,2364209837,2364209837,1782869963366972,True,True
96767332,0.00000411,26761388.00,2364209838,2364209843,1782869968903282,False,True
96767333,0.00000411,1355932.00,2364209844,2364209844,1782869970846955,True,True
96767334,0.00000411,273278.00,2364209845,2364209845,1782869974253471,True,True
96767335,0.00000411,817626.00,2364209846,2364209848,1782869986228624,False,True
96767336,0.00000410,2806468.00,2364209849,2364209849,1782870000603401,True,True
96767337,0.00000410,9245008.00,2364209850,2364209853,1782870001303387,True,True
96767338,0.00000410,122622513.00,2364209854,2364209857,1782870003296902,False,True
96767339,0.00000410,319559859.00,2364209858,2364209859,1782870003300026,True,True
96767340,0.00000410,59572432.00,2364209860,2364209863,1782870007864384,False,True
96767341,0.00000411,728828818.00,2364209864,2364209867,1782870028796804,False,True
96767342,0.00000411,70657000.00,2364209868,2364209868,1782870064167565,True,True
96767343,0.00000412,42987032.00,2364209869,2364209881,1782870068778692,False,True
96767344,0.00000412,1215066000.00,2364209882,2364209882,1782870069204759,True,True
96767345,0.00000411,5458937.00,2364209883,2364209883,1782870071679311,True,True
96767346,0.00000411,1177422587.00,2364209884,2364209890,1782870186429993,False,True
96767347,0.00000411,805153.00,2364209891,2364209893,1782870231468356,False,True
96767348,0.00000411,3252924.00,2364209894,2364209897,1782870334353564,False,True
96767349,0.00000411,364166.00,2364209898,2364209899,1782870357147084,False,True
96767350,0.00000410,30000000.00,2364209900,2364209901,1782870408192784,True,True
96767351,0.00000410,117538000.00,2364209902,2364209905,1782870417906690,True,True
96767352,0.00000410,121951219.00,2364209906,2364209908,1782870467628577,True,True
96767353,0.00000410,21073000.00,2364209909,2364209910,1782870513833131,True,True
96767354,0.00000410,273556.00,2364209911,2364209912,1782870513930058,True,True
96767355,0.00000410,62360667.00,2364209913,2364209913,1782870518021730,False,True
96767356,0.00000410,122648158.00,2364209914,2364209916,1782870519931119,False,True
96767357,0.00000410,99463207.00,2364209917,2364209917,1782870519932625,False,True
96767358,0.00000410,23653000.00,2364209918,2364209919,1782870533603307,True,True
96767359,0.00000410,20800000.00,2364209920,2364209920,1782870545716033,True,True
96767360,0.00000410,110466000.00,2364209921,2364209923,1782870569491943,True,True
96767361,0.00000410,685.00,2364209924,2364209924,1782870569492159,True,True
96767362,0.00000410,20800000.00,2364209925,2364209925,1782870602205880,True,True
96767363,0.00000409,2189360.00,2364209926,2364209926,1782870670966645,True,True
96767364,0.00000409,683624.00,2364209927,2364209927,1782870671147944,True,True
96767365,0.00000410,50000000.00,2364209928,2364209932,1782870725358663,False,True
96767366,0.00000410,1216544.00,2364209933,2364209933,1782870762195113,False,True
96767367,0.00000410,12195121.00,2364209934,2364209934,1782870776931904,False,True
96767368,0.00000410,124978639.00,2364209935,2364209939,1782870789938140,False,True
96767369,0.00000410,216934675.00,2364209940,2364209942,1782870789939906,False,True
96767370,0.00000411,1216545.00,2364209943,2364209944,1782870791691529,False,True
96767371,0.00000411,467399624.00,2364209945,2364209947,1782870893697805,False,True
96767372,0.00000411,341618510.00,2364209948,2364209955,1782870903156991,False,True
96767373,0.00000411,273278.00,2364209956,2364209956,1782870904503346,True,True
96767374,0.00000411,186846613.00,2364209957,2364209961,1782870912877866,False,True
96767375,0.00000412,5009999.00,2364209962,2364209962,1782870958496148,False,True
96767376,0.00000411,39785202.00,2364209963,2364209963,1782871023018105,True,True
96767377,0.00000411,50000000.00,2364209964,2364209964,1782871056179177,True,True
96767378,0.00000412,1831502.00,2364209965,2364209965,1782871058340644,False,True
96767379,0.00000411,24816000.00,2364209966,2364209968,1782871095427437,True,True
96767380,0.00000411,20800000.00,2364209969,2364209970,1782871095437676,True,True
96767381,0.00000411,990.00,2364209971,2364209971,1782871095438853,True,True
96767382,0.00000411,2433090.00,2364209972,2364209972,1782871143434978,False,True
96767383,0.00000411,20800000.00,2364209973,2364209973,1782871171701259,True,True
96767384,0.00000411,2433090.00,2364209974,2364209974,1782871186339720,True,True
96767385,0.00000411,121125642.00,2364209975,2364209976,1782871197459934,True,True
96767386,0.00000411,5842648.00,2364209977,2364209977,1782871205505547,True,True
96767387,0.00000411,145986803.00,2364209978,2364209981,1782871327080578,True,True
96767388,0.00000411,10137128.00,2364209982,2364209984,1782871344736131,False,True
96767389,0.00000411,1273725.00,2364209985,2364209985,1782871386690735,True,True
96767390,0.00000411,9732360.00,2364209986,2364209986,1782871390456587,True,True
96767391,0.00000411,16272000.00,2364209987,2364209988,1782871497817957,True,True
96767392,0.00000411,542.00,2364209989,2364209989,1782871497819489,True,True
96767393,0.00000411,14834952.00,2364209990,2364209992,1782871530516643,False,True
96767394,0.00000411,5009999.00,2364209993,2364209993,1782871548077742,False,True
96767395,0.00000410,1257648.00,2364209994,2364209994,1782871627886631,True,True
96767396,0.00000411,145161291.00,2364209995,2364209997,1782871630520121,False,True
96767397,0.00000410,3226491.00,2364209998,2364209998,1782871633221390,True,True
96767398,0.00000410,2319578.00,2364209999,2364209999,1782871638079689,True,True
96767399,0.00000410,48970587.00,2364210000,2364210000,1782871650515791,True,True
96767400,0.00000410,70006988.00,2364210001,2364210003,1782871654158891,True,True
96767401,0.00000410,188770936.00,2364210004,2364210004,1782871655659089,True,True
96767402,0.00000411,334806.00,2364210005,2364210005,1782871682397338,False,True
96767403,0.00000411,45515815.00,2364210006,2364210006,1782871682560027,False,True
96767404,0.00000410,632052.00,2364210007,2364210007,1782871694820416,True,True
96767405,0.00000411,20510948.00,2364210008,2364210008,1782871761029848,False,True
96767406,0.00000411,1240875.00,2364210009,2364210009,1782871769386612,False,True
96767407,0.00000411,365409.00,2364210010,2364210011,1782871833317230,False,True
96767408,0.00000411,365409.00,2364210012,2364210013,1782871833317235,False,True
96767409,0.00000411,365409.00,2364210014,2364210014,1782871833317359,False,True
96767410,0.00000411,48721072.00,2364210015,2364210015,1782871834095932,False,True
96767411,0.00000411,98174697.00,2364210016,2364210018,1782871834096005,False,True
96767412,0.00000411,273278.00,2364210019,2364210019,1782871834096008,False,True
96767413,0.00000411,25009000.00,2364210020,2364210023,1782871921013640,False,True
96767414,0.00000411,150.00,2364210024,2364210024,1782871921015535,False,True
96767415,0.00000412,423496504.00,2364210025,2364210027,1782871983102863,False,True
96767416,0.00000412,520661424.00,2364210028,2364210031,1782871991070075,False,True
96767417,0.00000412,818362.00,2364210032,2364210034,1782871991071895,False,True
96767418,0.00000412,1146865.00,2364210035,2364210035,1782871999875232,True,True
96767419,0.00000412,496558.00,2364210036,2364210036,1782872000095567,True,True
96767420,0.00000412,183617.00,2364210037,2364210037,1782872000103380,True,True
96767421,0.00000412,57792000.00,2364210038,2364210039,1782872002840269,True,True
96767422,0.00000412,15102000.00,2364210040,2364210040,1782872002841854,True,True
96767423,0.00000412,939.00,2364210041,2364210041,1782872002843212,True,True
96767424,0.00000412,460966.00,2364210042,2364210042,1782872016851235,False,True
96767425,0.00000411,485436.00,2364210043,2364210043,1782872035945797,True,True
96767426,0.00000412,10000000.00,2364210044,2364210044,1782872059409500,False,True
96767427,0.00000413,20714285.00,2364210045,2364210045,1782872164745195,False,True
96767428,0.00000413,1696970.00,2364210046,2364210048,1782872280176358,False,True
96767429,0.00000413,1234866.00,2364210049,2364210049,1782872316323079,False,True
96767430,0.00000413,2421307.00,2364210050,2364210054,1782872318494654,False,True
96767431,0.00000413,244552.00,2364210055,2364210055,1782872457404110,False,True
96767432,0.00000413,5000000.00,2364210056,2364210056,1782872469989871,False,True
96767433,0.00000412,1694915.00,2364210057,2364210057,1782872480070690,True,True
96767434,0.00000413,115665000.00,2364210058,2364210060,1782872490671942,False,True
96767435,0.00000413,543880.00,2364210061,2364210063,1782872490834834,False,True
96767436,0.00000413,658199.00,2364210064,2364210064,1782872494136312,True,True
96767437,0.00000413,30000000.00,2364210065,2364210065,1782872494691310,True,True
96767438,0.00000413,30000000.00,2364210066,2364210066,1782872571410323,True,True
96767439,0.00000414,503802000.00,2364210067,2364210076,1782872633643553,False,True
96767440,0.00000414,21615427.00,2364210077,2364210080,1782872633652466,False,True
96767441,0.00000414,30523757.00,2364210081,2364210084,1782872634353531,True,True
96767442,0.00000413,1416087.00,2364210085,2364210085,1782872634772478,True,True
96767443,0.00000413,740555.00,2364210086,2364210086,1782872634998019,True,True
96767444,0.00000413,849489.00,2364210087,2364210087,1782872635611357,True,True
96767445,0.00000414,811071.00,2364210088,2364210090,1782872638538726,False,True
96767446,0.00000414,271081.00,2364210091,2364210091,1782872639402983,True,True
96767447,0.00000414,3854962.00,2364210092,2364210094,1782872739471616,False,True
96767448,0.00000413,30000000.00,2364210095,2364210095,1782872770209145,True,True
96767449,0.00000413,18629977.00,2364210096,2364210100,1782872771128703,True,True
96767450,0.00000413,813243.00,2364210101,2364210103,1782872788969768,False,True
96767451,0.00000414,7306757.00,2364210104,2364210104,1782872788969768,False,True
96767452,0.00000414,79108729.00,2364210105,2364210108,1782872938286988,False,True
96767453,0.00000414,385279.00,2364210109,2364210109,1782873019121153,False,True
96767454,0.00000414,1248750.00,2364210110,2364210110,1782873034528774,False,True
96767455,0.00000414,2084866.00,2364210111,2364210112,1782873044228292,True,True
96767456,0.00000414,95989592.00,2364210113,2364210116,1782873070037165,True,True
96767457,0.00000414,160000000.00,2364210117,2364210119,1782873098153894,True,True
96767458,0.00000414,811071.00,2364210120,2364210122,1782873111553184,True,True
96767459,0.00000414,243961.00,2364210123,2364210123,1782873138718064,False,True
96767460,0.00000414,15000000.00,2364210124,2364210124,1782873159707569,True,True
96767461,0.00000414,29913663.00,2364210125,2364210128,1782873182228271,True,True
96767462,0.00000413,483091.00,2364210129,2364210129,1782873193809687,True,True
96767463,0.00000414,13417252.00,2364210130,2364210130,1782873237453724,False,True
96767464,0.00000414,811071.00,2364210131,2364210133,1782873242403150,False,True
96767465,0.00000414,13205989.00,2364210134,2364210134,1782873295816735,True,True
96767466,0.00000415,418755412.00,2364210135,2364210143,1782873387121082,False,True
96767467,0.00000415,881053.00,2364210144,2364210144,1782873392143148,True,True
96767468,0.00000416,50000000.00,2364210145,2364210145,1782873399752157,False,True
96767469,0.00000415,660819433.00,2364210146,2364210150,1782873421845179,True,True
96767470,0.00000414,20714285.00,2364210151,2364210151,1782873477635372,True,True
96767471,0.00000415,808908.00,2364210152,2364210154,1782873490849162,False,True
96767472,0.00000415,296278.00,2364210155,2364210156,1782873494320210,True,True
96767473,0.00000416,312225.00,2364210157,2364210157,1782873494320907,False,True
96767474,0.00000416,6009615.00,2364210158,2364210158,1782873541349759,False,True
96767475,0.00000415,1393765.00,2364210159,2364210159,1782873617220650,True,True
96767476,0.00000415,62510274.00,2364210160,2364210163,1782873621918219,True,True
96767477,0.00000415,350203856.00,2364210164,2364210165,1782873621918464,True,True
96767478,0.00000415,59260000.00,2364210166,2364210166,1782873621920123,True,True
96767479,0.00000415,269636.00,2364210167,2364210167,1782873621920730,True,True
96767480,0.00000415,104095000.00,2364210168,2364210170,1782873633480693,True,True
96767481,0.00000415,100.00,2364210171,2364210171,1782873633485614,True,True
96767482,0.00000415,121754000.00,2364210172,2364210175,1782873681020991,False,True
96767483,0.00000416,7211538.00,2364210176,2364210176,1782873726751704,False,True
96767484,0.00000415,1682692.00,2364210177,2364210178,1782873767175592,True,True
96767485,0.00000416,33238718.00,2364210179,2364210179,1782873793594227,False,True
96767486,0.00000416,1357711.00,2364210180,2364210182,1782873871544407,False,True
96767487,0.00000416,44724000.00,2364210183,2364210194,1782873887269375,False,True
96767488,0.00000416,139054647.00,2364210195,2364210197,1782873895479948,True,True
96767489,0.00000415,101827814.00,2364210198,2364210198,1782873895479948,True,True
96767490,0.00000416,21606760.00,2364210199,2364210202,1782873895903376,False,True
96767491,0.00000416,761017.00,2364210203,2364210203,1782873991898106,False,True
96767492,0.00000415,361011.00,2364210204,2364210205,1782874029029706,True,True
96767493,0.00000415,361011.00,2364210206,2364210207,1782874029029774,True,True
96767494,0.00000415,361011.00,2364210208,2364210208,1782874029029886,True,True
96767495,0.00000415,196185000.00,2364210209,2364210211,1782874029838124,True,True
96767496,0.00000415,540154.00,2364210212,2364210214,1782874029853334,True,True
96767497,0.00000415,3392000.00,2364210215,2364210217,1782874054396176,False,True
96767498,0.00000415,665.00,2364210218,2364210218,1782874054398033,False,True
96767499,0.00000415,75029000.00,2364210219,2364210221,1782874071880698,True,True
96767500,0.00000415,809629.00,2364210222,2364210224,1782874071953330,True,True
96767501,0.00000415,1157828489.00,2364210225,2364210238,1782874094102485,False,True
96767502,0.00000415,377627740.00,2364210239,2364210241,1782874094150776,True,True
96767503,0.00000416,30087410.00,2364210242,2364210242,1782874094621361,False,True
96767504,0.00000415,13793563.00,2364210243,2364210247,1782874340453112,True,True
96767505,0.00000415,1136319.00,2364210248,2364210248,1782874398885028,True,True
96767506,0.00000416,392289.00,2364210249,2364210249,1782874405535975,False,True
96767507,0.00000415,29530111.00,2364210250,2364210253,1782874474978422,True,True
96767508,0.00000415,515871213.00,2364210254,2364210259,1782874662630800,True,True
96767509,0.00000415,998000.00,2364210260,2364210260,1782874705609221,True,True
96767510,0.00000415,367279411.00,2364210261,2364210261,1782874850422896,True,True
96767511,0.00000415,499500.00,2364210262,2364210262,1782874857743998,True,True
96767512,0.00000416,101167152.00,2364210263,2364210267,1782874859197732,False,True
96767513,0.00000416,45975384.00,2364210268,2364210268,1782874869783439,False,True
96767514,0.00000416,480769.00,2364210269,2364210269,1782874873406683,False,True
96767515,0.00000415,10843373.00,2364210270,2364210274,1782874892867766,True,True
96767516,0.00000415,242901.00,2364210275,2364210275,1782874898795292,False,True
96767517,0.00000415,120850000.00,2364210276,2364210278,1782874911809024,True,True
96767518,0.00000415,201.00,2364210279,2364210279,1782874911823113,True,True
96767519,0.00000415,242901.00,2364210280,2364210280,1782874920220891,False,True
96767520,0.00000415,8996878.00,2364210281,2364210281,1782874977052662,True,True
96767521,0.00000415,27930000.00,2364210282,2364210284,1782874978012282,True,True
96767522,0.00000415,17.00,2364210285,2364210285,1782874978013881,True,True
96767523,0.00000415,242901.00,2364210286,2364210286,1782874980095850,False,True
96767524,0.00000415,205730399.00,2364210287,2364210291,1782874993131090,True,True
96767525,0.00000415,242901.00,2364210292,2364210292,1782875060660138,False,True
96767526,0.00000416,117747387.00,2364210293,2364210293,1782875062362785,False,True
96767527,0.00000416,20769230.00,2364210294,2364210294,1782875163697169,False,True
96767528,0.00000416,15812993.00,2364210295,2364210299,1782875184603257,False,True
96767529,0.00000416,60000000.00,2364210300,2364210303,1782875190732759,True,True
96767530,0.00000416,16985294.00,2364210304,2364210304,1782875200622622,True,True
96767531,0.00000417,50000000.00,2364210305,2364210307,1782875217156565,False,True
96767532,0.00000416,569032.00,2364210308,2364210308,1782875229326040,True,True
96767533,0.00000416,653882.00,2364210309,2364210309,1782875244415993,True,True
96767534,0.00000416,1143659.00,2364210310,2364210310,1782875294420407,True,True
96767535,0.00000416,299043392.00,2364210311,2364210316,1782875581547092,False,True
96767536,0.00000416,24038461.00,2364210317,2364210317,1782875584765133,False,True
96767537,0.00000416,6756571.00,2364210318,2364210318,1782875710162483,False,True
96767538,0.00000416,13057443.00,2364210319,2364210319,1782875746580029,False,True
96767539,0.00000416,3918853.00,2364210320,2364210320,1782875747646448,False,True
96767540,0.00000415,2100722.00,2364210321,2364210322,1782875763873433,True,True
96767541,0.00000415,3316000.00,2364210323,2364210328,1782875788304144,True,True
96767542,0.00000415,28870674.00,2364210329,2364210333,1782875812228464,False,True
96767543,0.00000415,59251134.00,2364210334,2364210336,1782875821462425,True,True
96767544,0.00000415,61887000.00,2364210337,2364210338,1782875821621841,True,True
96767545,0.00000415,261667.00,2364210339,2364210339,1782875827030329,False,True
96767546,0.00000415,185247000.00,2364210340,2364210343,1782875854764489,True,True
96767547,0.00000415,81.00,2364210344,2364210344,1782875854766638,True,True
96767548,0.00000415,240963855.00,2364210345,2364210351,1782875894933369,False,True
96767549,0.00000414,210663568.00,2364210352,2364210353,1782875916463107,True,True
96767550,0.00000414,14033000.00,2364210354,2364210360,1782876015229995,True,True
96767551,0.00000414,3.00,2364210361,2364210361,1782876015231106,True,True
96767552,0.00000414,1072738.00,2364210362,2364210365,1782876020528280,False,True
96767553,0.00000414,1014078931.00,2364210366,2364210369,1782876342564275,True,True
96767554,0.00000414,36013248.00,2364210370,2364210370,1782876342575182,True,True
96767555,0.00000415,265176.00,2364210371,2364210371,1782876408060570,False,True
96767556,0.00000415,133136596.00,2364210372,2364210372,1782876461684089,False,True
96767557,0.00000415,2409638.00,2364210373,2364210373,1782876466166345,False,True
96767558,0.00000415,29672168.00,2364210374,2364210374,1782876469119719,False,True
96767559,0.00000414,1494109.00,2364210375,2364210375,1782876493921660,True,True
96767560,0.00000415,1809409.00,2364210376,2364210378,1782876508144084,False,True
96767561,0.00000415,737796.00,2364210379,2364210379,1782876512448299,False,True
96767562,0.00000415,1371848.00,2364210380,2364210380,1782876519957370,False,True
96767563,0.00000415,50000000.00,2364210381,2364210381,1782876535123508,False,True
96767564,0.00000414,3623188.00,2364210382,2364210382,1782876537011826,True,True
96767565,0.00000414,39213425.00,2364210383,2364210383,1782876579944224,True,True
96767566,0.00000414,24545454.00,2364210384,2364210384,1782876607280740,True,True
96767567,0.00000415,316154.00,2364210385,2364210385,1782876618920642,False,True
96767568,0.00000414,48731706.00,2364210386,2364210386,1782876628319670,True,True
96767569,0.00000415,530664.00,2364210387,2364210387,1782876764787341,False,True
96767570,0.00000414,3623188.00,2364210388,2364210389,1782876781046886,True,True
96767571,0.00000414,88701379.00,2364210390,2364210390,1782876784053414,True,True
96767572,0.00000414,27220998.00,2364210391,2364210391,1782876790267112,True,True
96767573,0.00000415,18533000.00,2364210392,2364210392,1782876933302781,False,True
96767574,0.00000415,194523000.00,2364210393,2364210403,1782876933305361,False,True
96767575,0.00000415,19344784.00,2364210404,2364210409,1782876933353503,False,True
96767576,0.00000415,1445783.00,2364210410,2364210411,1782876943524983,True,True
96767577,0.00000415,1809409.00,2364210412,2364210412,1782876945220499,True,True
96767578,0.00000415,29368607.00,2364210413,2364210417,1782876978046687,False,True
96767579,0.00000416,127636000.00,2364210418,2364210420,1782876993720988,False,True
96767580,0.00000416,287.00,2364210421,2364210421,1782876993733568,False,True
96767581,0.00000416,265739000.00,2364210422,2364210426,1782876994113626,True,True
96767582,0.00000416,301971.00,2364210427,2364210427,1782876996403712,False,True
96767583,0.00000416,301971.00,2364210428,2364210428,1782876998862702,True,True
96767584,0.00000416,27012409.00,2364210429,2364210429,1782877002130958,False,True
96767585,0.00000416,27012409.00,2364210430,2364210430,1782877002273789,False,True
96767586,0.00000416,301971.00,2364210431,2364210431,1782877002277995,False,True
96767587,0.00000417,71188000.00,2364210432,2364210441,1782877027077045,False,True
96767588,0.00000417,539182.00,2364210442,2364210444,1782877027083464,False,True
96767589,0.00000418,21928091.00,2364210445,2364210445,1782877027083464,False,True
96767590,0.00000418,5702007.00,2364210446,2364210452,1782877028928993,False,True
96767591,0.00000418,30000000.00,2364210453,2364210453,1782877030562135,True,True
96767592,0.00000418,1989908.00,2364210454,2364210454,1782877032224223,True,True
96767593,0.00000418,302526.00,2364210455,2364210455,1782877034820125,True,True
96767594,0.00000417,20769230.00,2364210456,2364210456,1782877035352567,True,True
96767595,0.00000417,366173.00,2364210457,2364210457,1782877041474718,True,True
96767596,0.00000418,9700004.00,2364210458,2364210461,1782877042596184,False,True
96767597,0.00000418,383033000.00,2364210462,2364210462,1782877043919126,False,True
96767598,0.00000418,540000000.00,2364210463,2364210463,1782877043920612,False,True
96767599,0.00000418,540000000.00,2364210464,2364210464,1782877043920756,False,True
96767600,0.00000418,1080000000.00,2364210465,2364210465,1782877043921144,False,True
96767601,0.00000418,427826000.00,2364210466,2364210466,1782877043921414,False,True
96767602,0.00000418,1080000000.00,2364210467,2364210469,1782877043922394,False,True
96767603,0.00000418,536881.00,2364210470,2364210472,1782877043938731,False,True
96767604,0.00000419,335519119.00,2364210473,2364210485,1782877043938731,False,True
96767605,0.00000419,274417000.00,2364210486,2364210487,1782877043938745,False,True
96767606,0.00000419,143585000.00,2364210488,2364210488,1782877043940080,False,True
96767607,0.00000419,63944000.00,2364210489,2364210489,1782877043941602,False,True
96767608,0.00000419,141280000.00,2364210490,2364210490,1782877043941615,False,True
96767609,0.00000418,377132.00,2364210491,2364210491,1782877043968354,True,True
96767610,0.00000418,388567.00,2364210492,2364210492,1782877046133305,True,True
96767611,0.00000418,570733.00,2364210493,2364210494,1782877049153189,True,True
96767612,0.00000418,1105017.00,2364210495,2364210498,1782877050503404,False,True
96767613,0.00000418,302526.00,2364210499,2364210499,1782877052603223,True,True
96767614,0.00000418,1105017.00,2364210500,2364210503,1782877053078122,False,True
96767615,0.00000418,120063005.00,2364210504,2364210505,1782877058832713,True,True
96767616,0.00000417,115102000.00,2364210506,2364210511,1782877093626901,True,True
96767617,0.00000417,1239919.00,2364210512,2364210512,1782877093963007,False,True
96767618,0.00000417,1107147.00,2364210513,2364210516,1782877097653355,False,True
96767619,0.00000417,303252.00,2364210517,2364210517,1782877098303279,True,True
96767620,0.00000417,1107873.00,2364210518,2364210521,1782877098653597,False,True
96767621,0.00000417,303252.00,2364210522,2364210522,1782877101653483,True,True
96767622,0.00000417,1107873.00,2364210523,2364210526,1782877152005875,False,True
96767623,0.00000417,3563247.00,2364210527,2364210528,1782877157009980,True,True
96767624,0.00000417,30000000.00,2364210529,2364210529,1782877177003280,True,True
96767625,0.00000417,1108941.00,2364210530,2364210533,1782877222378601,False,True
96767626,0.00000417,206501000.00,2364210534,2364210535,1782877247205274,True,True
96767627,0.00000417,300.00,2364210536,2364210536,1782877247206522,True,True
96767628,0.00000417,1796407.00,2364210537,2364210537,1782877247215378,False,True
96767629,0.00000416,480769.00,2364210538,2364210538,1782877302227587,True,True
96767630,0.00000417,1680672.00,2364210539,2364210542,1782877354586680,False,True
96767631,0.00000417,12952623.00,2364210543,2364210543,1782877367547540,False,True
96767632,0.00000417,5405975.00,2364210544,2364210548,1782877598153410,False,True
96767633,0.00000418,56989000.00,2364210549,2364210550,1782877627279654,True,True
96767634,0.00000418,60418000.00,2364210551,2364210551,1782877629504899,True,True
96767635,0.00000418,268933.00,2364210552,2364210553,1782877630028175,True,True
96767636,0.00000418,27803351.00,2364210554,2364210556,1782877638327987,True,True
96767637,0.00000418,268207.00,2364210557,2364210557,1782877675551271,True,True
96767638,0.00000417,9592326.00,2364210558,2364210558,1782877695897552,True,True
96767639,0.00000417,50000000.00,2364210559,2364210559,1782877750062087,True,True
96767640,0.00000417,84725536.00,2364210560,2364210561,1782877761198981,True,True
96767641,0.00000418,1584787.00,2364210562,2364210562,1782877796032567,False,True
96767642,0.00000418,30000000.00,2364210563,2364210563,1782877806562614,False,True
96767643,0.00000417,735000.00,2364210564,2364210564,1782877829480581,True,True
96767644,0.00000418,25000000.00,2364210565,2364210566,1782877856030322,True,True
96767645,0.00000419,40000000.00,2364210567,2364210568,1782877856519036,False,True
96767646,0.00000418,2063904.00,2364210569,2364210570,1782877869053146,True,True
96767647,0.00000418,2393664.00,2364210571,2364210571,1782877878594593,True,True
96767648,0.00000418,73742000.00,2364210572,2364210573,1782877914398696,True,True
96767649,0.00000418,856453.00,2364210574,2364210574,1782877920165592,True,True
96767650,0.00000419,7089117.00,2364210575,2364210580,1782877970039437,False,True
96767651,0.00000419,126498000.00,2364210581,2364210581,1782877970062663,True,True
96767652,0.00000419,334.00,2364210582,2364210582,1782877970065602,True,True
96767653,0.00000418,1098663.00,2364210583,2364210583,1782877970216344,True,True
96767654,0.00000418,431526.00,2364210584,2364210584,1782878002547242,True,True
96767655,0.00000418,480288.00,2364210585,2364210585,1782878008504105,True,True
96767656,0.00000419,802491.00,2364210586,2364210588,1782878077239770,False,True
96767657,0.00000419,662830.00,2364210589,2364210589,1782878077349704,True,True
96767658,0.00000420,25000000.00,2364210590,2364210598,1782878085688883,False,True
96767659,0.00000420,142920696.00,2364210599,2364210599,1782878119222803,False,True
96767660,0.00000420,91192901.00,2364210600,2364210607,1782878119222808,False,True
96767661,0.00000420,28458000.00,2364210608,2364210610,1782878119454040,True,True
96767662,0.00000420,713.00,2364210611,2364210611,1782878119455961,True,True
96767663,0.00000419,2293400.00,2364210612,2364210612,1782878120699703,True,True
96767664,0.00000419,4000000.00,2364210613,2364210613,1782878228273069,True,True
96767665,0.00000419,9402301.00,2364210614,2364210614,1782878262945529,True,True
96767666,0.00000419,24247572.00,2364210615,2364210615,1782878314621297,True,True
96767667,0.00000419,1193318.00,2364210616,2364210616,1782878425927437,True,True
96767668,0.00000419,159092000.00,2364210617,2364210623,1782878454250824,True,True
96767669,0.00000419,800376.00,2364210624,2364210626,1782878454803092,True,True
96767670,0.00000419,324672.00,2364210627,2364210628,1782878518579093,False,True
96767671,0.00000419,789890.00,2364210629,2364210631,1782878644338784,False,True
96767672,0.00000419,2846000.00,2364210632,2364210634,1782878672890768,False,True
96767673,0.00000419,267603.00,2364210635,2364210636,1782878672899826,False,True
96767674,0.00000420,6656248.00,2364210637,2364210637,1782878756557175,False,True
96767675,0.00000419,5355450.00,2364210638,2364210638,1782878758705726,True,True
96767676,0.00000419,1327014.00,2364210639,2364210639,1782878758712979,True,True
96767677,0.00000420,520009.00,2364210640,2364210640,1782878773819903,False,True
96767678,0.00000419,394154.00,2364210641,2364210641,1782878773821808,True,True
96767679,0.00000420,59523809.00,2364210642,2364210642,1782878813383599,False,True
96767680,0.00000419,1189984.00,2364210643,2364210643,1782878820354732,True,True
96767681,0.00000419,42735046.00,2364210644,2364210644,1782878828379622,True,True
96767682,0.00000420,476190.00,2364210645,2364210645,1782878830080831,False,True
96767683,0.00000419,1215943.00,2364210646,2364210646,1782878894120339,True,True
96767684,0.00000420,131339281.00,2364210647,2364210652,1782878936272989,False,True
96767685,0.00000420,1668653.00,2364210653,2364210653,1782878950217530,False,True
96767686,0.00000420,30000000.00,2364210654,2364210654,1782879018576792,False,True
96767687,0.00000419,20510948.00,2364210655,2364210655,1782879020604196,True,True
96767688,0.00000420,8120000.00,2364210656,2364210656,1782879077098715,False,True
96767689,0.00000420,949869691.00,2364210657,2364210668,1782879199721533,False,True
96767690,0.00000419,116997452.00,2364210669,2364210670,1782879208081826,True,True
96767691,0.00000420,50493073.00,2364210671,2364210671,1782879217777174,False,True
96767692,0.00000419,14589514.00,2364210672,2364210672,1782879222113918,True,True
96767693,0.00000419,1186016.00,2364210673,2364210673,1782879248500228,True,True
96767694,0.00000419,1670644.00,2364210674,2364210674,1782879254792246,True,True
96767695,0.00000419,956573106.00,2364210675,2364210682,1782879269693010,True,True
96767696,0.00000419,238857000.00,2364210683,2364210684,1782879270104502,True,True
96767697,0.00000418,999362402.00,2364210685,2364210687,1782879277879162,True,True
96767698,0.00000419,1000000.00,2364210688,2364210688,1782879319727515,False,True
96767699,0.00000419,461792981.00,2364210689,2364210692,1782879346036326,False,True
96767700,0.00000419,478287.00,2364210693,2364210693,1782879348091893,True,True
96767701,0.00000419,475714.00,2364210694,2364210694,1782879478560444,True,True
96767702,0.00000420,1787843.00,2364210695,2364210695,1782879485652278,False,True
96767703,0.00000420,5645127.00,2364210696,2364210701,1782879709062130,False,True
96767704,0.00000421,1179073.00,2364210702,2364210704,1782879709062130,False,True
96767705,0.00000421,475059.00,2364210705,2364210706,1782879717280619,False,True
96767706,0.00000420,15831000.00,2364210707,2364210711,1782879892715784,True,True
96767707,0.00000420,843.00,2364210712,2364210712,1782879892717486,True,True
96767708,0.00000419,1666666.00,2364210713,2364210713,1782879992276511,True,True
96767709,0.00000420,3809000.00,2364210714,2364210716,1782880017746531,False,True
96767710,0.00000420,3809000.00,2364210717,2364210717,1782880017746635,False,True
96767711,0.00000420,23039000.00,2364210718,2364210719,1782880017748482,False,True
96767712,0.00000420,534470.00,2364210720,2364210722,1782880018438374,False,True
96767713,0.00000421,2353530.00,2364210723,2364210724,1782880018438374,False,True
96767714,0.00000421,3809000.00,2364210725,2364210725,1782880018438385,False,True
96767715,0.00000421,3809000.00,2364210726,2364210727,1782880018438826,False,True
96767716,0.00000421,2888000.00,2364210728,2364210728,1782880018438829,False,True
96767717,0.00000421,40213776.00,2364210729,2364210729,1782880037015210,False,True
96767718,0.00000420,291048.00,2364210730,2364210730,1782880045905411,True,True
96767719,0.00000420,15792811.00,2364210731,2364210732,1782880365993541,True,True
96767720,0.00000420,1783591.00,2364210733,2364210733,1782880441077848,True,True
96767721,0.00000419,4932777.00,2364210734,2364210734,1782880623013850,True,True
96767722,0.00000419,16393442.00,2364210735,2364210735,1782880646131423,True,True
96767723,0.00000419,2386634.00,2364210736,2364210736,1782880659255305,True,True
96767724,0.00000419,1155230.00,2364210737,2364210737,1782880674901439,True,True
96767725,0.00000419,19199829.00,2364210738,2364210738,1782880738501169,True,True
96767726,0.00000419,19874004.00,2364210739,2364210740,1782880756717779,True,True
96767727,0.00000419,1670644.00,2364210741,2364210741,1782880766183227,True,True
96767728,0.00000419,567157161.00,2364210742,2364210748,1782880768113566,True,True
96767729,0.00000420,289277.00,2364210749,2364210750,1782880817120713,False,True
96767730,0.00000419,569047619.00,2364210751,2364210752,1782880880495463,True,True
96767731,0.00000420,64674000.00,2364210753,2364210758,1782880940307672,False,True
96767732,0.00000420,266361.00,2364210759,2364210760,1782880940309341,False,True
96767733,0.00000420,59831000.00,2364210761,2364210763,1782880968780458,False,True
96767734,0.00000421,30000000.00,2364210764,2364210764,1782880994766869,False,True
96767735,0.00000420,1787843.00,2364210765,2364210765,1782880996658157,True,True
96767736,0.00000420,50000000.00,2364210766,2364210766,1782881017897795,True,True
96767737,0.00000421,34145946.00,2364210767,2364210767,1782881028433041,False,True
96767738,0.00000421,585004202.00,2364210768,2364210781,1782881149689205,False,True
96767739,0.00000421,197279000.00,2364210782,2364210786,1782881176272007,True,True
96767740,0.00000421,96565790.00,2364210787,2364210787,1782881176309689,False,True
96767741,0.00000421,796176.00,2364210788,2364210790,1782881179653503,False,True
96767742,0.00000421,796176.00,2364210791,2364210793,1782881211603634,False,True
96767743,0.00000421,187356925.00,2364210794,2364210797,1782881237640924,False,True
96767744,0.00000420,474584.00,2364210798,2364210798,1782881240811740,True,True
96767745,0.00000421,92185410.00,2364210799,2364210801,1782881246289934,False,True
96767746,0.00000420,5596315.00,2364210802,2364210802,1782881305458619,True,True
96767747,0.00000421,798270.00,2364210803,2364210805,1782881311403204,False,True
96767748,0.00000421,743135339.00,2364210806,2364210809,1782881331213243,True,True
96767749,0.00000420,1662707.00,2364210810,2364210810,1782881413136950,True,True
96767750,0.00000421,830155174.00,2364210811,2364210815,1782881560183598,False,True
96767751,0.00000421,1783591.00,2364210816,2364210816,1782881883796762,False,True
96767752,0.00000420,229613717.00,2364210817,2364210821,1782881911186317,True,True
96767753,0.00000420,1666666.00,2364210822,2364210822,1782881938660822,True,True
96767754,0.00000421,88197011.00,2364210823,2364210823,1782882022040204,False,True
96767755,0.00000420,4131424000.00,2364210824,2364210842,1782882055506290,True,True
96767756,0.00000420,266909.00,2364210843,2364210844,1782882055506389,True,True
96767757,0.00000419,149584613.00,2364210845,2364210845,1782882055506389,True,True
96767758,0.00000420,58884865.00,2364210846,2364210850,1782882055584856,False,True
96767759,0.00000420,24465558.00,2364210851,2364210851,1782882055586098,True,True
96767760,0.00000420,24465558.00,2364210852,2364210852,1782882055586319,True,True
96767761,0.00000420,35629453.00,2364210853,2364210853,1782882055587024,True,True
96767762,0.00000420,61904760.00,2364210854,2364210854,1782882055587313,True,True
96767763,0.00000420,39444385.00,2364210855,2364210858,1782882055587684,True,True
96767764,0.00000419,22460375.00,2364210859,2364210859,1782882055587684,True,True
96767765,0.00000420,48931000.00,2364210860,2364210860,1782882055589095,False,True
96767766,0.00000420,112131314.00,2364210861,2364210861,1782882055589130,False,True
96767767,0.00000420,798270.00,2364210862,2364210864,1782882055590092,False,True
96767768,0.00000420,171600000.00,2364210865,2364210865,1782882055651808,True,True
96767769,0.00000420,13777534.00,2364210866,2364210867,1782882055753910,True,True
96767770,0.00000420,410022689.00,2364210868,2364210871,1782882055757480,False,True
96767771,0.00000420,12433334.00,2364210872,2364210872,1782882055762811,True,True
96767772,0.00000420,70510249.00,2364210873,2364210875,1782882056072729,True,True
96767773,0.00000419,28098457.00,2364210876,2364210876,1782882056072729,True,True
96767774,0.00000420,56337000.00,2364210877,2364210877,1782882056077343,False,True
96767775,0.00000420,2938000.00,2364210878,2364210882,1782882056935202,False,True
96767776,0.00000420,108.00,2364210883,2364210883,1782882056936568,False,True
96767777,0.00000420,29651615.00,2364210884,2364210884,1782882060572259,True,True
96767778,0.00000420,53984880.00,2364210885,2364210889,1782882061648072,True,True
96767779,0.00000420,41181003.00,2364210890,2364210890,1782882061773444,True,True
96767780,0.00000420,19930847.00,2364210891,2364210893,1782882064905981,True,True
96767781,0.00000420,29795319.00,2364210894,2364210894,1782882065231333,True,True
96767782,0.00000420,53984880.00,2364210895,2364210895,1782882065233880,True,True
96767783,0.00000420,26992440.00,2364210896,2364210897,1782882065536637,True,True
96767784,0.00000420,63594000.00,2364210898,2364210903,1782882119305597,False,True
96767785,0.00000420,650.00,2364210904,2364210904,1782882119307468,False,True
96767786,0.00000420,109670715.00,2364210905,2364210908,1782882223028597,False,True
96767787,0.00000420,476190.00,2364210909,2364210909,1782882228844113,False,True
96767788,0.00000420,30000000.00,2364210910,2364210910,1782882245303293,True,True
96767789,0.00000420,26343000.00,2364210911,2364210912,1782882245925063,True,True
96767790,0.00000420,8143159.00,2364210913,2364210913,1782882362469981,True,True
96767791,0.00000420,22342857.00,2364210914,2364210914,1782882388777036,True,True
96767792,0.00000420,72356000.00,2364210915,2364210917,1782882389958275,False,True
96767793,0.00000420,323769594.00,2364210918,2364210920,1782882418155974,True,True
96767794,0.00000419,11856619.00,2364210921,2364210921,1782882429044510,True,True
96767795,0.00000419,3102625.00,2364210922,2364210922,1782882488127600,True,True
96767796,0.00000420,3569992.00,2364210923,2364210923,1782882504686827,False,True
96767797,0.00000419,50000000.00,2364210924,2364210925,1782882641842035,True,True
96767798,0.00000419,38377404.00,2364210926,2364210926,1782882690428583,True,True
96767799,0.00000419,35999428.00,2364210927,2364210927,1782882691888084,True,True
96767800,0.00000420,3674845.00,2364210928,2364210928,1782882726731357,False,True
96767801,0.00000419,375593.00,2364210929,2364210929,1782882734121075,True,True
96767802,0.00000420,334512.00,2364210930,2364210930,1782882734127299,False,True
96767803,0.00000419,21804404.00,2364210931,2364210931,1782882783581046,True,True
96767804,0.00000419,2583785.00,2364210932,2364210932,1782882785847751,True,True
96767805,0.00000419,2386634.00,2364210933,2364210933,1782882818969968,True,True
96767806,0.00000419,23361144.00,2364210934,2364210934,1782883036971440,True,True
96767807,0.00000420,1579779.00,2364210935,2364210935,1782883063109698,False,True
96767808,0.00000420,1787843.00,2364210936,2364210936,1782883081013862,False,True
96767809,0.00000419,1603943.00,2364210937,2364210937,1782883166937776,True,True
96767810,0.00000419,10739856.00,2364210938,2364210938,1782883193173653,True,True
96767811,0.00000419,221921000.00,2364210939,2364210952,1782883268727179,True,True
96767812,0.00000419,266383.00,2364210953,2364210954,1782883268729857,True,True
96767813,0.00000419,702.00,2364210955,2364210955,1782883268729880,True,True
96767814,0.00000418,3672794.00,2364210956,2364210956,1782883268996687,True,True
96767815,0.00000418,26252984.00,2364210957,2364210957,1782883268996687,True,True
96767816,0.00000419,2349271.00,2364210958,2364210958,1782883282576466,False,True
96767817,0.00000419,1667535.00,2364210959,2364210959,1782883297876254,False,True
96767818,0.00000418,3929976.00,2364210960,2364210960,1782883401286544,True,True
96767819,0.00000418,2770352.00,2364210961,2364210961,1782883434385626,True,True
96767820,0.00000419,4443724.00,2364210962,2364210962,1782883472010423,False,True
96767821,0.00000419,4729710.00,2364210963,2364210963,1782883474874631,False,True
96767822,0.00000418,4797012.00,2364210964,2364210964,1782883496039604,True,True
96767823,0.00000418,2383578.00,2364210965,2364210965,1782883531008017,True,True
96767824,0.00000418,2877567.00,2364210966,2364210966,1782883787912240,True,True
96767825,0.00000418,4020937.00,2364210967,2364210967,1782883803427729,True,True
96767826,0.00000418,500348953.00,2364210968,2364210973,1782883815694564,True,True
96767827,0.00000419,7167296.00,2364210974,2364210974,1782883850306451,False,True
96767828,0.00000418,649699.00,2364210975,2364210975,1782883976437194,True,True
96767829,0.00000419,622922.00,2364210976,2364210976,1782884010416886,False,True
96767830,0.00000418,1661042000.00,2364210977,2364210985,1782884031172070,True,True
96767831,0.00000418,1080000000.00,2364210986,2364210991,1782884031174194,True,True
96767832,0.00000418,267611.00,2364210992,2364210993,1782884031193901,True,True
96767833,0.00000418,32702000.00,2364210994,2364210998,1782884053464665,False,True
96767834,0.00000418,120564390.00,2364210999,2364211002,1782884083759210,False,True
96767835,0.00000419,156574092.00,2364211003,2364211007,1782884083759210,False,True
96767836,0.00000418,253919.00,2364211008,2364211008,1782884084245884,True,True
96767837,0.00000418,58287000.00,2364211009,2364211012,1782884104371058,False,True
96767838,0.00000417,30000000.00,2364211013,2364211013,1782884174563298,True,True
96767839,0.00000418,4220221.00,2364211014,2364211018,1782884397550604,False,True
96767840,0.00000418,791140.00,2364211019,2364211019,1782884428182844,False,True
96767841,0.00000418,30440000.00,2364211020,2364211022,1782884458273091,False,True
96767842,0.00000418,30622009.00,2364211023,2364211023,1782884458275975,True,True
96767843,0.00000418,30622009.00,2364211024,2364211024,1782884458276083,True,True
96767844,0.00000418,128191000.00,2364211025,2364211028,1782884469067644,False,True
96767845,0.00000418,359282.00,2364211029,2364211030,1782884506791694,False,True
96767846,0.00000418,359282.00,2364211031,2364211032,1782884506791761,False,True
96767847,0.00000418,359282.00,2364211033,2364211033,1782884506791820,False,True
96767848,0.00000418,359282.00,2364211034,2364211034,1782884508453358,False,True
96767849,0.00000418,359282.00,2364211035,2364211035,1782884511870174,False,True
96767850,0.00000418,359282.00,2364211036,2364211036,1782884511870253,False,True
96767851,0.00000418,359282.00,2364211037,2364211037,1782884511870372,False,True
96767852,0.00000417,7333334.00,2364211038,2364211038,1782884613003858,True,True
96767853,0.00000418,2392344.00,2364211039,2364211041,1782884660962473,False,True
96767854,0.00000418,804621.00,2364211042,2364211044,1782884701667422,False,True
96767855,0.00000419,14269379.00,2364211045,2364211045,1782884701667422,False,True
96767856,0.00000419,15074000.00,2364211046,2364211046,1782884701667537,False,True
96767857,0.00000418,598330488.00,2364211047,2364211051,1782884785538898,True,True
96767858,0.00000418,262110.00,2364211052,2364211052,1782884791398045,False,True
96767859,0.00000418,262737.00,2364211053,2364211053,1782884793226356,True,True
96767860,0.00000418,996836.00,2364211054,2364211057,1782884900804905,False,True
96767861,0.00000417,10000000.00,2364211058,2364211058,1782884934412436,True,True
96767862,0.00000418,7591038.00,2364211059,2364211059,1782884936849672,False,True
96767863,0.00000418,21081999.00,2364211060,2364211060,1782884936849912,False,True
96767864,0.00000418,21087999.00,2364211061,2364211061,1782884936966021,False,True
96767865,0.00000418,13425000.00,2364211062,2364211062,1782884936966393,False,True
96767866,0.00000418,21088000.00,2364211063,2364211063,1782884936966432,False,True
96767867,0.00000418,21081999.00,2364211064,2364211064,1782884936966577,False,True
96767868,0.00000418,21081999.00,2364211065,2364211065,1782884936967759,False,True
96767869,0.00000418,803911.00,2364211066,2364211068,1782884936968762,False,True
96767870,0.00000419,20284088.00,2364211069,2364211069,1782884936968762,False,True
96767871,0.00000418,269145.00,2364211070,2364211070,1782884940197582,True,True
96767872,0.00000418,50000000.00,2364211071,2364211071,1782884947097440,False,True
96767873,0.00000418,7987190.00,2364211072,2364211076,1782884953820592,False,True
96767874,0.00000419,12551087.00,2364211077,2364211077,1782884970814026,False,True
96767875,0.00000418,269789.00,2364211078,2364211078,1782884989424757,True,True
96767876,0.00000418,2392344.00,2364211079,2364211079,1782885011474604,False,True
96767877,0.00000418,269789.00,2364211080,2364211080,1782885021317792,False,True
96767878,0.00000418,11726838.00,2364211081,2364211081,1782885038305182,True,True
96767879,0.00000419,1309961.00,2364211082,2364211082,1782885139014005,False,True
96767880,0.00000418,2451627.00,2364211083,2364211083,1782885185248247,True,True
96767881,0.00000418,287380000.00,2364211084,2364211089,1782885188314138,True,True
96767882,0.00000418,552.00,2364211090,2364211090,1782885188315773,True,True
96767883,0.00000418,415023.00,2364211091,2364211091,1782885254121014,False,True
96767884,0.00000418,263157.00,2364211092,2364211092,1782885304412682,False,True
96767885,0.00000418,269789.00,2364211093,2364211093,1782885388029280,False,True
96767886,0.00000418,269789.00,2364211094,2364211094,1782885390177761,True,True
96767887,0.00000418,63316000.00,2364211095,2364211098,1782885469651229,False,True
96767888,0.00000418,915.00,2364211099,2364211099,1782885469652665,False,True
96767889,0.00000419,566590003.00,2364211100,2364211103,1782885501779277,False,True
96767890,0.00000418,2336216.00,2364211104,2364211106,1782885672318070,True,True
96767891,0.00000418,2434141.00,2364211107,2364211110,1782885910588140,False,True
96767892,0.00000418,55023923.00,2364211111,2364211111,1782885977643563,False,True
96767893,0.00000417,456756000.00,2364211112,2364211126,1782886039568844,True,True
96767894,0.00000417,970.00,2364211127,2364211127,1782886039570421,True,True
96767895,0.00000417,244186408.00,2364211128,2364211133,1782886058831033,False,True
96767896,0.00000416,951888.00,2364211134,2364211134,1782886094320434,True,True
96767897,0.00000416,54773083.00,2364211135,2364211135,1782886146227954,True,True
96767898,0.00000417,360145.00,2364211136,2364211137,1782886214331257,False,True
96767899,0.00000417,360145.00,2364211138,2364211139,1782886214331261,False,True
96767900,0.00000417,360145.00,2364211140,2364211140,1782886214331264,False,True
96767901,0.00000416,31439322.00,2364211141,2364211142,1782886217425948,True,True
96767902,0.00000417,360145.00,2364211143,2364211143,1782886217522062,False,True
96767903,0.00000416,5000000.00,2364211144,2364211144,1782886221416030,True,True
96767904,0.00000417,360145.00,2364211145,2364211145,1782886224152776,False,True
96767905,0.00000417,360145.00,2364211146,2364211146,1782886224152777,False,True
96767906,0.00000417,360145.00,2364211147,2364211147,1782886224152779,False,True
96767907,0.00000417,782743.00,2364211148,2364211148,1782886335351032,False,True
96767908,0.00000417,425074.00,2364211149,2364211149,1782886336620608,False,True
96767909,0.00000417,2397148.00,2364211150,2364211150,1782886439617993,False,True
96767910,0.00000416,31645000.00,2364211151,2364211151,1782886502885909,True,True
96767911,0.00000417,24925000.00,2364211152,2364211154,1782886528148019,False,True
96767912,0.00000417,34532374.00,2364211155,2364211155,1782886528152437,True,True
96767913,0.00000417,11004784.00,2364211156,2364211156,1782886528152721,True,True
96767914,0.00000417,23948418.00,2364211157,2364211158,1782886528152755,True,True
96767915,0.00000416,11004784.00,2364211159,2364211159,1782886528153474,True,True
96767916,0.00000416,11002252.00,2364211160,2364211160,1782886532004199,True,True
96767917,0.00000417,16249000.00,2364211161,2364211161,1782886532347860,False,True
96767918,0.00000417,7508000.00,2364211162,2364211162,1782886532347942,False,True
96767919,0.00000417,34101000.00,2364211163,2364211163,1782886532348445,False,True
96767920,0.00000417,141296354.00,2364211164,2364211170,1782886532350003,False,True
96767921,0.00000417,58972000.00,2364211171,2364211173,1782886532450953,False,True
96767922,0.00000417,289080318.00,2364211174,2364211177,1782886550682881,True,True
96767923,0.00000417,268207.00,2364211178,2364211178,1782886550703741,True,True
96767924,0.00000417,1800720.00,2364211179,2364211179,1782886550772983,False,True
96767925,0.00000417,129996162.00,2364211180,2364211181,1782886551441650,False,True
96767926,0.00000417,18839000.00,2364211182,2364211183,1782886586669021,False,True
96767927,0.00000417,10850152.00,2364211184,2364211189,1782886586669024,False,True
96767928,0.00000418,7988848.00,2364211190,2364211190,1782886586669024,False,True
96767929,0.00000417,511477263.00,2364211191,2364211193,1782886715561796,True,True
96767930,0.00000416,69718741.00,2364211194,2364211194,1782886753680986,True,True
96767931,0.00000416,2710962.00,2364211195,2364211195,1782886765135971,True,True
96767932,0.00000416,7848239.00,2364211196,2364211196,1782886790980462,True,True
96767933,0.00000416,18682000.00,2364211197,2364211197,1782886822288644,True,True
96767934,0.00000416,540000000.00,2364211198,2364211207,1782886822290299,True,True
96767935,0.00000416,25863927.00,2364211208,2364211210,1782886822291562,True,True
96767936,0.00000415,1700000.00,2364211211,2364211211,1782886839317429,True,True
96767937,0.00000415,397713378.00,2364211212,2364211214,1782886839317429,True,True
96767938,0.00000416,30231662.00,2364211215,2364211219,1782886877958686,False,True
96767939,0.00000416,25859000.00,2364211220,2364211222,1782886877980937,False,True
96767940,0.00000416,215354000.00,2364211223,2364211223,1782886877982457,False,True
96767941,0.00000416,809066.00,2364211224,2364211227,1782886877983543,False,True
96767942,0.00000415,5546972.00,2364211228,2364211235,1782886920053652,True,True
96767943,0.00000415,1526417.00,2364211236,2364211236,1782886921610863,False,True
96767944,0.00000415,634413.00,2364211237,2364211239,1782886926378915,False,True
96767945,0.00000415,10132690.00,2364211240,2364211240,1782886952048625,False,True
96767946,0.00000415,1674698.00,2364211241,2364211243,1782887015183555,False,True
96767947,0.00000415,30000000.00,2364211244,2364211246,1782887081581585,False,True
96767948,0.00000415,811071.00,2364211247,2364211249,1782887103151770,False,True
96767949,0.00000416,10680929.00,2364211250,2364211250,1782887103151770,False,True
96767950,0.00000416,11492000.00,2364211251,2364211251,1782887103151833,False,True
96767951,0.00000415,48191000.00,2364211252,2364211253,1782887117122664,True,True
96767952,0.00000415,461.00,2364211254,2364211254,1782887117124263,True,True
96767953,0.00000415,69170327.00,2364211255,2364211257,1782887117663108,False,True
96767954,0.00000415,287269.00,2364211258,2364211258,1782887123730081,False,True
96767955,0.00000415,57466000.00,2364211259,2364211260,1782887124137455,True,True
96767956,0.00000415,996.00,2364211261,2364211261,1782887124138936,True,True
96767957,0.00000415,7971000.00,2364211262,2364211262,1782887131277790,False,True
96767958,0.00000415,7971000.00,2364211263,2364211263,1782887131278111,False,True
96767959,0.00000415,287961.00,2364211264,2364211264,1782887131280128,False,True
96767960,0.00000415,3338304.00,2364211265,2364211266,1782887195018573,True,True
96767961,0.00000415,1149065.00,2364211267,2364211267,1782887204548009,True,True
96767962,0.00000416,454515880.00,2364211268,2364211268,1782887215959069,False,True
96767963,0.00000415,4569601.00,2364211269,2364211269,1782887302775555,True,True
96767964,0.00000416,1674698.00,2364211270,2364211270,1782887318263094,False,True
96767965,0.00000415,2749259.00,2364211271,2364211271,1782887381620943,True,True
96767966,0.00000416,2403846.00,2364211272,2364211272,1782887428675370,False,True
96767967,0.00000416,12442307.00,2364211273,2364211277,1782887620855809,False,True
96767968,0.00000415,547339462.00,2364211278,2364211284,1782887625623334,True,True
96767969,0.00000415,248419485.00,2364211285,2364211290,1782887645913402,False,True
96767970,0.00000415,287961.00,2364211291,2364211291,1782887672747102,True,True
96767971,0.00000414,1338802075.00,2364211292,2364211312,1782887738293690,True,True
96767972,0.00000414,269636.00,2364211313,2364211313,1782887738296220,True,True
96767973,0.00000414,803594.00,2364211314,2364211316,1782887739660591,False,True
96767974,0.00000414,1081640.00,2364211317,2364211317,1782887739891281,False,True
96767975,0.00000414,28869000.00,2364211318,2364211321,1782887743528936,False,True
96767976,0.00000413,649428000.00,2364211322,2364211339,1782887824637093,True,True
96767977,0.00000413,307782000.00,2364211340,2364211341,1782887824637174,True,True
96767978,0.00000413,390317993.00,2364211342,2364211344,1782887824642845,True,True
96767979,0.00000413,1534671.00,2364211345,2364211348,1782887826417299,False,True
96767980,0.00000413,913752.00,2364211349,2364211349,1782887827126658,False,True
96767981,0.00000413,122027548.00,2364211350,2364211353,1782887846645331,False,True
96767982,0.00000413,116576000.00,2364211354,2364211354,1782887869828531,True,True
96767983,0.00000413,277576902.00,2364211355,2364211358,1782887869831205,True,True
96767984,0.00000412,965102.00,2364211359,2364211359,1782887880648750,True,True
96767985,0.00000413,8121632.00,2364211360,2364211363,1782887883323401,False,True
96767986,0.00000413,295615.00,2364211364,2364211364,1782887893920652,False,True
96767987,0.00000412,6274470.00,2364211365,2364211365,1782887900215265,True,True
96767988,0.00000412,7315088.00,2364211366,2364211366,1782887950900225,True,True
96767989,0.00000413,90000000.00,2364211367,2364211370,1782887978690458,False,True
96767990,0.00000413,815427.00,2364211371,2364211373,1782887978704424,False,True
96767991,0.00000413,327070.00,2364211374,2364211374,1782887983109119,True,True
96767992,0.00000413,57719436.00,2364211375,2364211375,1782887985057400,False,True
96767993,0.00000413,1140313.00,2364211376,2364211379,1782887985059887,False,True
96767994,0.00000414,6119687.00,2364211380,2364211382,1782887985059887,False,True
96767995,0.00000414,7260000.00,2364211383,2364211383,1782887985060367,False,True
96767996,0.00000414,3085080.00,2364211384,2364211384,1782887995820195,False,True
96767997,0.00000413,24975000.00,2364211385,2364211387,1782888017517594,True,True
96767998,0.00000413,123003000.00,2364211388,2364211390,1782888027168469,True,True
96767999,0.00000413,850.00,2364211391,2364211391,1782888027172321,True,True
96768000,0.00000413,102955846.00,2364211392,2364211395,1782888118897483,False,True
96768001,0.00000412,12433838.00,2364211396,2364211396,1782888253038721,True,True
96768002,0.00000412,892555126.00,2364211397,2364211418,1782888333405876,True,True
96768003,0.00000412,364305.00,2364211419,2364211419,1782888334909822,False,True
96768004,0.00000412,1178730.00,2364211420,2364211420,1782888335129540,False,True
96768005,0.00000412,327070.00,2364211421,2364211421,1782888355090070,False,True
96768006,0.00000413,1342462.00,2364211422,2364211424,1782888355401731,False,True
96768007,0.00000412,321918000.00,2364211425,2364211428,1782888360242610,True,True
96768008,0.00000412,481.00,2364211429,2364211429,1782888360244872,True,True
96768009,0.00000411,218084000.00,2364211430,2364211435,1782888360600429,True,True
96768010,0.00000411,1080003000.00,2364211436,2364211445,1782888360601682,True,True
96768011,0.00000411,540000000.00,2364211446,2364211448,1782888360601921,True,True
96768012,0.00000411,204273000.00,2364211449,2364211452,1782888360606493,True,True
96768013,0.00000411,75302000.00,2364211453,2364211455,1782888360611987,True,True
96768014,0.00000411,204272000.00,2364211456,2364211458,1782888360616124,True,True
96768015,0.00000411,56165000.00,2364211459,2364211463,1782888362564109,True,True
96768016,0.00000411,122324308.00,2364211464,2364211467,1782888362565449,True,True
96768017,0.00000411,1373408.00,2364211468,2364211468,1782888364333573,False,True
96768018,0.00000411,9758974.00,2364211469,2364211469,1782888364334536,False,True
96768019,0.00000411,1340730.00,2364211470,2364211470,1782888364384188,False,True
96768020,0.00000411,327864.00,2364211471,2364211471,1782888366124698,False,True
96768021,0.00000411,601940.00,2364211472,2364211473,1782888370953066,True,True
96768022,0.00000410,40213776.00,2364211474,2364211474,1782888372688583,True,True
96768023,0.00000411,30000000.00,2364211475,2364211475,1782888372778563,False,True
96768024,0.00000410,16754176.00,2364211476,2364211476,1782888379379945,True,True
96768025,0.00000410,30000000.00,2364211477,2364211477,1782888401711684,True,True
96768026,0.00000411,1146288.00,2364211478,2364211481,1782888420906601,False,True
96768027,0.00000412,6531712.00,2364211482,2364211482,1782888420906601,False,True
96768028,0.00000412,7678000.00,2364211483,2364211483,1782888420906837,False,True
96768029,0.00000412,5355450.00,2364211484,2364211484,1782888421246846,False,True
96768030,0.00000411,30000000.00,2364211485,2364211487,1782888463607885,True,True
96768031,0.00000412,1690997.00,2364211488,2364211488,1782888479211754,False,True
96768032,0.00000412,244728000.00,2364211489,2364211495,1782888585484297,False,True
96768033,0.00000412,272217.00,2364211496,2364211497,1782888585484398,False,True
96768034,0.00000413,41647801.00,2364211498,2364211498,1782888585484398,False,True
96768035,0.00000413,46397989.00,2364211499,2364211499,1782888585484528,False,True
96768036,0.00000413,38956732.00,2364211500,2364211500,1782888585485135,False,True
96768037,0.00000412,151477000.00,2364211501,2364211511,1782888619369684,True,True
96768038,0.00000412,334.00,2364211512,2364211512,1782888619371117,True,True
96768039,0.00000412,372668.00,2364211513,2364211513,1782888620828750,False,True
96768040,0.00000412,313165.00,2364211514,2364211514,1782888627210090,True,True
96768041,0.00000412,1699029.00,2364211515,2364211515,1782888632486075,True,True
96768042,0.00000413,505938.00,2364211516,2364211516,1782888733421543,False,True
96768043,0.00000413,484931.00,2364211517,2364211517,1782888788518614,False,True
96768044,0.00000412,2450182.00,2364211518,2364211518,1782888842082809,True,True
96768045,0.00000413,2468766.00,2364211519,2364211519,1782888866421070,False,True
96768046,0.00000412,31916611.00,2364211520,2364211520,1782888901892436,True,True
96768047,0.00000413,9222883.00,2364211521,2364211521,1782888962782878,False,True
96768048,0.00000412,21844660.00,2364211522,2364211522,1782889093023373,True,True
96768049,0.00000412,645382.00,2364211523,2364211524,1782889142078525,True,True
96768050,0.00000412,16155339.00,2364211525,2364211525,1782889158059958,False,True
96768051,0.00000412,13186931.00,2364211526,2364211526,1782889159817730,False,True
96768052,0.00000412,373573.00,2364211527,2364211527,1782889178144788,False,True
96768053,0.00000412,895071.00,2364211528,2364211528,1782889199192054,True,True
96768054,0.00000412,30000000.00,2364211529,2364211529,1782889232768695,True,True
96768055,0.00000412,718309.00,2364211530,2364211530,1782889275313310,True,True
96768056,0.00000413,2421307.00,2364211531,2364211531,1782889291469333,False,True
96768057,0.00000412,69373154.00,2364211532,2364211535,1782889297237661,True,True
96768058,0.00000412,4730802.00,2364211536,2364211538,1782889316078238,True,True
96768059,0.00000412,3688000.00,2364211539,2364211542,1782889335204899,False,True
96768060,0.00000412,817564.00,2364211543,2364211546,1782889338810746,False,True
96768061,0.00000412,564202.00,2364211547,2364211548,1782889347528137,True,True
96768062,0.00000412,14800000.00,2364211549,2364211549,1782889355082542,False,True
96768063,0.00000412,291660.00,2364211550,2364211550,1782889369273438,False,True
96768064,0.00000412,564202.00,2364211551,2364211552,1782889382145857,True,True
96768065,0.00000412,521906.00,2364211553,2364211553,1782889397150560,False,True
96768066,0.00000412,10788464.00,2364211554,2364211554,1782889422617871,False,True
96768067,0.00000411,5458431.00,2364211555,2364211555,1782889488655272,True,True
96768068,0.00000412,22139563.00,2364211556,2364211556,1782889493871777,False,True
96768069,0.00000411,1894326.00,2364211557,2364211557,1782889515545776,True,True
96768070,0.00000412,1600553.00,2364211558,2364211558,1782889524878186,False,True
96768071,0.00000412,2427184.00,2364211559,2364211559,1782889577924368,False,True
96768072,0.00000412,243771844.00,2364211560,2364211566,1782889608257565,False,True
96768073,0.00000411,3784894.00,2364211567,2364211571,1782889609660989,True,True
96768074,0.00000411,3796548.00,2364211572,2364211572,1782889643518235,True,True
96768075,0.00000411,582963000.00,2364211573,2364211582,1782889645743066,True,True
96768076,0.00000411,939.00,2364211583,2364211583,1782889645745121,True,True
96768077,0.00000410,951535.00,2364211584,2364211584,1782889694122004,True,True
96768078,0.00000411,1113131.00,2364211585,2364211588,1782889719941687,False,True
96768079,0.00000412,145631067.00,2364211589,2364211589,1782889882239705,False,True
96768080,0.00000412,1941747.00,2364211590,2364211590,1782889886234606,False,True
96768081,0.00000412,27099386.00,2364211591,2364211596,1782889946176689,False,True
96768082,0.00000412,7877314.00,2364211597,2364211600,1782889991887071,True,True
96768083,0.00000412,1822600.00,2364211601,2364211601,1782889992084934,False,True
96768084,0.00000411,7997482.00,2364211602,2364211602,1782890037067070,True,True
96768085,0.00000412,295505.00,2364211603,2364211603,1782890106715169,False,True
96768086,0.00000412,295505.00,2364211604,2364211604,1782890136703085,True,True
96768087,0.00000412,295505.00,2364211605,2364211605,1782890212305479,False,True
96768088,0.00000413,364098.00,2364211606,2364211606,1782890293421572,False,True
96768089,0.00000412,298815.00,2364211607,2364211607,1782890295965154,True,True
96768090,0.00000412,7377773.00,2364211608,2364211612,1782890297830189,False,True
96768091,0.00000413,1610954.00,2364211613,2364211613,1782890329898081,False,True
96768092,0.00000412,89857000.00,2364211614,2364211615,1782890332238673,True,True
96768093,0.00000412,930.00,2364211616,2364211616,1782890333027943,True,True
96768094,0.00000412,10659112.00,2364211617,2364211620,1782890336272177,False,True
96768095,0.00000412,298815.00,2364211621,2364211621,1782890354828632,True,True
96768096,0.00000412,298815.00,2364211622,2364211622,1782890360250350,False,True
96768097,0.00000412,11099000.00,2364211623,2364211623,1782890360255296,True,True
96768098,0.00000412,55622000.00,2364211624,2364211624,1782890360256280,True,True
96768099,0.00000412,571633.00,2364211625,2364211627,1782890411142098,True,True
96768100,0.00000412,298815.00,2364211628,2364211628,1782890412601504,False,True
96768101,0.00000412,61039000.00,2364211629,2364211629,1782890412628117,True,True
96768102,0.00000412,299762.00,2364211630,2364211631,1782890413178014,True,True
96768103,0.00000412,842433.00,2364211632,2364211634,1782890428480418,False,True
96768104,0.00000412,371369.00,2364211635,2364211636,1782890429906058,False,True
96768105,0.00000411,2950463.00,2364211637,2364211637,1782890433408273,True,True
96768106,0.00000412,310237.00,2364211638,2364211638,1782890523721339,True,True
96768107,0.00000413,130244373.00,2364211639,2364211639,1782890561742680,False,True
96768108,0.00000413,312274000.00,2364211640,2364211647,1782890579035753,False,True
96768109,0.00000413,298092.00,2364211648,2364211648,1782890580121842,True,True
96768110,0.00000413,298092.00,2364211649,2364211649,1782890590553184,False,True
96768111,0.00000414,1610954.00,2364211650,2364211650,1782890607249082,False,True
96768112,0.00000413,2482335516.00,2364211651,2364211657,1782890649957208,True,True
96768113,0.00000413,298092.00,2364211658,2364211658,1782890653921563,False,True
96768114,0.00000413,298092.00,2364211659,2364211659,1782890675552124,True,True
96768115,0.00000413,298092.00,2364211660,2364211660,1782890678211514,False,True
96768116,0.00000413,569901.00,2364211661,2364211662,1782890713504749,True,True
96768117,0.00000413,298092.00,2364211663,2364211663,1782890714555258,False,True
96768118,0.00000413,67733000.00,2364211664,2364211666,1782890727704821,True,True
96768119,0.00000413,589.00,2364211667,2364211667,1782890727706198,True,True
96768120,0.00000413,298092.00,2364211668,2364211668,1782890742579680,False,True
96768121,0.00000413,1402378.00,2364211669,2364211669,1782890760460974,True,True
96768122,0.00000413,569901.00,2364211670,2364211671,1782890768003358,True,True
96768123,0.00000413,298092.00,2364211672,2364211672,1782890771084735,False,True
96768124,0.00000413,57594000.00,2364211673,2364211675,1782890771536572,True,True
96768125,0.00000413,728.00,2364211676,2364211676,1782890771537907,True,True
96768126,0.00000413,17622276.00,2364211677,2364211677,1782890788586721,False,True
96768127,0.00000413,242130.00,2364211678,2364211678,1782890822729339,False,True
96768128,0.00000412,242355.00,2364211679,2364211679,1782890839065480,True,True
96768129,0.00000412,37000000.00,2364211680,2364211680,1782890877171310,True,True
96768130,0.00000412,813243.00,2364211681,2364211683,1782891002128107,True,True
96768131,0.00000412,9761848.00,2364211684,2364211684,1782891009817124,False,True
96768132,0.00000412,30000000.00,2364211685,2364211685,1782891114360514,False,True
96768133,0.00000412,30000000.00,2364211686,2364211686,1782891115735482,False,True
96768134,0.00000412,298092.00,2364211687,2364211687,1782891136288752,False,True
