12327637,0.03339000,1035.00000000,21045117,21045119,1782864000034931,True,True
12327638,0.03338000,856.00000000,21045120,21045121,1782864000034931,True,True
12327639,0.03340000,210.00000000,21045122,21045122,1782864000774769,False,True
12327640,0.03340000,209.00000000,21045123,21045123,1782864002777070,False,True
12327641,0.03341000,210.00000000,21045124,21045125,1782864004777890,False,True
12327642,0.03340000,193.00000000,21045126,21045126,1782864005087995,True,True
12327643,0.03341000,209.00000000,21045127,21045127,1782864006778455,False,True
12327644,0.03341000,3110.00000000,21045128,21045128,1782864007908249,False,True
12327645,0.03342000,7727.00000000,21045129,21045131,1782864007908249,False,True
12327646,0.03343000,7213.00000000,21045132,21045134,1782864007908249,False,True
12327647,0.03344000,39163.00000000,21045135,21045139,1782864007908249,False,True
12327648,0.03345000,87632.00000000,21045140,21045144,1782864007908249,False,True
12327649,0.03346000,7766.00000000,21045145,21045147,1782864007908249,False,True
12327650,0.03347000,8091.00000000,21045148,21045150,1782864007908249,False,True
12327651,0.03348000,6914.00000000,21045151,21045153,1782864007908249,False,True
12327652,0.03349000,7882.00000000,21045154,21045156,1782864007908249,False,True
12327653,0.03350000,8176.00000000,21045157,21045160,1782864007908249,False,True
12327654,0.03351000,7914.00000000,21045161,21045163,1782864007908249,False,True
12327655,0.03352000,15927.00000000,21045164,21045167,1782864007908249,False,True
12327656,0.03353000,2335.00000000,21045168,21045170,1782864007908249,False,True
12327657,0.03351000,600.00000000,21045171,21045171,1782864007911008,False,True
12327658,0.03350000,600.00000000,21045172,21045172,1782864007911144,False,True
12327659,0.03350000,600.00000000,21045173,21045173,1782864007911171,False,True
12327660,0.03350000,600.00000000,21045174,21045174,1782864007911240,False,True
12327661,0.03350000,600.00000000,21045175,21045175,1782864007911245,False,True
12327662,0.03350000,600.00000000,21045176,21045176,1782864007911310,False,True
12327663,0.03350000,424.00000000,21045177,21045177,1782864007911861,False,True
12327664,0.03351000,176.00000000,21045178,21045178,1782864007911861,False,True
12327665,0.03351000,600.00000000,21045179,21045179,1782864007912132,False,True
12327666,0.03351000,600.00000000,21045180,21045180,1782864007912136,False,True
12327667,0.03351000,600.00000000,21045181,21045181,1782864007912295,False,True
12327668,0.03351000,600.00000000,21045182,21045182,1782864007912361,False,True
12327669,0.03346000,4559.00000000,21045183,21045183,1782864007912365,True,True
12327670,0.03351000,600.00000000,21045184,21045185,1782864007912383,False,True
12327671,0.03351000,600.00000000,21045186,21045186,1782864007912430,False,True
12327672,0.03351000,600.00000000,21045187,21045188,1782864007912499,False,True
12327673,0.03351000,600.00000000,21045189,21045189,1782864007912571,False,True
12327674,0.03350000,600.00000000,21045190,21045190,1782864007912912,False,True
12327675,0.03347000,2553.00000000,21045191,21045191,1782864007914478,True,True
12327676,0.03345000,4559.00000000,21045192,21045192,1782864007915819,True,True
12327677,0.03345000,2553.00000000,21045193,21045193,1782864007918552,True,True
12327678,0.03347000,600.00000000,21045194,21045194,1782864007936293,False,True
12327679,0.03347000,600.00000000,21045195,21045195,1782864007936932,False,True
12327680,0.03345000,2553.00000000,21045196,21045196,1782864007990943,True,True
12327681,0.03346000,209.00000000,21045197,21045197,1782864008779103,False,True
12327682,0.03346000,210.00000000,21045198,21045198,1782864010779816,False,True
12327683,0.03347000,209.00000000,21045199,21045200,1782864012781044,False,True
12327684,0.03347000,209.00000000,21045201,21045201,1782864014784497,False,True
12327685,0.03347000,209.00000000,21045202,21045202,1782864016785305,False,True
12327686,0.03347000,209.00000000,21045203,21045203,1782864018785980,False,True
12327687,0.03347000,209.00000000,21045204,21045204,1782864020790122,False,True
12327688,0.03346000,811.00000000,21045205,21045205,1782864021339163,True,True
12327689,0.03347000,209.00000000,21045206,21045206,1782864022790941,False,True
12327690,0.03348000,209.00000000,21045207,21045207,1782864024792556,False,True
12327691,0.03347000,209.00000000,21045208,21045208,1782864026673336,False,True
12327692,0.03347000,210.00000000,21045209,21045209,1782864026793634,False,True
12327693,0.03348000,209.00000000,21045210,21045211,1782864028794179,False,True
12327694,0.03349000,209.00000000,21045212,21045213,1782864030795603,False,True
12327695,0.03349000,209.00000000,21045214,21045214,1782864032797932,False,True
12327696,0.03349000,209.00000000,21045215,21045215,1782864034798911,False,True
12327697,0.03349000,209.00000000,21045216,21045216,1782864036801693,False,True
12327698,0.03348000,209.00000000,21045217,21045217,1782864038803570,False,True
12327699,0.03348000,209.00000000,21045218,21045218,1782864040803687,False,True
12327700,0.03349000,209.00000000,21045219,21045219,1782864042806092,False,True
12327701,0.03349000,209.00000000,21045220,21045220,1782864044806013,False,True
12327702,0.03347000,1654.00000000,21045221,21045221,1782864045457710,True,True
12327703,0.03349000,209.00000000,21045222,21045222,1782864047131837,False,True
12327704,0.03349000,209.00000000,21045223,21045223,1782864048808072,False,True
12327705,0.03349000,209.00000000,21045224,21045224,1782864050810090,False,True
12327706,0.03348000,209.00000000,21045225,21045225,1782864052816956,False,True
12327707,0.03348000,209.00000000,21045226,21045226,1782864054818156,False,True
12327708,0.03347000,1768.00000000,21045227,21045228,1782864055329799,True,True
12327709,0.03347000,209.00000000,21045229,21045229,1782864056818507,False,True
12327710,0.03347000,209.00000000,21045230,21045230,1782864058819990,False,True
12327711,0.03348000,210.00000000,21045231,21045231,1782864060821286,False,True
12327712,0.03348000,209.00000000,21045232,21045232,1782864062823231,False,True
12327713,0.03348000,209.00000000,21045233,21045233,1782864064825318,False,True
12327714,0.03348000,209.00000000,21045234,21045234,1782864066826632,False,True
12327715,0.03348000,209.00000000,21045235,21045235,1782864068829910,False,True
12327716,0.03348000,209.00000000,21045236,21045236,1782864070832556,False,True
12327717,0.03348000,209.00000000,21045237,21045237,1782864072834124,False,True
12327718,0.03348000,209.00000000,21045238,21045238,1782864075159624,False,True
12327719,0.03348000,209.00000000,21045239,21045239,1782864076838536,False,True
12327720,0.03348000,209.00000000,21045240,21045240,1782864078838375,False,True
12327721,0.03348000,209.00000000,21045241,21045241,1782864080842513,False,True
12327722,0.03348000,209.00000000,21045242,21045242,1782864082843443,False,True
12327723,0.03348000,210.00000000,21045243,21045243,1782864084847929,False,True
12327724,0.03348000,209.00000000,21045244,21045244,1782864086849889,False,True
12327725,0.03348000,209.00000000,21045245,21045246,1782864088850725,False,True
12327726,0.03348000,209.00000000,21045247,21045247,1782864090851362,False,True
12327727,0.03348000,209.00000000,21045248,21045248,1782864092852344,False,True
12327728,0.03348000,209.00000000,21045249,21045249,1782864095177365,False,True
12327729,0.03348000,209.00000000,21045250,21045250,1782864096860196,False,True
12327730,0.03348000,209.00000000,21045251,21045251,1782864098860736,False,True
12327731,0.03348000,209.00000000,21045252,21045252,1782864100862510,False,True
12327732,0.03348000,209.00000000,21045253,21045253,1782864102863321,False,True
12327733,0.03348000,209.00000000,21045254,21045254,1782864104866298,False,True
12327734,0.03347000,2957.00000000,21045255,21045255,1782864105165670,True,True
12327735,0.03346000,154.00000000,21045256,21045256,1782864105191888,True,True
12327736,0.03345000,12005.00000000,21045257,21045258,1782864105193210,True,True
12327737,0.03344000,154.00000000,21045259,21045259,1782864105194412,True,True
12327738,0.03343000,154.00000000,21045260,21045260,1782864105195947,True,True
12327739,0.03342000,1650.00000000,21045261,21045262,1782864105203431,True,True
12327740,0.03341000,154.00000000,21045263,21045263,1782864105273178,True,True
12327741,0.03340000,2514.00000000,21045264,21045265,1782864105278335,True,True
12327742,0.03340000,599.00000000,21045266,21045266,1782864105436383,True,True
12327743,0.03339000,7941.00000000,21045267,21045280,1782864105438333,True,True
12327744,0.03339000,210.00000000,21045281,21045281,1782864106865953,False,True
12327745,0.03339000,210.00000000,21045282,21045282,1782864108866841,False,True
12327746,0.03340000,209.00000000,21045283,21045284,1782864110870586,False,True
12327747,0.03340000,210.00000000,21045285,21045285,1782864112871149,False,True
12327748,0.03340000,209.00000000,21045286,21045286,1782864114871933,False,True
12327749,0.03340000,210.00000000,21045287,21045287,1782864116876296,False,True
12327750,0.03339000,210.00000000,21045288,21045288,1782864118876531,False,True
12327751,0.03340000,209.00000000,21045289,21045289,1782864120876992,False,True
12327752,0.03339000,210.00000000,21045290,21045290,1782864122876832,False,True
12327753,0.03339000,209.00000000,21045291,21045291,1782864124879528,False,True
12327754,0.03340000,210.00000000,21045292,21045292,1782864126881578,False,True
12327755,0.03340000,210.00000000,21045293,21045293,1782864128883272,False,True
12327756,0.03340000,209.00000000,21045294,21045294,1782864130893351,False,True
12327757,0.03340000,210.00000000,21045295,21045295,1782864132894381,False,True
12327758,0.03340000,209.00000000,21045296,21045296,1782864134896721,False,True
12327759,0.03340000,210.00000000,21045297,21045297,1782864136895824,False,True
12327760,0.03340000,210.00000000,21045298,21045298,1782864138896538,False,True
12327761,0.03340000,209.00000000,21045299,21045299,1782864140897393,False,True
12327762,0.03340000,210.00000000,21045300,21045300,1782864142898544,False,True
12327763,0.03340000,209.00000000,21045301,21045301,1782864144899002,False,True
12327764,0.03340000,210.00000000,21045302,21045302,1782864146901755,False,True
12327765,0.03340000,299.00000000,21045303,21045304,1782864146915097,False,True
12327766,0.03340000,209.00000000,21045305,21045306,1782864148904886,False,True
12327767,0.03339000,500.00000000,21045307,21045307,1782864150824857,True,True
12327768,0.03339000,210.00000000,21045308,21045308,1782864150906194,False,True
12327769,0.03339000,210.00000000,21045309,21045309,1782864152906872,False,True
12327770,0.03339000,209.00000000,21045310,21045310,1782864154909544,False,True
12327771,0.03339000,210.00000000,21045311,21045311,1782864156909874,False,True
12327772,0.03339000,210.00000000,21045312,21045312,1782864158911505,False,True
12327773,0.03339000,209.00000000,21045313,21045313,1782864160916482,False,True
12327774,0.03339000,210.00000000,21045314,21045314,1782864162917388,False,True
12327775,0.03339000,210.00000000,21045315,21045315,1782864164920021,False,True
12327776,0.03339000,209.00000000,21045316,21045316,1782864166921248,False,True
12327777,0.03339000,210.00000000,21045317,21045317,1782864168921421,False,True
12327778,0.03339000,209.00000000,21045318,21045318,1782864170923395,False,True
12327779,0.03339000,210.00000000,21045319,21045319,1782864172925341,False,True
12327780,0.03339000,210.00000000,21045320,21045320,1782864174926626,False,True
12327781,0.03338000,654.00000000,21045321,21045322,1782864175906373,True,True
12327782,0.03338000,209.00000000,21045323,21045323,1782864176929647,False,True
12327783,0.03338000,210.00000000,21045324,21045324,1782864178930185,False,True
12327784,0.03337000,654.00000000,21045325,21045326,1782864180664483,True,True
12327785,0.03337000,210.00000000,21045327,21045327,1782864180933219,False,True
12327786,0.03338000,210.00000000,21045328,21045329,1782864182934712,False,True
12327787,0.03338000,209.00000000,21045330,21045330,1782864184933867,False,True
12327788,0.03338000,4908.00000000,21045331,21045331,1782864185812425,False,True
12327789,0.03339000,1374.00000000,21045332,21045333,1782864185813030,False,True
12327790,0.03340000,154.00000000,21045334,21045334,1782864186688157,False,True
12327791,0.03341000,154.00000000,21045335,21045335,1782864186688157,False,True
12327792,0.03342000,540.00000000,21045336,21045337,1782864186688157,False,True
12327793,0.03342000,1631.00000000,21045338,21045338,1782864186712626,True,True
12327794,0.03342000,1631.00000000,21045339,21045339,1782864186713053,True,True
12327795,0.03342000,1688.00000000,21045340,21045342,1782864186824394,True,True
12327796,0.03343000,154.00000000,21045343,21045343,1782864187263206,False,True
12327797,0.03344000,56.00000000,21045344,21045344,1782864187263206,False,True
12327798,0.03344000,98.00000000,21045345,21045345,1782864188939037,False,True
12327799,0.03345000,111.00000000,21045346,21045346,1782864188939037,False,True
12327800,0.03345000,209.00000000,21045347,21045347,1782864190940378,False,True
12327801,0.03345000,210.00000000,21045348,21045348,1782864192942267,False,True
12327802,0.03345000,209.00000000,21045349,21045349,1782864194944322,False,True
12327803,0.03345000,209.00000000,21045350,21045350,1782864196946143,False,True
12327804,0.03345000,209.00000000,21045351,21045351,1782864198947311,False,True
12327805,0.03344000,722.00000000,21045352,21045353,1782864200692061,True,True
12327806,0.03344000,1422.00000000,21045354,21045355,1782864200693464,True,True
12327807,0.03344000,1990.00000000,21045356,21045356,1782864200694887,True,True
12327808,0.03344000,210.00000000,21045357,21045357,1782864200947417,False,True
12327809,0.03344000,209.00000000,21045358,21045358,1782864202947808,False,True
12327810,0.03344000,209.00000000,21045359,21045359,1782864204948598,False,True
12327811,0.03343000,654.00000000,21045360,21045361,1782864205125390,True,True
12327812,0.03342000,2421.00000000,21045362,21045362,1782864205125390,True,True
12327813,0.03343000,210.00000000,21045363,21045363,1782864206950283,False,True
12327814,0.03343000,209.00000000,21045364,21045364,1782864208951854,False,True
12327815,0.03343000,210.00000000,21045365,21045365,1782864210954574,False,True
12327816,0.03343000,418.00000000,21045366,21045366,1782864211797783,True,True
12327817,0.03343000,500.00000000,21045367,21045368,1782864211804034,True,True
12327818,0.03343000,209.00000000,21045369,21045369,1782864212956150,False,True
12327819,0.03343000,599.00000000,21045370,21045370,1782864213144650,False,True
12327820,0.03343000,480.00000000,21045371,21045371,1782864213144672,False,True
12327821,0.03344000,119.00000000,21045372,21045372,1782864213144672,False,True
12327822,0.03344000,35.00000000,21045373,21045373,1782864213144716,False,True
12327823,0.03345000,564.00000000,21045374,21045374,1782864213144716,False,True
12327824,0.03345000,599.00000000,21045375,21045375,1782864213144748,False,True
12327825,0.03345000,599.00000000,21045376,21045378,1782864213144774,False,True
12327826,0.03345000,599.00000000,21045379,21045379,1782864213144808,False,True
12327827,0.03345000,599.00000000,21045380,21045380,1782864213144902,False,True
12327828,0.03345000,599.00000000,21045381,21045381,1782864213144907,False,True
12327829,0.03345000,599.00000000,21045382,21045382,1782864213144911,False,True
12327830,0.03345000,599.00000000,21045383,21045383,1782864213144942,False,True
12327831,0.03345000,424.00000000,21045384,21045384,1782864213144961,False,True
12327832,0.03346000,175.00000000,21045385,21045385,1782864213144961,False,True
12327833,0.03346000,599.00000000,21045386,21045386,1782864213144996,False,True
12327834,0.03346000,599.00000000,21045387,21045387,1782864213145095,False,True
12327835,0.03346000,599.00000000,21045388,21045388,1782864213145107,False,True
12327836,0.03346000,599.00000000,21045389,21045389,1782864213145129,False,True
12327837,0.03346000,599.00000000,21045390,21045390,1782864213145133,False,True
12327838,0.03346000,599.00000000,21045391,21045392,1782864213145186,False,True
12327839,0.03346000,599.00000000,21045393,21045393,1782864213145340,False,True
12327840,0.03346000,599.00000000,21045394,21045394,1782864213145621,False,True
12327841,0.03346000,599.00000000,21045395,21045395,1782864213145832,False,True
12327842,0.03346000,599.00000000,21045396,21045397,1782864213167178,False,True
12327843,0.03346000,599.00000000,21045398,21045398,1782864213168816,False,True
12327844,0.03346000,209.00000000,21045399,21045399,1782864214958251,False,True
12327845,0.03346000,209.00000000,21045400,21045400,1782864216959192,False,True
12327846,0.03346000,210.00000000,21045401,21045401,1782864218959530,False,True
12327847,0.03346000,209.00000000,21045402,21045402,1782864221012125,False,True
12327848,0.03346000,209.00000000,21045403,21045403,1782864223012023,False,True
12327849,0.03346000,209.00000000,21045404,21045404,1782864225012169,False,True
12327850,0.03346000,209.00000000,21045405,21045405,1782864227013082,False,True
12327851,0.03346000,210.00000000,21045406,21045406,1782864229015120,False,True
12327852,0.03346000,209.00000000,21045407,21045408,1782864231016404,False,True
12327853,0.03346000,207.00000000,21045409,21045409,1782864233016161,False,True
12327854,0.03347000,2.00000000,21045410,21045410,1782864233016161,False,True
12327855,0.03347000,209.00000000,21045411,21045411,1782864235016101,False,True
12327856,0.03347000,209.00000000,21045412,21045412,1782864237017674,False,True
12327857,0.03347000,209.00000000,21045413,21045413,1782864239020788,False,True
12327858,0.03347000,210.00000000,21045414,21045414,1782864241021190,False,True
12327859,0.03347000,209.00000000,21045415,21045416,1782864243021426,False,True
12327860,0.03347000,209.00000000,21045417,21045417,1782864245023093,False,True
12327861,0.03347000,209.00000000,21045418,21045418,1782864247025635,False,True
12327862,0.03347000,209.00000000,21045419,21045419,1782864249024303,False,True
12327863,0.03347000,209.00000000,21045420,21045421,1782864251024543,False,True
12327864,0.03347000,209.00000000,21045422,21045422,1782864253024956,False,True
12327865,0.03347000,210.00000000,21045423,21045423,1782864255026336,False,True
12327866,0.03347000,70.00000000,21045424,21045424,1782864257027739,False,True
12327867,0.03348000,139.00000000,21045425,21045425,1782864257027739,False,True
12327868,0.03348000,209.00000000,21045426,21045427,1782864259030879,False,True
12327869,0.03348000,209.00000000,21045428,21045428,1782864261032346,False,True
12327870,0.03348000,209.00000000,21045429,21045429,1782864263032425,False,True
12327871,0.03348000,209.00000000,21045430,21045430,1782864265033960,False,True
12327872,0.03348000,209.00000000,21045431,21045431,1782864267037479,False,True
12327873,0.03348000,209.00000000,21045432,21045432,1782864269038529,False,True
12327874,0.03348000,209.00000000,21045433,21045433,1782864271040150,False,True
12327875,0.03348000,209.00000000,21045434,21045434,1782864273041820,False,True
12327876,0.03348000,209.00000000,21045435,21045435,1782864275045779,False,True
12327877,0.03348000,209.00000000,21045436,21045436,1782864277045537,False,True
12327878,0.03348000,210.00000000,21045437,21045437,1782864279048887,False,True
12327879,0.03348000,209.00000000,21045438,21045438,1782864281049559,False,True
12327880,0.03348000,209.00000000,21045439,21045439,1782864283050326,False,True
12327881,0.03348000,209.00000000,21045440,21045440,1782864285050912,False,True
12327882,0.03348000,209.00000000,21045441,21045441,1782864287055116,False,True
12327883,0.03348000,209.00000000,21045442,21045442,1782864289056680,False,True
12327884,0.03347000,5773.00000000,21045443,21045446,1782864289972728,True,True
12327885,0.03346000,3686.00000000,21045447,21045448,1782864289972728,True,True
12327886,0.03345000,5477.00000000,21045449,21045450,1782864289972728,True,True
12327887,0.03346000,3053.00000000,21045451,21045452,1782864289999603,True,True
12327888,0.03345000,654.00000000,21045453,21045454,1782864290072019,True,True
12327889,0.03345000,209.00000000,21045455,21045455,1782864291058731,False,True
12327890,0.03345000,209.00000000,21045456,21045456,1782864293058744,False,True
12327891,0.03345000,210.00000000,21045457,21045457,1782864295059483,False,True
12327892,0.03345000,209.00000000,21045458,21045459,1782864297060440,False,True
12327893,0.03345000,209.00000000,21045460,21045460,1782864299062210,False,True
12327894,0.03345000,597.00000000,21045461,21045462,1782864300177245,False,True
12327895,0.03345000,210.00000000,21045463,21045463,1782864301063661,False,True
12327896,0.03345000,209.00000000,21045464,21045465,1782864303069502,False,True
12327897,0.03345000,209.00000000,21045466,21045466,1782864305070445,False,True
12327898,0.03345000,209.00000000,21045467,21045468,1782864307071325,False,True
12327899,0.03345000,210.00000000,21045469,21045469,1782864309072193,False,True
12327900,0.03345000,209.00000000,21045470,21045471,1782864311074008,False,True
12327901,0.03345000,209.00000000,21045472,21045472,1782864313077471,False,True
12327902,0.03345000,209.00000000,21045473,21045474,1782864315076901,False,True
12327903,0.03345000,210.00000000,21045475,21045475,1782864317078857,False,True
12327904,0.03345000,209.00000000,21045476,21045476,1782864319081347,False,True
12327905,0.03345000,209.00000000,21045477,21045478,1782864321081448,False,True
12327906,0.03346000,209.00000000,21045479,21045480,1782864323083703,False,True
12327907,0.03346000,210.00000000,21045481,21045481,1782864325086004,False,True
12327908,0.03346000,209.00000000,21045482,21045482,1782864327088086,False,True
12327909,0.03346000,209.00000000,21045483,21045483,1782864329090549,False,True
12327910,0.03346000,209.00000000,21045484,21045484,1782864331096504,False,True
12327911,0.03346000,209.00000000,21045485,21045485,1782864333100005,False,True
12327912,0.03346000,210.00000000,21045486,21045486,1782864335102773,False,True
12327913,0.03346000,209.00000000,21045487,21045487,1782864337102686,False,True
12327914,0.03346000,209.00000000,21045488,21045488,1782864339102878,False,True
12327915,0.03346000,209.00000000,21045489,21045489,1782864341102831,False,True
12327916,0.03346000,209.00000000,21045490,21045490,1782864343104709,False,True
12327917,0.03346000,210.00000000,21045491,21045491,1782864345105001,False,True
12327918,0.03346000,209.00000000,21045492,21045492,1782864347106182,False,True
12327919,0.03346000,209.00000000,21045493,21045493,1782864349107290,False,True
12327920,0.03346000,209.00000000,21045494,21045494,1782864351108785,False,True
12327921,0.03346000,210.00000000,21045495,21045495,1782864353110082,False,True
12327922,0.03346000,209.00000000,21045496,21045496,1782864355111636,False,True
12327923,0.03346000,209.00000000,21045497,21045497,1782864357111979,False,True
12327924,0.03346000,209.00000000,21045498,21045498,1782864359113143,False,True
12327925,0.03346000,209.00000000,21045499,21045500,1782864361116958,False,True
12327926,0.03346000,210.00000000,21045501,21045501,1782864363117073,False,True
12327927,0.03346000,209.00000000,21045502,21045502,1782864365120106,False,True
12327928,0.03346000,209.00000000,21045503,21045504,1782864367120129,False,True
12327929,0.03346000,209.00000000,21045505,21045505,1782864369120399,False,True
12327930,0.03346000,209.00000000,21045506,21045506,1782864371130122,False,True
12327931,0.03346000,210.00000000,21045507,21045507,1782864373136888,False,True
12327932,0.03345000,2879.00000000,21045508,21045508,1782864373475211,True,True
12327933,0.03346000,209.00000000,21045509,21045509,1782864375136559,False,True
12327934,0.03346000,209.00000000,21045510,21045510,1782864377138475,False,True
12327935,0.03346000,209.00000000,21045511,21045512,1782864379138892,False,True
12327936,0.03346000,3053.00000000,21045513,21045514,1782864379228111,True,True
12327937,0.03345000,154.00000000,21045515,21045515,1782864379229402,True,True
12327938,0.03345000,209.00000000,21045516,21045516,1782864381140826,False,True
12327939,0.03345000,210.00000000,21045517,21045517,1782864383142888,False,True
12327940,0.03345000,209.00000000,21045518,21045518,1782864385142982,False,True
12327941,0.03345000,209.00000000,21045519,21045519,1782864387144568,False,True
12327942,0.03345000,210.00000000,21045520,21045520,1782864389145753,False,True
12327943,0.03345000,209.00000000,21045521,21045521,1782864391145694,False,True
12327944,0.03345000,209.00000000,21045522,21045522,1782864393147464,False,True
12327945,0.03345000,209.00000000,21045523,21045523,1782864395148326,False,True
12327946,0.03345000,210.00000000,21045524,21045524,1782864397149377,False,True
12327947,0.03345000,209.00000000,21045525,21045525,1782864399150682,False,True
12327948,0.03345000,209.00000000,21045526,21045526,1782864401152036,False,True
12327949,0.03345000,2409.00000000,21045527,21045529,1782864401153720,False,True
12327950,0.03346000,209.00000000,21045530,21045531,1782864403153217,False,True
12327951,0.03346000,210.00000000,21045532,21045532,1782864405153829,False,True
12327952,0.03346000,209.00000000,21045533,21045533,1782864407155281,False,True
12327953,0.03346000,209.00000000,21045534,21045534,1782864409157487,False,True
12327954,0.03346000,209.00000000,21045535,21045536,1782864411161613,False,True
12327955,0.03346000,209.00000000,21045537,21045537,1782864413163338,False,True
12327956,0.03346000,210.00000000,21045538,21045538,1782864415163602,False,True
12327957,0.03346000,209.00000000,21045539,21045539,1782864417165833,False,True
12327958,0.03346000,209.00000000,21045540,21045540,1782864419166826,False,True
12327959,0.03346000,209.00000000,21045541,21045541,1782864421168857,False,True
12327960,0.03346000,209.00000000,21045542,21045542,1782864423169346,False,True
12327961,0.03346000,210.00000000,21045543,21045543,1782864425173609,False,True
12327962,0.03346000,209.00000000,21045544,21045544,1782864427175179,False,True
12327963,0.03346000,680.00000000,21045545,21045546,1782864428122483,False,True
12327964,0.03347000,209.00000000,21045547,21045547,1782864429176303,False,True
12327965,0.03347000,209.00000000,21045548,21045548,1782864431178440,False,True
12327966,0.03347000,209.00000000,21045549,21045549,1782864433178446,False,True
12327967,0.03347000,209.00000000,21045550,21045550,1782864435180490,False,True
12327968,0.03347000,209.00000000,21045551,21045551,1782864437181832,False,True
12327969,0.03347000,210.00000000,21045552,21045552,1782864439182404,False,True
12327970,0.03347000,209.00000000,21045553,21045553,1782864441183957,False,True
12327971,0.03347000,209.00000000,21045554,21045554,1782864443186348,False,True
12327972,0.03347000,209.00000000,21045555,21045555,1782864445189534,False,True
12327973,0.03347000,209.00000000,21045556,21045556,1782864447189742,False,True
12327974,0.03347000,209.00000000,21045557,21045557,1782864449191115,False,True
12327975,0.03347000,209.00000000,21045558,21045559,1782864451194200,False,True
12327976,0.03347000,210.00000000,21045560,21045560,1782864453195888,False,True
12327977,0.03347000,209.00000000,21045561,21045561,1782864455196251,False,True
12327978,0.03347000,209.00000000,21045562,21045562,1782864457198376,False,True
12327979,0.03347000,22.00000000,21045563,21045563,1782864459199977,False,True
12327980,0.03348000,187.00000000,21045564,21045564,1782864459199977,False,True
12327981,0.03348000,209.00000000,21045565,21045566,1782864461199218,False,True
12327982,0.03348000,209.00000000,21045567,21045567,1782864463199152,False,True
12327983,0.03348000,209.00000000,21045568,21045568,1782864465200542,False,True
12327984,0.03348000,195.00000000,21045569,21045569,1782864467200844,False,True
12327985,0.03349000,14.00000000,21045570,21045570,1782864467200844,False,True
12327986,0.03348000,1368.00000000,21045571,21045572,1782864467384966,True,True
12327987,0.03347000,12005.00000000,21045573,21045574,1782864467388968,True,True
12327988,0.03346000,4914.00000000,21045575,21045576,1782864467389073,True,True
12327989,0.03347000,500.00000000,21045577,21045577,1782864467390529,True,True
12327990,0.03346000,210.00000000,21045578,21045578,1782864469202476,False,True
12327991,0.03346000,209.00000000,21045579,21045579,1782864471204469,False,True
12327992,0.03346000,209.00000000,21045580,21045580,1782864473205800,False,True
12327993,0.03346000,209.00000000,21045581,21045581,1782864475207743,False,True
12327994,0.03346000,209.00000000,21045582,21045583,1782864477209140,False,True
12327995,0.03346000,210.00000000,21045584,21045585,1782864479210125,False,True
12327996,0.03346000,209.00000000,21045586,21045586,1782864481213110,False,True
12327997,0.03346000,209.00000000,21045587,21045588,1782864483213573,False,True
12327998,0.03346000,209.00000000,21045589,21045589,1782864485215888,False,True
12327999,0.03346000,209.00000000,21045590,21045591,1782864487218411,False,True
12328000,0.03346000,210.00000000,21045592,21045592,1782864489219706,False,True
12328001,0.03346000,209.00000000,21045593,21045593,1782864491223059,False,True
12328002,0.03346000,209.00000000,21045594,21045594,1782864493224466,False,True
12328003,0.03346000,209.00000000,21045595,21045595,1782864495226707,False,True
12328004,0.03346000,209.00000000,21045596,21045596,1782864497227464,False,True
12328005,0.03346000,210.00000000,21045597,21045597,1782864499227620,False,True
12328006,0.03346000,4370.00000000,21045598,21045601,1782864499830933,False,True
12328007,0.03347000,154.00000000,21045602,21045602,1782864499830933,False,True
12328008,0.03348000,154.00000000,21045603,21045603,1782864499830933,False,True
12328009,0.03349000,599.00000000,21045604,21045605,1782864499831155,False,True
12328010,0.03349000,599.00000000,21045606,21045606,1782864499831198,False,True
12328011,0.03349000,599.00000000,21045607,21045607,1782864499831203,False,True
12328012,0.03349000,599.00000000,21045608,21045608,1782864499831814,False,True
12328013,0.03347000,599.00000000,21045609,21045610,1782864499861332,False,True
12328014,0.03347000,209.00000000,21045611,21045611,1782864501227885,False,True
12328015,0.03347000,209.00000000,21045612,21045612,1782864503230155,False,True
12328016,0.03347000,209.00000000,21045613,21045613,1782864505231314,False,True
12328017,0.03347000,209.00000000,21045614,21045614,1782864507233854,False,True
12328018,0.03346000,500.00000000,21045615,21045615,1782864507262058,True,True
12328019,0.03346000,209.00000000,21045616,21045616,1782864509235740,False,True
12328020,0.03346000,210.00000000,21045617,21045617,1782864511235433,False,True
12328021,0.03346000,209.00000000,21045618,21045618,1782864513238962,False,True
12328022,0.03346000,209.00000000,21045619,21045619,1782864515239090,False,True
12328023,0.03345000,654.00000000,21045620,21045621,1782864515263826,True,True
12328024,0.03345000,581.00000000,21045622,21045622,1782864515274376,False,True
12328025,0.03346000,209.00000000,21045623,21045624,1782864517240488,False,True
12328026,0.03346000,209.00000000,21045625,21045625,1782864519241633,False,True
12328027,0.03346000,210.00000000,21045626,21045626,1782864521242812,False,True
12328028,0.03346000,148.00000000,21045627,21045627,1782864523243126,False,True
12328029,0.03347000,61.00000000,21045628,21045628,1782864523243126,False,True
12328030,0.03347000,209.00000000,21045629,21045629,1782864525245545,False,True
12328031,0.03347000,209.00000000,21045630,21045630,1782864527245749,False,True
12328032,0.03347000,209.00000000,21045631,21045631,1782864529248051,False,True
12328033,0.03347000,209.00000000,21045632,21045632,1782864531248627,False,True
12328034,0.03347000,210.00000000,21045633,21045633,1782864533258652,False,True
12328035,0.03347000,209.00000000,21045634,21045634,1782864535259892,False,True
12328036,0.03347000,209.00000000,21045635,21045635,1782864537261076,False,True
12328037,0.03347000,209.00000000,21045636,21045636,1782864539261897,False,True
12328038,0.03347000,209.00000000,21045637,21045637,1782864541261066,False,True
12328039,0.03347000,209.00000000,21045638,21045638,1782864543263946,False,True
12328040,0.03347000,209.00000000,21045639,21045640,1782864545264544,False,True
12328041,0.03347000,210.00000000,21045641,21045642,1782864547265389,False,True
12328042,0.03347000,209.00000000,21045643,21045643,1782864549269276,False,True
12328043,0.03347000,209.00000000,21045644,21045644,1782864551268838,False,True
12328044,0.03347000,209.00000000,21045645,21045645,1782864553271586,False,True
12328045,0.03347000,209.00000000,21045646,21045646,1782864555272138,False,True
12328046,0.03347000,209.00000000,21045647,21045647,1782864557275387,False,True
12328047,0.03347000,209.00000000,21045648,21045649,1782864559276883,False,True
12328048,0.03347000,210.00000000,21045650,21045650,1782864561278632,False,True
12328049,0.03347000,209.00000000,21045651,21045651,1782864563279622,False,True
12328050,0.03347000,209.00000000,21045652,21045652,1782864565280769,False,True
12328051,0.03347000,209.00000000,21045653,21045653,1782864567282419,False,True
12328052,0.03347000,209.00000000,21045654,21045654,1782864569285114,False,True
12328053,0.03347000,209.00000000,21045655,21045655,1782864571290427,False,True
12328054,0.03347000,209.00000000,21045656,21045656,1782864573291299,False,True
12328055,0.03347000,210.00000000,21045657,21045657,1782864575293716,False,True
12328056,0.03347000,209.00000000,21045658,21045658,1782864577297841,False,True
12328057,0.03347000,209.00000000,21045659,21045659,1782864579300408,False,True
12328058,0.03346000,500.00000000,21045660,21045660,1782864581125238,True,True
12328059,0.03345000,3305.00000000,21045661,21045663,1782864581127865,True,True
12328060,0.03344000,752.00000000,21045664,21045665,1782864581129399,True,True
12328061,0.03344000,209.00000000,21045666,21045666,1782864581302842,False,True
12328062,0.03344000,209.00000000,21045667,21045667,1782864583303470,False,True
12328063,0.03344000,210.00000000,21045668,21045668,1782864585307905,False,True
12328064,0.03343000,208.00000000,21045669,21045669,1782864586070366,True,True
12328065,0.03344000,209.00000000,21045670,21045670,1782864587309804,False,True
12328066,0.03344000,209.00000000,21045671,21045671,1782864589311494,False,True
12328067,0.03344000,210.00000000,21045672,21045672,1782864591312071,False,True
12328068,0.03344000,209.00000000,21045673,21045673,1782864593319364,False,True
12328069,0.03343000,654.00000000,21045674,21045675,1782864593663650,True,True
12328070,0.03343000,209.00000000,21045676,21045676,1782864595321453,False,True
12328071,0.03343000,210.00000000,21045677,21045677,1782864597323234,False,True
12328072,0.03343000,209.00000000,21045678,21045678,1782864599324047,False,True
12328073,0.03343000,210.00000000,21045679,21045680,1782864601324647,False,True
12328074,0.03343000,209.00000000,21045681,21045681,1782864603327495,False,True
12328075,0.03343000,209.00000000,21045682,21045682,1782864605328049,False,True
12328076,0.03343000,210.00000000,21045683,21045684,1782864607331534,False,True
12328077,0.03343000,209.00000000,21045685,21045685,1782864609331757,False,True
12328078,0.03343000,210.00000000,21045686,21045687,1782864611331342,False,True
12328079,0.03343000,209.00000000,21045688,21045688,1782864613333073,False,True
12328080,0.03343000,209.00000000,21045689,21045690,1782864615332777,False,True
12328081,0.03343000,210.00000000,21045691,21045691,1782864617333516,False,True
12328082,0.03343000,209.00000000,21045692,21045693,1782864619335248,False,True
12328083,0.03343000,210.00000000,21045694,21045694,1782864621336244,False,True
12328084,0.03343000,209.00000000,21045695,21045696,1782864623338875,False,True
12328085,0.03342000,654.00000000,21045697,21045698,1782864624953371,True,True
12328086,0.03342000,209.00000000,21045699,21045699,1782864625339684,False,True
12328087,0.03342000,210.00000000,21045700,21045700,1782864627343679,False,True
12328088,0.03342000,209.00000000,21045701,21045702,1782864629344831,False,True
12328089,0.03342000,1497.00000000,21045703,21045704,1782864631071773,False,True
12328090,0.03342000,210.00000000,21045705,21045705,1782864631348545,False,True
12328091,0.03342000,209.00000000,21045706,21045706,1782864633349502,False,True
12328092,0.03342000,210.00000000,21045707,21045708,1782864635351497,False,True
12328093,0.03342000,209.00000000,21045709,21045710,1782864637354147,False,True
12328094,0.03342000,210.00000000,21045711,21045711,1782864639354329,False,True
12328095,0.03342000,209.00000000,21045712,21045712,1782864641355636,False,True
12328096,0.03342000,210.00000000,21045713,21045713,1782864643356285,False,True
12328097,0.03342000,209.00000000,21045714,21045714,1782864645357712,False,True
12328098,0.03342000,209.00000000,21045715,21045715,1782864647359464,False,True
12328099,0.03342000,210.00000000,21045716,21045716,1782864649361771,False,True
12328100,0.03342000,209.00000000,21045717,21045718,1782864651368366,False,True
12328101,0.03342000,210.00000000,21045719,21045719,1782864653369152,False,True
12328102,0.03342000,209.00000000,21045720,21045720,1782864655370114,False,True
12328103,0.03342000,207.00000000,21045721,21045721,1782864657379589,False,True
12328104,0.03343000,3.00000000,21045722,21045722,1782864657379589,False,True
12328105,0.03343000,209.00000000,21045723,21045724,1782864659380833,False,True
12328106,0.03343000,210.00000000,21045725,21045725,1782864661381464,False,True
12328107,0.03343000,209.00000000,21045726,21045726,1782864663382008,False,True
12328108,0.03343000,209.00000000,21045727,21045727,1782864665384172,False,True
12328109,0.03343000,210.00000000,21045728,21045729,1782864667385999,False,True
12328110,0.03343000,209.00000000,21045730,21045730,1782864669390838,False,True
12328111,0.03344000,209.00000000,21045731,21045731,1782864671390980,False,True
12328112,0.03344000,210.00000000,21045732,21045732,1782864673391956,False,True
12328113,0.03344000,209.00000000,21045733,21045733,1782864675394297,False,True
12328114,0.03344000,209.00000000,21045734,21045735,1782864677395201,False,True
12328115,0.03344000,210.00000000,21045736,21045736,1782864679397506,False,True
12328116,0.03344000,209.00000000,21045737,21045737,1782864681399476,False,True
12328117,0.03344000,78.00000000,21045738,21045738,1782864683402058,False,True
12328118,0.03345000,131.00000000,21045739,21045739,1782864683402058,False,True
12328119,0.03345000,23.00000000,21045740,21045740,1782864685403693,False,True
12328120,0.03346000,187.00000000,21045741,21045741,1782864685403693,False,True
12328121,0.03346000,209.00000000,21045742,21045743,1782864687405298,False,True
12328122,0.03346000,209.00000000,21045744,21045744,1782864689406636,False,True
12328123,0.03346000,209.00000000,21045745,21045745,1782864691406627,False,True
12328124,0.03346000,209.00000000,21045746,21045746,1782864693408023,False,True
12328125,0.03346000,210.00000000,21045747,21045747,1782864695408661,False,True
12328126,0.03346000,209.00000000,21045748,21045748,1782864697410387,False,True
12328127,0.03346000,163.00000000,21045749,21045749,1782864699410945,False,True
12328128,0.03347000,46.00000000,21045750,21045750,1782864699410945,False,True
12328129,0.03347000,209.00000000,21045751,21045751,1782864701411135,False,True
12328130,0.03347000,209.00000000,21045752,21045752,1782864703412572,False,True
12328131,0.03347000,209.00000000,21045753,21045753,1782864705415271,False,True
12328132,0.03347000,210.00000000,21045754,21045754,1782864707416760,False,True
12328133,0.03347000,209.00000000,21045755,21045755,1782864709416436,False,True
12328134,0.03347000,209.00000000,21045756,21045758,1782864711428634,False,True
12328135,0.03347000,209.00000000,21045759,21045760,1782864713427420,False,True
12328136,0.03346000,500.00000000,21045761,21045761,1782864714296642,True,True
12328137,0.03345000,154.00000000,21045762,21045762,1782864714296946,True,True
12328138,0.03345000,209.00000000,21045763,21045763,1782864715427704,False,True
12328139,0.03345000,210.00000000,21045764,21045764,1782864717430730,False,True
12328140,0.03345000,209.00000000,21045765,21045765,1782864719430295,False,True
12328141,0.03345000,209.00000000,21045766,21045766,1782864721432669,False,True
12328142,0.03345000,209.00000000,21045767,21045767,1782864723433165,False,True
12328143,0.03345000,210.00000000,21045768,21045769,1782864725437317,False,True
12328144,0.03345000,209.00000000,21045770,21045770,1782864727439880,False,True
12328145,0.03345000,209.00000000,21045771,21045771,1782864729443146,False,True
12328146,0.03346000,209.00000000,21045772,21045772,1782864731446166,False,True
12328147,0.03346000,210.00000000,21045773,21045773,1782864733445854,False,True
12328148,0.03346000,209.00000000,21045774,21045775,1782864735447901,False,True
12328149,0.03346000,209.00000000,21045776,21045776,1782864737452706,False,True
12328150,0.03346000,209.00000000,21045777,21045777,1782864739456294,False,True
12328151,0.03346000,209.00000000,21045778,21045779,1782864741456627,False,True
12328152,0.03346000,210.00000000,21045780,21045780,1782864743457775,False,True
12328153,0.03346000,102.00000000,21045781,21045781,1782864745457606,False,True
12328154,0.03347000,107.00000000,21045782,21045782,1782864745457606,False,True
12328155,0.03347000,209.00000000,21045783,21045783,1782864747462916,False,True
12328156,0.03346000,4337.00000000,21045784,21045786,1782864748221902,True,True
12328157,0.03346000,209.00000000,21045787,21045787,1782864749464442,False,True
12328158,0.03346000,209.00000000,21045788,21045788,1782864751464995,False,True
12328159,0.03346000,209.00000000,21045789,21045789,1782864753467707,False,True
12328160,0.03346000,210.00000000,21045790,21045790,1782864755468063,False,True
12328161,0.03346000,209.00000000,21045791,21045792,1782864757468965,False,True
12328162,0.03346000,209.00000000,21045793,21045793,1782864759472339,False,True
12328163,0.03346000,209.00000000,21045794,21045794,1782864761472603,False,True
12328164,0.03346000,210.00000000,21045795,21045795,1782864763475016,False,True
12328165,0.03346000,209.00000000,21045796,21045796,1782864765475618,False,True
12328166,0.03346000,209.00000000,21045797,21045797,1782864767476267,False,True
12328167,0.03346000,209.00000000,21045798,21045798,1782864769477785,False,True
12328168,0.03346000,209.00000000,21045799,21045799,1782864771479065,False,True
12328169,0.03346000,210.00000000,21045800,21045800,1782864773480751,False,True
12328170,0.03346000,209.00000000,21045801,21045801,1782864775482422,False,True
12328171,0.03346000,209.00000000,21045802,21045802,1782864777482616,False,True
12328172,0.03346000,209.00000000,21045803,21045803,1782864779483525,False,True
12328173,0.03346000,209.00000000,21045804,21045804,1782864781485406,False,True
12328174,0.03346000,210.00000000,21045805,21045805,1782864783485627,False,True
12328175,0.03346000,209.00000000,21045806,21045806,1782864785486927,False,True
12328176,0.03346000,591.00000000,21045807,21045807,1782864786634726,False,True
12328177,0.03346000,209.00000000,21045808,21045809,1782864787487537,False,True
12328178,0.03346000,209.00000000,21045810,21045810,1782864789489159,False,True
12328179,0.03346000,209.00000000,21045811,21045811,1782864791491173,False,True
12328180,0.03345000,2501.00000000,21045812,21045814,1782864791507586,True,True
12328181,0.03345000,2100.00000000,21045815,21045815,1782864791636527,True,True
12328182,0.03345000,1680.00000000,21045816,21045816,1782864792542791,True,True
12328183,0.03345000,1680.00000000,21045817,21045817,1782864792545992,True,True
12328184,0.03346000,210.00000000,21045818,21045819,1782864793492506,False,True
12328185,0.03346000,209.00000000,21045820,21045821,1782864795495604,False,True
12328186,0.03346000,209.00000000,21045822,21045822,1782864797497315,False,True
12328187,0.03346000,209.00000000,21045823,21045823,1782864799499040,False,True
12328188,0.03346000,209.00000000,21045824,21045824,1782864801501156,False,True
12328189,0.03346000,210.00000000,21045825,21045825,1782864803503712,False,True
12328190,0.03346000,209.00000000,21045826,21045826,1782864805506823,False,True
12328191,0.03346000,209.00000000,21045827,21045827,1782864807507381,False,True
12328192,0.03346000,209.00000000,21045828,21045828,1782864809509559,False,True
12328193,0.03346000,209.00000000,21045829,21045830,1782864811510096,False,True
12328194,0.03346000,210.00000000,21045831,21045831,1782864813510466,False,True
12328195,0.03347000,209.00000000,21045832,21045832,1782864815513897,False,True
12328196,0.03347000,209.00000000,21045833,21045833,1782864817516867,False,True
12328197,0.03347000,209.00000000,21045834,21045834,1782864819517671,False,True
12328198,0.03347000,209.00000000,21045835,21045835,1782864821518794,False,True
12328199,0.03347000,209.00000000,21045836,21045836,1782864823518712,False,True
12328200,0.03347000,210.00000000,21045837,21045837,1782864825520995,False,True
12328201,0.03347000,209.00000000,21045838,21045838,1782864827521745,False,True
12328202,0.03347000,209.00000000,21045839,21045839,1782864829523834,False,True
12328203,0.03347000,209.00000000,21045840,21045840,1782864831527646,False,True
12328204,0.03347000,209.00000000,21045841,21045841,1782864833528697,False,True
12328205,0.03347000,209.00000000,21045842,21045842,1782864835531730,False,True
12328206,0.03347000,209.00000000,21045843,21045843,1782864837533041,False,True
12328207,0.03347000,210.00000000,21045844,21045844,1782864839533381,False,True
12328208,0.03347000,209.00000000,21045845,21045845,1782864841535820,False,True
12328209,0.03347000,209.00000000,21045846,21045847,1782864843538774,False,True
12328210,0.03347000,209.00000000,21045848,21045848,1782864845540694,False,True
12328211,0.03347000,209.00000000,21045849,21045849,1782864847541485,False,True
12328212,0.03347000,209.00000000,21045850,21045850,1782864849542043,False,True
12328213,0.03347000,209.00000000,21045851,21045851,1782864851544435,False,True
12328214,0.03347000,209.00000000,21045852,21045852,1782864853545763,False,True
12328215,0.03347000,210.00000000,21045853,21045853,1782864855548109,False,True
12328216,0.03347000,209.00000000,21045854,21045854,1782864857549307,False,True
12328217,0.03347000,209.00000000,21045855,21045856,1782864859551257,False,True
12328218,0.03347000,209.00000000,21045857,21045857,1782864861553756,False,True
12328219,0.03347000,209.00000000,21045858,21045858,1782864863553876,False,True
12328220,0.03347000,209.00000000,21045859,21045859,1782864865555783,False,True
12328221,0.03347000,209.00000000,21045860,21045860,1782864867558383,False,True
12328222,0.03347000,210.00000000,21045861,21045861,1782864869559601,False,True
12328223,0.03347000,209.00000000,21045862,21045862,1782864871562435,False,True
12328224,0.03347000,209.00000000,21045863,21045863,1782864873563117,False,True
12328225,0.03347000,209.00000000,21045864,21045864,1782864875564069,False,True
12328226,0.03347000,209.00000000,21045865,21045865,1782864877564376,False,True
12328227,0.03347000,209.00000000,21045866,21045866,1782864879565235,False,True
12328228,0.03347000,209.00000000,21045867,21045867,1782864881566778,False,True
12328229,0.03347000,210.00000000,21045868,21045868,1782864883569057,False,True
12328230,0.03347000,209.00000000,21045869,21045869,1782864885569856,False,True
12328231,0.03347000,209.00000000,21045870,21045870,1782864887573509,False,True
12328232,0.03347000,209.00000000,21045871,21045871,1782864889574171,False,True
12328233,0.03347000,209.00000000,21045872,21045872,1782864891574423,False,True
12328234,0.03347000,209.00000000,21045873,21045874,1782864893580652,False,True
12328235,0.03347000,209.00000000,21045875,21045875,1782864895576536,False,True
12328236,0.03347000,210.00000000,21045876,21045876,1782864897577287,False,True
12328237,0.03347000,209.00000000,21045877,21045878,1782864899578744,False,True
12328238,0.03347000,209.00000000,21045879,21045879,1782864901579023,False,True
12328239,0.03347000,209.00000000,21045880,21045880,1782864903580809,False,True
12328240,0.03346000,500.00000000,21045881,21045881,1782864905051652,True,True
12328241,0.03345000,654.00000000,21045882,21045883,1782864905080046,True,True
12328242,0.03345000,298.00000000,21045884,21045884,1782864905086337,True,True
12328243,0.03345000,500.00000000,21045885,21045886,1782864905103622,True,True
12328244,0.03344000,654.00000000,21045887,21045888,1782864905285256,True,True
12328245,0.03344000,209.00000000,21045889,21045889,1782864905580958,False,True
12328246,0.03344000,210.00000000,21045890,21045890,1782864907581579,False,True
12328247,0.03344000,209.00000000,21045891,21045891,1782864909582184,False,True
12328248,0.03344000,209.00000000,21045892,21045893,1782864911583634,False,True
12328249,0.03344000,210.00000000,21045894,21045894,1782864913584384,False,True
12328250,0.03344000,209.00000000,21045895,21045895,1782864915586514,False,True
12328251,0.03344000,209.00000000,21045896,21045897,1782864917588190,False,True
12328252,0.03344000,210.00000000,21045898,21045898,1782864919589803,False,True
12328253,0.03344000,209.00000000,21045899,21045900,1782864921592163,False,True
12328254,0.03344000,209.00000000,21045901,21045901,1782864923593071,False,True
12328255,0.03344000,210.00000000,21045902,21045903,1782864925596276,False,True
12328256,0.03344000,209.00000000,21045904,21045904,1782864927597616,False,True
12328257,0.03344000,209.00000000,21045905,21045906,1782864929600218,False,True
12328258,0.03344000,210.00000000,21045907,21045907,1782864931600958,False,True
12328259,0.03344000,209.00000000,21045908,21045909,1782864933603716,False,True
12328260,0.03344000,209.00000000,21045910,21045910,1782864935619262,False,True
12328261,0.03344000,210.00000000,21045911,21045912,1782864937622070,False,True
12328262,0.03344000,209.00000000,21045913,21045913,1782864939632098,False,True
12328263,0.03344000,209.00000000,21045914,21045915,1782864941632233,False,True
12328264,0.03344000,210.00000000,21045916,21045916,1782864943633093,False,True
12328265,0.03344000,392.00000000,21045917,21045918,1782864944700674,False,True
12328266,0.03344000,209.00000000,21045919,21045919,1782864945633470,False,True
12328267,0.03344000,209.00000000,21045920,21045921,1782864947634188,False,True
12328268,0.03344000,210.00000000,21045922,21045923,1782864949634349,False,True
12328269,0.03344000,209.00000000,21045924,21045924,1782864951634790,False,True
12328270,0.03344000,209.00000000,21045925,21045925,1782864953636392,False,True
12328271,0.03344000,210.00000000,21045926,21045926,1782864955637440,False,True
12328272,0.03344000,209.00000000,21045927,21045927,1782864957638507,False,True
12328273,0.03344000,209.00000000,21045928,21045928,1782864959639473,False,True
12328274,0.03344000,210.00000000,21045929,21045929,1782864961641351,False,True
12328275,0.03344000,209.00000000,21045930,21045930,1782864963643518,False,True
12328276,0.03344000,209.00000000,21045931,21045931,1782864965646018,False,True
12328277,0.03344000,210.00000000,21045932,21045932,1782864967648270,False,True
12328278,0.03344000,209.00000000,21045933,21045933,1782864969648239,False,True
12328279,0.03344000,209.00000000,21045934,21045934,1782864971652253,False,True
12328280,0.03344000,210.00000000,21045935,21045935,1782864973653947,False,True
12328281,0.03344000,209.00000000,21045936,21045936,1782864975655744,False,True
12328282,0.03344000,209.00000000,21045937,21045937,1782864977655618,False,True
12328283,0.03344000,210.00000000,21045938,21045938,1782864979655816,False,True
12328284,0.03344000,209.00000000,21045939,21045939,1782864981657883,False,True
12328285,0.03344000,209.00000000,21045940,21045941,1782864983661372,False,True
12328286,0.03344000,210.00000000,21045942,21045942,1782864985662358,False,True
12328287,0.03344000,209.00000000,21045943,21045943,1782864987663554,False,True
12328288,0.03344000,209.00000000,21045944,21045944,1782864989664398,False,True
12328289,0.03344000,210.00000000,21045945,21045945,1782864991664677,False,True
12328290,0.03344000,209.00000000,21045946,21045946,1782864993665633,False,True
12328291,0.03344000,1108.00000000,21045947,21045949,1782864995666081,False,True
12328292,0.03344000,221.00000000,21045950,21045950,1782864995667497,False,True
12328293,0.03345000,154.00000000,21045951,21045951,1782864995667497,False,True
12328294,0.03346000,224.00000000,21045952,21045952,1782864995667497,False,True
12328295,0.03346000,599.00000000,21045953,21045953,1782864995667658,False,True
12328296,0.03346000,599.00000000,21045954,21045954,1782864995667672,False,True
12328297,0.03346000,154.00000000,21045955,21045955,1782864995667732,False,True
12328298,0.03347000,599.00000000,21045956,21045956,1782864995667739,False,True
12328299,0.03347000,599.00000000,21045957,21045957,1782864995667749,False,True
12328300,0.03347000,599.00000000,21045958,21045958,1782864995667753,False,True
12328301,0.03347000,599.00000000,21045959,21045959,1782864995667783,False,True
12328302,0.03347000,599.00000000,21045960,21045960,1782864995667801,False,True
12328303,0.03347000,599.00000000,21045961,21045961,1782864995667806,False,True
12328304,0.03347000,335.00000000,21045962,21045963,1782864995667841,False,True
12328305,0.03348000,264.00000000,21045964,21045965,1782864995667841,False,True
12328306,0.03348000,599.00000000,21045966,21045966,1782864995667894,False,True
12328307,0.03348000,599.00000000,21045967,21045967,1782864995667915,False,True
12328308,0.03348000,599.00000000,21045968,21045968,1782864995667920,False,True
12328309,0.03348000,599.00000000,21045969,21045969,1782864995667997,False,True
12328310,0.03348000,599.00000000,21045970,21045970,1782864995668056,False,True
12328311,0.03348000,332.00000000,21045971,21045971,1782864995668060,False,True
12328312,0.03349000,267.00000000,21045972,21045972,1782864995668060,False,True
12328313,0.03349000,599.00000000,21045973,21045973,1782864995668146,False,True
12328314,0.03349000,599.00000000,21045974,21045976,1782864995668254,False,True
12328315,0.03346000,496.00000000,21045977,21045977,1782864995668695,False,True
12328316,0.03349000,103.00000000,21045978,21045978,1782864995668695,False,True
12328317,0.03347000,599.00000000,21045979,21045979,1782864995669533,False,True
12328318,0.03349000,599.00000000,21045980,21045980,1782864995683862,False,True
12328319,0.03349000,599.00000000,21045981,21045981,1782864995685373,False,True
12328320,0.03349000,599.00000000,21045982,21045982,1782864995687990,False,True
12328321,0.03349000,209.00000000,21045983,21045983,1782864996002045,False,True
12328322,0.03349000,209.00000000,21045984,21045984,1782864997670903,False,True
12328323,0.03349000,209.00000000,21045985,21045985,1782864999671975,False,True
12328324,0.03349000,209.00000000,21045986,21045986,1782865001672495,False,True
12328325,0.03349000,209.00000000,21045987,21045987,1782865003674801,False,True
12328326,0.03349000,209.00000000,21045988,21045988,1782865005675427,False,True
12328327,0.03349000,209.00000000,21045989,21045989,1782865007677336,False,True
12328328,0.03349000,209.00000000,21045990,21045990,1782865009680539,False,True
12328329,0.03349000,209.00000000,21045991,21045991,1782865011683755,False,True
12328330,0.03349000,209.00000000,21045992,21045992,1782865013683429,False,True
12328331,0.03349000,209.00000000,21045993,21045993,1782865015684133,False,True
12328332,0.03349000,209.00000000,21045994,21045994,1782865017685068,False,True
12328333,0.03349000,209.00000000,21045995,21045995,1782865019686139,False,True
12328334,0.03349000,209.00000000,21045996,21045996,1782865021686763,False,True
12328335,0.03349000,209.00000000,21045997,21045997,1782865023689773,False,True
12328336,0.03349000,209.00000000,21045998,21045998,1782865025690576,False,True
12328337,0.03349000,209.00000000,21045999,21045999,1782865027691164,False,True
12328338,0.03349000,209.00000000,21046000,21046000,1782865029693124,False,True
12328339,0.03349000,209.00000000,21046001,21046001,1782865031695340,False,True
12328340,0.03348000,13162.00000000,21046002,21046004,1782865032320008,True,True
12328341,0.03348000,9552.00000000,21046005,21046020,1782865032322746,True,True
12328342,0.03348000,298.00000000,21046021,21046021,1782865032324134,True,True
12328343,0.03348000,500.00000000,21046022,21046022,1782865032329237,True,True
12328344,0.03348000,209.00000000,21046023,21046023,1782865033698287,False,True
12328345,0.03348000,209.00000000,21046024,21046024,1782865035699505,False,True
12328346,0.03348000,209.00000000,21046025,21046025,1782865037699922,False,True
12328347,0.03348000,778.00000000,21046026,21046027,1782865038604616,False,True
12328348,0.03349000,598.00000000,21046028,21046028,1782865038606515,False,True
12328349,0.03349000,598.00000000,21046029,21046029,1782865038606568,False,True
12328350,0.03349000,21655.00000000,21046030,21046030,1782865038606692,False,True
12328351,0.03349000,598.00000000,21046031,21046031,1782865038606733,False,True
12328352,0.03349000,598.00000000,21046032,21046032,1782865038606757,False,True
12328353,0.03349000,598.00000000,21046033,21046033,1782865038606782,False,True
12328354,0.03349000,598.00000000,21046034,21046034,1782865038606821,False,True
12328355,0.03349000,598.00000000,21046035,21046035,1782865038606852,False,True
12328356,0.03349000,598.00000000,21046036,21046036,1782865038606869,False,True
12328357,0.03349000,598.00000000,21046037,21046037,1782865038606904,False,True
12328358,0.03349000,598.00000000,21046038,21046038,1782865038606908,False,True
12328359,0.03349000,598.00000000,21046039,21046039,1782865038606920,False,True
12328360,0.03349000,598.00000000,21046040,21046040,1782865038606957,False,True
12328361,0.03349000,598.00000000,21046041,21046041,1782865038606977,False,True
12328362,0.03349000,598.00000000,21046042,21046042,1782865038607029,False,True
12328363,0.03349000,598.00000000,21046043,21046043,1782865038607042,False,True
12328364,0.03349000,598.00000000,21046044,21046044,1782865038607132,False,True
12328365,0.03349000,598.00000000,21046045,21046045,1782865038607165,False,True
12328366,0.03349000,598.00000000,21046046,21046046,1782865038607287,False,True
12328367,0.03349000,598.00000000,21046047,21046047,1782865038607363,False,True
12328368,0.03349000,3053.00000000,21046048,21046048,1782865038607407,False,True
12328369,0.03349000,598.00000000,21046049,21046049,1782865038607890,False,True
12328370,0.03349000,83672.00000000,21046050,21046052,1782865038608317,False,True
12328371,0.03349000,3375.00000000,21046053,21046053,1782865038609696,False,True
12328372,0.03349000,297.00000000,21046054,21046054,1782865038609734,False,True
12328373,0.03349000,297.00000000,21046055,21046055,1782865038611163,False,True
12328374,0.03349000,598.00000000,21046056,21046056,1782865038626726,False,True
12328375,0.03349000,598.00000000,21046057,21046057,1782865038627598,False,True
12328376,0.03349000,598.00000000,21046058,21046058,1782865038629444,False,True
12328377,0.03349000,771.00000000,21046059,21046059,1782865038803403,False,True
12328378,0.03349000,771.00000000,21046060,21046060,1782865038803460,False,True
12328379,0.03349000,771.00000000,21046061,21046061,1782865038803710,False,True
12328380,0.03349000,771.00000000,21046062,21046062,1782865038803826,False,True
12328381,0.03349000,771.00000000,21046063,21046063,1782865038804058,False,True
12328382,0.03349000,2372.00000000,21046064,21046064,1782865038807752,False,True
12328383,0.03349000,598.00000000,21046065,21046065,1782865038807789,False,True
12328384,0.03349000,4146.00000000,21046066,21046066,1782865038807809,False,True
12328385,0.03350000,154.00000000,21046067,21046067,1782865038808029,False,True
12328386,0.03351000,154.00000000,21046068,21046068,1782865038808029,False,True
12328387,0.03352000,290.00000000,21046069,21046069,1782865038808029,False,True
12328388,0.03352000,598.00000000,21046070,21046070,1782865038808101,False,True
12328389,0.03352000,598.00000000,21046071,21046071,1782865038808140,False,True
12328390,0.03352000,598.00000000,21046072,21046072,1782865038808161,False,True
12328391,0.03352000,598.00000000,21046073,21046073,1782865038808191,False,True
12328392,0.03352000,598.00000000,21046074,21046074,1782865038808198,False,True
12328393,0.03352000,598.00000000,21046075,21046077,1782865038808202,False,True
12328394,0.03352000,598.00000000,21046078,21046078,1782865038808205,False,True
12328395,0.03352000,598.00000000,21046079,21046079,1782865038808222,False,True
12328396,0.03352000,598.00000000,21046080,21046080,1782865038808267,False,True
12328397,0.03352000,598.00000000,21046081,21046081,1782865038808328,False,True
12328398,0.03352000,598.00000000,21046082,21046082,1782865038808378,False,True
12328399,0.03352000,598.00000000,21046083,21046083,1782865038808448,False,True
12328400,0.03352000,598.00000000,21046084,21046084,1782865038808490,False,True
12328401,0.03352000,378.00000000,21046085,21046085,1782865038827843,False,True
12328402,0.03352000,46904.00000000,21046086,21046088,1782865038846173,False,True
12328403,0.03352000,598.00000000,21046089,21046089,1782865039152609,False,True
12328404,0.03352000,3375.00000000,21046090,21046090,1782865039152630,False,True
12328405,0.03352000,598.00000000,21046091,21046091,1782865039152635,False,True
12328406,0.03352000,598.00000000,21046092,21046092,1782865039152695,False,True
12328407,0.03352000,598.00000000,21046093,21046093,1782865039152719,False,True
12328408,0.03352000,598.00000000,21046094,21046094,1782865039152849,False,True
12328409,0.03352000,12295.00000000,21046095,21046096,1782865039152950,False,True
12328410,0.03353000,154.00000000,21046097,21046097,1782865039152950,False,True
12328411,0.03354000,598.00000000,21046098,21046099,1782865039152976,False,True
12328412,0.03354000,598.00000000,21046100,21046100,1782865039153048,False,True
12328413,0.03354000,598.00000000,21046101,21046101,1782865039153100,False,True
12328414,0.03354000,598.00000000,21046102,21046102,1782865039153106,False,True
12328415,0.03354000,598.00000000,21046103,21046103,1782865039153363,False,True
12328416,0.03354000,539.00000000,21046104,21046104,1782865039153545,False,True
12328417,0.03355000,59.00000000,21046105,21046105,1782865039153545,False,True
12328418,0.03355000,598.00000000,21046106,21046107,1782865039172173,False,True
12328419,0.03355000,598.00000000,21046108,21046108,1782865039172871,False,True
12328420,0.03355000,598.00000000,21046109,21046109,1782865039173215,False,True
12328421,0.03355000,209.00000000,21046110,21046110,1782865039700209,False,True
12328422,0.03355000,209.00000000,21046111,21046111,1782865041701315,False,True
12328423,0.03355000,2662.00000000,21046112,21046113,1782865041725021,False,True
12328424,0.03354000,3702.00000000,21046114,21046115,1782865041832902,True,True
12328425,0.03353000,653.00000000,21046116,21046117,1782865041884890,True,True
12328426,0.03353000,209.00000000,21046118,21046118,1782865043703695,False,True
12328427,0.03352000,653.00000000,21046119,21046120,1782865044855810,True,True
12328428,0.03351000,153.00000000,21046121,21046121,1782865044855810,True,True
12328429,0.03350000,14132.00000000,21046122,21046126,1782865044855810,True,True
12328430,0.03350000,2674.00000000,21046127,21046128,1782865044908388,False,True
12328431,0.03351000,154.00000000,21046129,21046129,1782865044909526,False,True
12328432,0.03352000,547.00000000,21046130,21046130,1782865044910849,False,True
12328433,0.03352000,154.00000000,21046131,21046131,1782865044911198,False,True
12328434,0.03352000,598.00000000,21046132,21046132,1782865044911876,False,True
12328435,0.03352000,598.00000000,21046133,21046133,1782865044913965,False,True
12328436,0.03352000,318.00000000,21046134,21046134,1782865044914094,False,True
12328437,0.03353000,280.00000000,21046135,21046135,1782865044914094,False,True
12328438,0.03353000,598.00000000,21046136,21046136,1782865044914173,False,True
12328439,0.03353000,598.00000000,21046137,21046137,1782865044914237,False,True
12328440,0.03353000,598.00000000,21046138,21046138,1782865044914240,False,True
12328441,0.03353000,598.00000000,21046139,21046139,1782865044914329,False,True
12328442,0.03353000,598.00000000,21046140,21046140,1782865044914342,False,True
12328443,0.03353000,598.00000000,21046141,21046141,1782865044914347,False,True
12328444,0.03353000,598.00000000,21046142,21046142,1782865044914364,False,True
12328445,0.03353000,598.00000000,21046143,21046143,1782865044914396,False,True
12328446,0.03353000,598.00000000,21046144,21046144,1782865044914430,False,True
12328447,0.03353000,598.00000000,21046145,21046145,1782865044914470,False,True
12328448,0.03353000,598.00000000,21046146,21046146,1782865044914486,False,True
12328449,0.03353000,598.00000000,21046147,21046147,1782865044914560,False,True
12328450,0.03353000,598.00000000,21046148,21046148,1782865044914646,False,True
12328451,0.03353000,598.00000000,21046149,21046149,1782865044915043,False,True
12328452,0.03353000,598.00000000,21046150,21046150,1782865044915077,False,True
12328453,0.03352000,183.00000000,21046151,21046151,1782865044915149,False,True
12328454,0.03353000,415.00000000,21046152,21046152,1782865044915149,False,True
12328455,0.03353000,598.00000000,21046153,21046153,1782865044915192,False,True
12328456,0.03353000,598.00000000,21046154,21046154,1782865044931386,False,True
12328457,0.03353000,598.00000000,21046155,21046155,1782865044933079,False,True
12328458,0.03353000,598.00000000,21046156,21046156,1782865044935297,False,True
12328459,0.03353000,226.00000000,21046157,21046157,1782865045175949,False,True
12328460,0.03353000,371.00000000,21046158,21046158,1782865045177484,False,True
12328461,0.03353000,208.00000000,21046159,21046159,1782865045705747,False,True
12328462,0.03353000,209.00000000,21046160,21046160,1782865047708091,False,True
12328463,0.03353000,209.00000000,21046161,21046161,1782865049709128,False,True
12328464,0.03353000,209.00000000,21046162,21046162,1782865051709977,False,True
12328465,0.03353000,208.00000000,21046163,21046163,1782865053711029,False,True
12328466,0.03353000,209.00000000,21046164,21046164,1782865055713361,False,True
12328467,0.03353000,209.00000000,21046165,21046165,1782865057715227,False,True
12328468,0.03353000,209.00000000,21046166,21046166,1782865059715167,False,True
12328469,0.03353000,1889.00000000,21046167,21046167,1782865061370868,False,True
12328470,0.03353000,208.00000000,21046168,21046168,1782865061715748,False,True
12328471,0.03353000,209.00000000,21046169,21046169,1782865063720637,False,True
12328472,0.03353000,405.00000000,21046170,21046170,1782865064867363,False,True
12328473,0.03353000,192.00000000,21046171,21046171,1782865064925409,False,True
12328474,0.03353000,597.00000000,21046172,21046172,1782865064925482,False,True
12328475,0.03353000,274.00000000,21046173,21046173,1782865064925746,False,True
12328476,0.03353000,597.00000000,21046174,21046174,1782865064925946,False,True
12328477,0.03353000,165.00000000,21046175,21046175,1782865065632331,False,True
12328478,0.03353000,209.00000000,21046176,21046176,1782865065723471,False,True
12328479,0.03353000,209.00000000,21046177,21046177,1782865067726635,False,True
12328480,0.03353000,209.00000000,21046178,21046178,1782865069727973,False,True
12328481,0.03353000,208.00000000,21046179,21046179,1782865071729272,False,True
12328482,0.03353000,209.00000000,21046180,21046180,1782865073729064,False,True
12328483,0.03353000,209.00000000,21046181,21046181,1782865075731526,False,True
12328484,0.03353000,209.00000000,21046182,21046182,1782865077732802,False,True
12328485,0.03353000,208.00000000,21046183,21046183,1782865079734339,False,True
12328486,0.03353000,209.00000000,21046184,21046184,1782865081736074,False,True
12328487,0.03353000,209.00000000,21046185,21046185,1782865083738414,False,True
12328488,0.03353000,209.00000000,21046186,21046186,1782865085738558,False,True
12328489,0.03353000,208.00000000,21046187,21046187,1782865087743684,False,True
12328490,0.03353000,209.00000000,21046188,21046188,1782865089746335,False,True
12328491,0.03353000,209.00000000,21046189,21046189,1782865091749353,False,True
12328492,0.03353000,158.00000000,21046190,21046190,1782865091817179,False,True
12328493,0.03353000,597.00000000,21046191,21046191,1782865091818547,False,True
12328494,0.03353000,597.00000000,21046192,21046192,1782865091818604,False,True
12328495,0.03353000,271.00000000,21046193,21046193,1782865091818640,False,True
12328496,0.03353000,209.00000000,21046194,21046194,1782865093749898,False,True
12328497,0.03353000,209.00000000,21046195,21046195,1782865095751373,False,True
12328498,0.03353000,208.00000000,21046196,21046196,1782865097754284,False,True
12328499,0.03353000,209.00000000,21046197,21046197,1782865099753959,False,True
12328500,0.03353000,209.00000000,21046198,21046198,1782865101757865,False,True
12328501,0.03353000,209.00000000,21046199,21046199,1782865103758259,False,True
12328502,0.03353000,208.00000000,21046200,21046200,1782865105757873,False,True
12328503,0.03353000,209.00000000,21046201,21046201,1782865107759791,False,True
12328504,0.03353000,209.00000000,21046202,21046202,1782865109761322,False,True
12328505,0.03353000,209.00000000,21046203,21046203,1782865111764300,False,True
12328506,0.03353000,172.00000000,21046204,21046204,1782865112674779,False,True
12328507,0.03353000,208.00000000,21046205,21046205,1782865113765837,False,True
12328508,0.03352000,9881.00000000,21046206,21046219,1782865113845311,True,True
12328509,0.03352000,500.00000000,21046220,21046220,1782865113904569,True,True
12328510,0.03351000,3529.00000000,21046221,21046222,1782865113904569,True,True
12328511,0.03350000,3529.00000000,21046223,21046224,1782865113904569,True,True
12328512,0.03349000,4153.00000000,21046225,21046227,1782865113904569,True,True
12328513,0.03350000,2291.00000000,21046228,21046231,1782865113933021,True,True
12328514,0.03350000,5664.00000000,21046232,21046234,1782865113937584,False,True
12328515,0.03351000,3759.00000000,21046235,21046236,1782865113937584,False,True
12328516,0.03350000,153.00000000,21046237,21046237,1782865113949834,False,True
12328517,0.03350000,153.00000000,21046238,21046238,1782865113949979,False,True
12328518,0.03350000,209.00000000,21046239,21046239,1782865115769490,False,True
12328519,0.03350000,209.00000000,21046240,21046240,1782865117772664,False,True
12328520,0.03350000,209.00000000,21046241,21046241,1782865119778997,False,True
12328521,0.03350000,209.00000000,21046242,21046243,1782865121781655,False,True
12328522,0.03350000,209.00000000,21046244,21046244,1782865123783885,False,True
12328523,0.03350000,209.00000000,21046245,21046245,1782865125785970,False,True
12328524,0.03350000,2010.00000000,21046246,21046247,1782865126737137,False,True
12328525,0.03351000,598.00000000,21046248,21046249,1782865126737249,False,True
12328526,0.03350000,724.00000000,21046250,21046250,1782865126739856,False,True
12328527,0.03351000,209.00000000,21046251,21046251,1782865127785841,False,True
12328528,0.03351000,209.00000000,21046252,21046252,1782865129787544,False,True
12328529,0.03351000,209.00000000,21046253,21046253,1782865131788752,False,True
12328530,0.03351000,209.00000000,21046254,21046254,1782865133790883,False,True
12328531,0.03351000,209.00000000,21046255,21046255,1782865135793329,False,True
12328532,0.03351000,209.00000000,21046256,21046256,1782865137794247,False,True
12328533,0.03351000,208.00000000,21046257,21046257,1782865139798598,False,True
12328534,0.03351000,1240.00000000,21046258,21046260,1782865140932914,False,True
12328535,0.03351000,500.00000000,21046261,21046261,1782865141040197,True,True
12328536,0.03351000,281.00000000,21046262,21046262,1782865141048841,False,True
12328537,0.03351000,541.00000000,21046263,21046264,1782865141049396,False,True
12328538,0.03352000,57.00000000,21046265,21046265,1782865141049396,False,True
12328539,0.03352000,230.00000000,21046266,21046266,1782865141054907,False,True
12328540,0.03352000,209.00000000,21046267,21046267,1782865141800158,False,True
12328541,0.03352000,598.00000000,21046268,21046268,1782865142466862,False,True
12328542,0.03352000,209.00000000,21046269,21046269,1782865143802835,False,True
12328543,0.03352000,209.00000000,21046270,21046270,1782865145803888,False,True
12328544,0.03352000,209.00000000,21046271,21046271,1782865147806364,False,True
12328545,0.03352000,209.00000000,21046272,21046272,1782865149805400,False,True
12328546,0.03351000,500.00000000,21046273,21046273,1782865151294110,True,True
12328547,0.03350000,654.00000000,21046274,21046275,1782865151376341,True,True
12328548,0.03349000,8512.00000000,21046276,21046290,1782865151376341,True,True
12328549,0.03348000,154.00000000,21046291,21046291,1782865151378123,True,True
12328550,0.03347000,654.00000000,21046292,21046293,1782865151385766,True,True
12328551,0.03347000,3871.00000000,21046294,21046297,1782865151434408,False,True
12328552,0.03347000,389.00000000,21046298,21046298,1782865151437309,False,True
12328553,0.03347000,500.00000000,21046299,21046299,1782865151439740,False,True
12328554,0.03348000,1636.00000000,21046300,21046301,1782865151747800,False,True
12328555,0.03348000,327.00000000,21046302,21046302,1782865151750853,False,True
12328556,0.03349000,209.00000000,21046303,21046304,1782865152138690,False,True
12328557,0.03349000,209.00000000,21046305,21046305,1782865153810919,False,True
12328558,0.03349000,209.00000000,21046306,21046306,1782865155813314,False,True
12328559,0.03348000,500.00000000,21046307,21046307,1782865156477411,True,True
12328560,0.03348000,209.00000000,21046308,21046308,1782865157813559,False,True
12328561,0.03348000,209.00000000,21046309,21046309,1782865159813346,False,True
12328562,0.03348000,209.00000000,21046310,21046310,1782865161815878,False,True
12328563,0.03348000,2111.00000000,21046311,21046313,1782865162048321,False,True
12328564,0.03349000,3978.00000000,21046314,21046315,1782865162048321,False,True
12328565,0.03348000,422.00000000,21046316,21046316,1782865162052774,False,True
12328566,0.03349000,200.00000000,21046317,21046317,1782865162070149,False,True
12328567,0.03350000,398.00000000,21046318,21046318,1782865162070149,False,True
12328568,0.03350000,598.00000000,21046319,21046320,1782865162072079,False,True
12328569,0.03350000,598.00000000,21046321,21046322,1782865162077111,False,True
12328570,0.03348000,3072.00000000,21046323,21046323,1782865163358290,True,True
12328571,0.03349000,209.00000000,21046324,21046324,1782865163817374,False,True
12328572,0.03349000,209.00000000,21046325,21046325,1782865165818198,False,True
12328573,0.03349000,209.00000000,21046326,21046326,1782865167819012,False,True
12328574,0.03349000,209.00000000,21046327,21046327,1782865169819190,False,True
12328575,0.03349000,209.00000000,21046328,21046328,1782865171820651,False,True
12328576,0.03349000,209.00000000,21046329,21046329,1782865173823209,False,True
12328577,0.03349000,209.00000000,21046330,21046330,1782865175824987,False,True
12328578,0.03349000,209.00000000,21046331,21046331,1782865177827474,False,True
12328579,0.03349000,209.00000000,21046332,21046332,1782865179828755,False,True
12328580,0.03349000,209.00000000,21046333,21046333,1782865181829965,False,True
12328581,0.03349000,209.00000000,21046334,21046334,1782865183832361,False,True
12328582,0.03349000,209.00000000,21046335,21046335,1782865185835237,False,True
12328583,0.03349000,209.00000000,21046336,21046336,1782865187834491,False,True
12328584,0.03349000,209.00000000,21046337,21046337,1782865189836006,False,True
12328585,0.03349000,209.00000000,21046338,21046338,1782865191836096,False,True
12328586,0.03349000,209.00000000,21046339,21046339,1782865193836630,False,True
12328587,0.03349000,209.00000000,21046340,21046341,1782865195837889,False,True
12328588,0.03349000,209.00000000,21046342,21046342,1782865197839954,False,True
12328589,0.03349000,209.00000000,21046343,21046343,1782865199851647,False,True
12328590,0.03349000,209.00000000,21046344,21046345,1782865201853646,False,True
12328591,0.03349000,209.00000000,21046346,21046346,1782865203854258,False,True
12328592,0.03349000,209.00000000,21046347,21046347,1782865205854714,False,True
12328593,0.03349000,209.00000000,21046348,21046349,1782865207856545,False,True
12328594,0.03349000,209.00000000,21046350,21046350,1782865209857599,False,True
12328595,0.03349000,209.00000000,21046351,21046351,1782865211857764,False,True
12328596,0.03349000,209.00000000,21046352,21046352,1782865213858592,False,True
12328597,0.03349000,209.00000000,21046353,21046353,1782865215859479,False,True
12328598,0.03349000,209.00000000,21046354,21046354,1782865217860721,False,True
12328599,0.03349000,209.00000000,21046355,21046355,1782865219862569,False,True
12328600,0.03349000,209.00000000,21046356,21046356,1782865221864110,False,True
12328601,0.03348000,978.00000000,21046357,21046357,1782865223488530,True,True
12328602,0.03347000,2015.00000000,21046358,21046358,1782865223488530,True,True
12328603,0.03348000,9010.00000000,21046359,21046362,1782865223495106,False,True
12328604,0.03349000,6566.00000000,21046363,21046364,1782865223495106,False,True
12328605,0.03348000,967.00000000,21046365,21046365,1782865223497784,False,True
12328606,0.03349000,999.00000000,21046366,21046367,1782865223534643,True,True
12328607,0.03349000,209.00000000,21046368,21046368,1782865223882357,False,True
12328608,0.03349000,209.00000000,21046369,21046369,1782865225885477,False,True
12328609,0.03349000,209.00000000,21046370,21046371,1782865227887447,False,True
12328610,0.03349000,209.00000000,21046372,21046373,1782865229890772,False,True
12328611,0.03349000,500.00000000,21046374,21046374,1782865230725794,True,True
12328612,0.03349000,209.00000000,21046375,21046375,1782865231891109,False,True
12328613,0.03348000,154.00000000,21046376,21046376,1782865233503774,True,True
12328614,0.03347000,2839.00000000,21046377,21046378,1782865233503774,True,True
12328615,0.03348000,210.00000000,21046379,21046379,1782865233897137,False,True
12328616,0.03348000,209.00000000,21046380,21046380,1782865235900771,False,True
12328617,0.03348000,209.00000000,21046381,21046381,1782865237892913,False,True
12328618,0.03348000,209.00000000,21046382,21046382,1782865239895498,False,True
12328619,0.03348000,209.00000000,21046383,21046384,1782865241895175,False,True
12328620,0.03347000,500.00000000,21046385,21046385,1782865243505036,True,True
12328621,0.03348000,209.00000000,21046386,21046386,1782865243895446,False,True
12328622,0.03348000,209.00000000,21046387,21046387,1782865245896663,False,True
12328623,0.03348000,209.00000000,21046388,21046388,1782865247897051,False,True
12328624,0.03348000,209.00000000,21046389,21046389,1782865249899446,False,True
12328625,0.03348000,209.00000000,21046390,21046390,1782865251900108,False,True
12328626,0.03347000,2993.00000000,21046391,21046396,1782865253510083,True,True
12328627,0.03348000,209.00000000,21046397,21046397,1782865253900979,False,True
12328628,0.03348000,209.00000000,21046398,21046398,1782865255902195,False,True
12328629,0.03348000,210.00000000,21046399,21046399,1782865257902434,False,True
12328630,0.03348000,209.00000000,21046400,21046400,1782865259903180,False,True
12328631,0.03348000,209.00000000,21046401,21046401,1782865261904705,False,True
12328632,0.03347000,2993.00000000,21046402,21046407,1782865263512628,True,True
12328633,0.03347000,15462.00000000,21046408,21046416,1782865263758827,True,True
12328634,0.03347000,2993.00000000,21046417,21046421,1782865263758846,True,True
12328635,0.03347000,1196.00000000,21046422,21046423,1782865263759272,True,True
12328636,0.03347000,209.00000000,21046424,21046424,1782865263904559,False,True
12328637,0.03347000,209.00000000,21046425,21046425,1782865265906802,False,True
12328638,0.03346000,9464.00000000,21046426,21046438,1782865267223440,True,True
12328639,0.03347000,209.00000000,21046439,21046439,1782865267908403,False,True
12328640,0.03347000,209.00000000,21046440,21046440,1782865269911203,False,True
12328641,0.03347000,209.00000000,21046441,21046441,1782865271914331,False,True
12328642,0.03347000,210.00000000,21046442,21046442,1782865273917147,False,True
12328643,0.03347000,209.00000000,21046443,21046444,1782865275918571,False,True
12328644,0.03347000,209.00000000,21046445,21046445,1782865277920772,False,True
12328645,0.03347000,209.00000000,21046446,21046446,1782865279920576,False,True
12328646,0.03347000,209.00000000,21046447,21046447,1782865281921821,False,True
12328647,0.03347000,209.00000000,21046448,21046449,1782865283923060,False,True
12328648,0.03347000,209.00000000,21046450,21046450,1782865285925691,False,True
12328649,0.03347000,210.00000000,21046451,21046451,1782865287926792,False,True
12328650,0.03347000,209.00000000,21046452,21046452,1782865289928360,False,True
12328651,0.03347000,209.00000000,21046453,21046453,1782865291935985,False,True
12328652,0.03347000,209.00000000,21046454,21046455,1782865293940282,False,True
12328653,0.03347000,209.00000000,21046456,21046456,1782865295941243,False,True
12328654,0.03347000,209.00000000,21046457,21046457,1782865297941471,False,True
12328655,0.03347000,209.00000000,21046458,21046458,1782865299943434,False,True
12328656,0.03347000,210.00000000,21046459,21046459,1782865301943921,False,True
12328657,0.03347000,209.00000000,21046460,21046460,1782865303946649,False,True
12328658,0.03347000,209.00000000,21046461,21046461,1782865305947424,False,True
12328659,0.03347000,209.00000000,21046462,21046462,1782865307949779,False,True
12328660,0.03347000,209.00000000,21046463,21046463,1782865309950591,False,True
12328661,0.03347000,209.00000000,21046464,21046464,1782865311951541,False,True
12328662,0.03346000,12351.00000000,21046465,21046466,1782865312615033,True,True
12328663,0.03346000,209.00000000,21046467,21046467,1782865313953270,False,True
12328664,0.03346000,210.00000000,21046468,21046468,1782865315953263,False,True
12328665,0.03345000,2448.00000000,21046469,21046473,1782865316609197,True,True
12328666,0.03344000,654.00000000,21046474,21046475,1782865317058694,True,True
12328667,0.03344000,209.00000000,21046476,21046476,1782865317956761,False,True
12328668,0.03344000,209.00000000,21046477,21046477,1782865319957311,False,True
12328669,0.03344000,210.00000000,21046478,21046478,1782865321959065,False,True
12328670,0.03344000,209.00000000,21046479,21046479,1782865323958984,False,True
12328671,0.03344000,209.00000000,21046480,21046481,1782865325960669,False,True
12328672,0.03344000,210.00000000,21046482,21046482,1782865327962258,False,True
12328673,0.03344000,209.00000000,21046483,21046483,1782865329962654,False,True
12328674,0.03344000,209.00000000,21046484,21046484,1782865331968725,False,True
12328675,0.03344000,210.00000000,21046485,21046485,1782865333970157,False,True
12328676,0.03344000,209.00000000,21046486,21046487,1782865335972411,False,True
12328677,0.03344000,209.00000000,21046488,21046488,1782865337973219,False,True
12328678,0.03344000,210.00000000,21046489,21046490,1782865339975031,False,True
12328679,0.03344000,209.00000000,21046491,21046491,1782865341977869,False,True
12328680,0.03344000,209.00000000,21046492,21046492,1782865343978156,False,True
12328681,0.03344000,210.00000000,21046493,21046494,1782865345978083,False,True
12328682,0.03344000,209.00000000,21046495,21046495,1782865347978258,False,True
12328683,0.03344000,209.00000000,21046496,21046497,1782865349979391,False,True
12328684,0.03344000,2325.00000000,21046498,21046499,1782865351150829,False,True
12328685,0.03345000,3529.00000000,21046500,21046501,1782865351150829,False,True
12328686,0.03345000,392.00000000,21046502,21046502,1782865351175718,False,True
12328687,0.03346000,207.00000000,21046503,21046503,1782865351175718,False,True
12328688,0.03346000,154.00000000,21046504,21046504,1782865351177301,False,True
12328689,0.03347000,445.00000000,21046505,21046505,1782865351177301,False,True
12328690,0.03347000,599.00000000,21046506,21046506,1782865351178741,False,True
12328691,0.03346000,500.00000000,21046507,21046507,1782865351601189,True,True
12328692,0.03346000,209.00000000,21046508,21046508,1782865351983271,False,True
12328693,0.03346000,210.00000000,21046509,21046509,1782865353983651,False,True
12328694,0.03346000,209.00000000,21046510,21046510,1782865355985936,False,True
12328695,0.03346000,209.00000000,21046511,21046511,1782865357987341,False,True
12328696,0.03346000,209.00000000,21046512,21046512,1782865359990703,False,True
12328697,0.03346000,209.00000000,21046513,21046513,1782865361992219,False,True
12328698,0.03346000,210.00000000,21046514,21046514,1782865363993472,False,True
12328699,0.03346000,209.00000000,21046515,21046515,1782865365996515,False,True
12328700,0.03346000,209.00000000,21046516,21046516,1782865367997227,False,True
12328701,0.03346000,209.00000000,21046517,21046517,1782865369998768,False,True
12328702,0.03346000,210.00000000,21046518,21046518,1782865372000667,False,True
12328703,0.03346000,209.00000000,21046519,21046519,1782865374003942,False,True
12328704,0.03346000,209.00000000,21046520,21046520,1782865376003273,False,True
12328705,0.03346000,209.00000000,21046521,21046521,1782865378003124,False,True
12328706,0.03346000,209.00000000,21046522,21046522,1782865380006523,False,True
12328707,0.03346000,210.00000000,21046523,21046523,1782865382006067,False,True
12328708,0.03346000,209.00000000,21046524,21046524,1782865384006506,False,True
12328709,0.03346000,209.00000000,21046525,21046525,1782865386008780,False,True
12328710,0.03346000,209.00000000,21046526,21046527,1782865388011066,False,True
12328711,0.03347000,209.00000000,21046528,21046529,1782865390012111,False,True
12328712,0.03347000,209.00000000,21046530,21046531,1782865392014149,False,True
12328713,0.03347000,210.00000000,21046532,21046532,1782865394014159,False,True
12328714,0.03347000,209.00000000,21046533,21046533,1782865396016381,False,True
12328715,0.03347000,209.00000000,21046534,21046534,1782865398018924,False,True
12328716,0.03347000,209.00000000,21046535,21046535,1782865400019437,False,True
12328717,0.03346000,500.00000000,21046536,21046536,1782865401197391,True,True
12328718,0.03346000,209.00000000,21046537,21046537,1782865402021892,False,True
12328719,0.03346000,209.00000000,21046538,21046538,1782865404027663,False,True
12328720,0.03346000,210.00000000,21046539,21046539,1782865406026619,False,True
12328721,0.03346000,209.00000000,21046540,21046540,1782865408027615,False,True
12328722,0.03346000,209.00000000,21046541,21046541,1782865410030390,False,True
12328723,0.03346000,209.00000000,21046542,21046543,1782865412031233,False,True
12328724,0.03346000,155.00000000,21046544,21046544,1782865414034528,False,True
12328725,0.03347000,54.00000000,21046545,21046545,1782865414034528,False,True
12328726,0.03347000,210.00000000,21046546,21046546,1782865416036449,False,True
12328727,0.03347000,209.00000000,21046547,21046547,1782865418037189,False,True
12328728,0.03347000,209.00000000,21046548,21046548,1782865420037085,False,True
12328729,0.03347000,209.00000000,21046549,21046549,1782865422038773,False,True
12328730,0.03347000,209.00000000,21046550,21046550,1782865424039561,False,True
12328731,0.03347000,209.00000000,21046551,21046551,1782865426040293,False,True
12328732,0.03347000,209.00000000,21046552,21046552,1782865428045421,False,True
12328733,0.03347000,210.00000000,21046553,21046553,1782865430044654,False,True
12328734,0.03347000,1491.00000000,21046554,21046556,1782865431437624,False,True
12328735,0.03347000,7445.00000000,21046557,21046558,1782865431600637,True,True
12328736,0.03346000,154.00000000,21046559,21046559,1782865431601931,True,True
12328737,0.03346000,500.00000000,21046560,21046560,1782865431606855,True,True
12328738,0.03345000,2426.00000000,21046561,21046564,1782865431679688,True,True
12328739,0.03345000,209.00000000,21046565,21046565,1782865432046186,False,True
12328740,0.03345000,209.00000000,21046566,21046566,1782865434048952,False,True
12328741,0.03345000,209.00000000,21046567,21046567,1782865436050120,False,True
12328742,0.03345000,210.00000000,21046568,21046568,1782865438051533,False,True
12328743,0.03345000,209.00000000,21046569,21046569,1782865440054368,False,True
12328744,0.03345000,209.00000000,21046570,21046570,1782865442061234,False,True
12328745,0.03345000,209.00000000,21046571,21046571,1782865444064989,False,True
12328746,0.03345000,210.00000000,21046572,21046573,1782865446066356,False,True
12328747,0.03345000,209.00000000,21046574,21046575,1782865448066826,False,True
12328748,0.03344000,654.00000000,21046576,21046577,1782865448280547,True,True
12328749,0.03343000,279.00000000,21046578,21046579,1782865448280547,True,True
12328750,0.03344000,209.00000000,21046580,21046580,1782865450068343,False,True
12328751,0.03344000,210.00000000,21046581,21046581,1782865452069931,False,True
12328752,0.03344000,209.00000000,21046582,21046582,1782865454070438,False,True
12328753,0.03344000,209.00000000,21046583,21046583,1782865456071299,False,True
12328754,0.03344000,210.00000000,21046584,21046584,1782865458072622,False,True
12328755,0.03344000,209.00000000,21046585,21046585,1782865460074658,False,True
12328756,0.03344000,209.00000000,21046586,21046586,1782865462075230,False,True
12328757,0.03344000,210.00000000,21046587,21046588,1782865464076883,False,True
12328758,0.03344000,1641.00000000,21046589,21046590,1782865465996544,False,True
12328759,0.03345000,8100.00000000,21046591,21046593,1782865465996544,False,True
12328760,0.03346000,209.00000000,21046594,21046594,1782865466403386,False,True
12328761,0.03346000,209.00000000,21046595,21046595,1782865468078981,False,True
12328762,0.03346000,209.00000000,21046596,21046596,1782865470081050,False,True
12328763,0.03346000,209.00000000,21046597,21046597,1782865472081987,False,True
12328764,0.03345000,210.00000000,21046598,21046598,1782865474091774,False,True
12328765,0.03345000,209.00000000,21046599,21046599,1782865476093740,False,True
12328766,0.03345000,209.00000000,21046600,21046600,1782865478096946,False,True
12328767,0.03345000,210.00000000,21046601,21046601,1782865480099252,False,True
12328768,0.03345000,209.00000000,21046602,21046602,1782865482099871,False,True
12328769,0.03345000,209.00000000,21046603,21046603,1782865484100039,False,True
12328770,0.03345000,209.00000000,21046604,21046604,1782865486101502,False,True
12328771,0.03345000,210.00000000,21046605,21046605,1782865488101384,False,True
12328772,0.03345000,209.00000000,21046606,21046606,1782865490103676,False,True
12328773,0.03345000,209.00000000,21046607,21046607,1782865492104720,False,True
12328774,0.03345000,209.00000000,21046608,21046608,1782865494105398,False,True
12328775,0.03345000,210.00000000,21046609,21046609,1782865496104984,False,True
12328776,0.03345000,209.00000000,21046610,21046610,1782865498107185,False,True
12328777,0.03345000,209.00000000,21046611,21046611,1782865500108889,False,True
12328778,0.03345000,209.00000000,21046612,21046612,1782865502109477,False,True
12328779,0.03345000,210.00000000,21046613,21046613,1782865504112446,False,True
12328780,0.03345000,209.00000000,21046614,21046614,1782865506112980,False,True
12328781,0.03345000,209.00000000,21046615,21046616,1782865508114962,False,True
12328782,0.03345000,210.00000000,21046617,21046617,1782865510114565,False,True
12328783,0.03345000,209.00000000,21046618,21046618,1782865512116867,False,True
12328784,0.03345000,209.00000000,21046619,21046620,1782865514118897,False,True
12328785,0.03345000,209.00000000,21046621,21046621,1782865516120790,False,True
12328786,0.03345000,210.00000000,21046622,21046622,1782865518121224,False,True
12328787,0.03345000,209.00000000,21046623,21046623,1782865520121229,False,True
12328788,0.03345000,209.00000000,21046624,21046624,1782865522121756,False,True
12328789,0.03345000,209.00000000,21046625,21046626,1782865524123849,False,True
12328790,0.03345000,210.00000000,21046627,21046627,1782865526125147,False,True
12328791,0.03345000,209.00000000,21046628,21046628,1782865528123693,False,True
12328792,0.03345000,209.00000000,21046629,21046629,1782865530124526,False,True
12328793,0.03345000,209.00000000,21046630,21046630,1782865532127228,False,True
12328794,0.03345000,210.00000000,21046631,21046631,1782865534129887,False,True
12328795,0.03345000,209.00000000,21046632,21046632,1782865536128805,False,True
12328796,0.03345000,209.00000000,21046633,21046633,1782865538134400,False,True
12328797,0.03344000,500.00000000,21046634,21046634,1782865538799404,True,True
12328798,0.03343000,654.00000000,21046635,21046636,1782865539916390,True,True
12328799,0.03342000,3606.00000000,21046637,21046638,1782865539930160,True,True
12328800,0.03342000,1561.00000000,21046639,21046640,1782865539931304,True,True
12328801,0.03342000,2759.00000000,21046641,21046641,1782865539938845,True,True
12328802,0.03342000,3429.00000000,21046642,21046642,1782865539957182,True,True
12328803,0.03342000,2621.00000000,21046643,21046643,1782865539957406,True,True
12328804,0.03342000,1778.00000000,21046644,21046644,1782865539961141,True,True
12328805,0.03342000,500.00000000,21046645,21046645,1782865539969809,True,True
12328806,0.03342000,598.00000000,21046646,21046646,1782865539984495,True,True
12328807,0.03342000,210.00000000,21046647,21046647,1782865540137197,False,True
12328808,0.03342000,9559.00000000,21046648,21046654,1782865541123972,False,True
12328809,0.03343000,4834.00000000,21046655,21046656,1782865541125583,False,True
12328810,0.03343000,966.00000000,21046657,21046657,1782865541127168,False,True
12328811,0.03344000,154.00000000,21046658,21046658,1782865541128539,False,True
12328812,0.03345000,227.00000000,21046659,21046659,1782865541128539,False,True
12328813,0.03344000,923.00000000,21046660,21046660,1782865541130428,False,True
12328814,0.03344000,327.00000000,21046661,21046661,1782865541133844,True,True
12328815,0.03344000,2991.00000000,21046662,21046662,1782865541134111,True,True
12328816,0.03345000,209.00000000,21046663,21046663,1782865542138473,False,True
12328817,0.03345000,209.00000000,21046664,21046664,1782865544140886,False,True
12328818,0.03345000,210.00000000,21046665,21046665,1782865546140999,False,True
12328819,0.03345000,1256.00000000,21046666,21046667,1782865546145974,False,True
12328820,0.03345000,251.00000000,21046668,21046668,1782865546148619,False,True
12328821,0.03346000,209.00000000,21046669,21046670,1782865548144538,False,True
12328822,0.03346000,136.00000000,21046671,21046671,1782865550147698,False,True
12328823,0.03347000,73.00000000,21046672,21046672,1782865550147698,False,True
12328824,0.03346000,209.00000000,21046673,21046673,1782865552150427,False,True
12328825,0.03346000,209.00000000,21046674,21046674,1782865554152439,False,True
12328826,0.03346000,210.00000000,21046675,21046675,1782865556154753,False,True
12328827,0.03346000,209.00000000,21046676,21046676,1782865558154318,False,True
12328828,0.03346000,209.00000000,21046677,21046677,1782865560157076,False,True
12328829,0.03346000,209.00000000,21046678,21046678,1782865562157822,False,True
12328830,0.03345000,1557.00000000,21046679,21046680,1782865562193369,True,True
12328831,0.03345000,209.00000000,21046681,21046681,1782865564159671,False,True
12328832,0.03346000,210.00000000,21046682,21046683,1782865566158961,False,True
12328833,0.03346000,500.00000000,21046684,21046684,1782865566242719,True,True
12328834,0.03346000,500.00000000,21046685,21046685,1782865566312210,True,True
12328835,0.03345000,654.00000000,21046686,21046687,1782865566320638,True,True
12328836,0.03344000,6732.00000000,21046688,21046699,1782865566323455,True,True
12328837,0.03344000,500.00000000,21046700,21046700,1782865566326154,True,True
12328838,0.03343000,654.00000000,21046701,21046702,1782865566453439,True,True
12328839,0.03343000,209.00000000,21046703,21046703,1782865568163283,False,True
12328840,0.03343000,209.00000000,21046704,21046704,1782865570165491,False,True
12328841,0.03343000,210.00000000,21046705,21046705,1782865572168574,False,True
12328842,0.03343000,209.00000000,21046706,21046706,1782865574169732,False,True
12328843,0.03343000,210.00000000,21046707,21046707,1782865576171663,False,True
12328844,0.03343000,209.00000000,21046708,21046708,1782865578173325,False,True
12328845,0.03343000,209.00000000,21046709,21046709,1782865580175350,False,True
12328846,0.03343000,210.00000000,21046710,21046710,1782865582178983,False,True
12328847,0.03343000,209.00000000,21046711,21046711,1782865584179878,False,True
12328848,0.03343000,210.00000000,21046712,21046712,1782865586181360,False,True
12328849,0.03343000,209.00000000,21046713,21046713,1782865588184320,False,True
12328850,0.03343000,209.00000000,21046714,21046714,1782865590185001,False,True
12328851,0.03343000,210.00000000,21046715,21046715,1782865592185952,False,True
12328852,0.03343000,209.00000000,21046716,21046716,1782865594187863,False,True
12328853,0.03343000,210.00000000,21046717,21046717,1782865596189355,False,True
12328854,0.03343000,209.00000000,21046718,21046718,1782865598193628,False,True
12328855,0.03343000,209.00000000,21046719,21046719,1782865600193745,False,True
12328856,0.03343000,210.00000000,21046720,21046720,1782865602195525,False,True
12328857,0.03343000,209.00000000,21046721,21046721,1782865604197306,False,True
12328858,0.03343000,209.00000000,21046722,21046722,1782865606199014,False,True
12328859,0.03343000,210.00000000,21046723,21046724,1782865608199068,False,True
12328860,0.03343000,209.00000000,21046725,21046725,1782865610200578,False,True
12328861,0.03343000,210.00000000,21046726,21046726,1782865612204354,False,True
12328862,0.03343000,209.00000000,21046727,21046727,1782865614204966,False,True
12328863,0.03343000,209.00000000,21046728,21046729,1782865616206953,False,True
12328864,0.03343000,210.00000000,21046730,21046730,1782865618206526,False,True
12328865,0.03343000,209.00000000,21046731,21046731,1782865620207501,False,True
12328866,0.03343000,210.00000000,21046732,21046732,1782865622208270,False,True
12328867,0.03343000,209.00000000,21046733,21046733,1782865624209354,False,True
12328868,0.03343000,209.00000000,21046734,21046734,1782865626212596,False,True
12328869,0.03343000,210.00000000,21046735,21046736,1782865628215981,False,True
12328870,0.03344000,209.00000000,21046737,21046737,1782865630217190,False,True
12328871,0.03344000,209.00000000,21046738,21046738,1782865632219766,False,True
12328872,0.03344000,210.00000000,21046739,21046739,1782865634219308,False,True
12328873,0.03344000,209.00000000,21046740,21046740,1782865636222267,False,True
12328874,0.03344000,209.00000000,21046741,21046741,1782865638223133,False,True
12328875,0.03344000,210.00000000,21046742,21046742,1782865640222963,False,True
12328876,0.03344000,209.00000000,21046743,21046743,1782865642224022,False,True
12328877,0.03344000,209.00000000,21046744,21046744,1782865644225082,False,True
12328878,0.03343000,500.00000000,21046745,21046745,1782865645163003,True,True
12328879,0.03342000,154.00000000,21046746,21046746,1782865645163241,True,True
12328880,0.03342000,1696.00000000,21046747,21046747,1782865645168475,False,True
12328881,0.03342000,339.00000000,21046748,21046748,1782865645170685,False,True
12328882,0.03344000,210.00000000,21046749,21046750,1782865646226080,False,True
12328883,0.03344000,209.00000000,21046751,21046751,1782865648226560,False,True
12328884,0.03344000,209.00000000,21046752,21046752,1782865650228289,False,True
12328885,0.03344000,210.00000000,21046753,21046753,1782865652230508,False,True
12328886,0.03344000,209.00000000,21046754,21046755,1782865654230902,False,True
12328887,0.03344000,209.00000000,21046756,21046756,1782865656234942,False,True
12328888,0.03344000,210.00000000,21046757,21046758,1782865658236323,False,True
12328889,0.03344000,209.00000000,21046759,21046759,1782865660237247,False,True
12328890,0.03344000,209.00000000,21046760,21046761,1782865662240960,False,True
12328891,0.03343000,3875.00000000,21046762,21046763,1782865663832710,True,True
12328892,0.03343000,210.00000000,21046764,21046764,1782865664240216,False,True
12328893,0.03343000,209.00000000,21046765,21046765,1782865666242915,False,True
12328894,0.03343000,210.00000000,21046766,21046766,1782865668243374,False,True
12328895,0.03343000,3616.00000000,21046767,21046769,1782865669233601,False,True
12328896,0.03344000,154.00000000,21046770,21046770,1782865669233601,False,True
12328897,0.03343000,209.00000000,21046771,21046771,1782865670246909,False,True
12328898,0.03343000,209.00000000,21046772,21046772,1782865672248565,False,True
12328899,0.03343000,210.00000000,21046773,21046773,1782865674248797,False,True
12328900,0.03343000,95.00000000,21046774,21046774,1782865676250487,False,True
12328901,0.03344000,114.00000000,21046775,21046775,1782865676250487,False,True
12328902,0.03344000,209.00000000,21046776,21046777,1782865678250618,False,True
