101022,63.36000000,2.98000000,121172,121172,1782864001466827,False,True
101023,63.37000000,14.35000000,121173,121174,1782864001508929,False,True
101024,63.37000000,14.38000000,121175,121175,1782864001510187,False,True
101025,63.37000000,14.38000000,121176,121176,1782864001511353,False,True
101026,63.37000000,0.46000000,121177,121177,1782864001512555,False,True
101027,63.37000000,4.27000000,121178,121178,1782864001512571,False,True
101028,63.33000000,14.41000000,121179,121179,1782864008836497,True,True
101029,63.33000000,1.38000000,121180,121180,1782864008837565,True,True
101030,63.25000000,0.46000000,121181,121181,1782864010778994,True,True
101031,63.24000000,2.29000000,121182,121182,1782864010778994,True,True
101032,63.24000000,0.83000000,121183,121183,1782864010779718,True,True
101033,63.23000000,1.92000000,121184,121184,1782864010779718,True,True
101034,63.25000000,14.45000000,121185,121185,1782864015064209,False,True
101035,63.25000000,14.45000000,121186,121186,1782864015065153,False,True
101036,63.27000000,2.98000000,121187,121187,1782864015360704,False,True
101037,63.31000000,14.56000000,121188,121188,1782864015423536,False,True
101038,63.31000000,14.56000000,121189,121189,1782864015424967,False,True
101039,63.31000000,14.56000000,121190,121191,1782864015434667,False,True
101040,63.31000000,14.56000000,121192,121192,1782864015435912,False,True
101041,63.31000000,14.56000000,121193,121193,1782864015466234,False,True
101042,63.31000000,14.56000000,121194,121195,1782864015467155,False,True
101043,63.31000000,97.84000000,121196,121197,1782864021464924,False,True
101044,63.33000000,2.75000000,121198,121198,1782864023557522,False,True
101045,63.33000000,8.25000000,121199,121199,1782864023561530,False,True
101046,63.33000000,8.25000000,121200,121200,1782864023617898,False,True
101047,63.33000000,87.56000000,121201,121202,1782864023895955,False,True
101048,63.37000000,12.44000000,121203,121203,1782864023895955,False,True
101049,63.37000000,2.75000000,121204,121204,1782864023905760,False,True
101050,63.33000000,8.24000000,121205,121205,1782864027189829,False,True
101051,63.33000000,2.75000000,121206,121206,1782864027193324,False,True
101052,63.33000000,2.75000000,121207,121207,1782864027193460,False,True
101053,63.33000000,8.24000000,121208,121208,1782864027261345,False,True
101054,63.33000000,8.24000000,121209,121209,1782864027263939,False,True
101055,63.33000000,95.60000000,121210,121211,1782864027567292,False,True
101056,63.35000000,4.40000000,121212,121212,1782864027567292,False,True
101057,63.42000000,4.04000000,121213,121214,1782864034093606,False,True
101058,63.43000000,3.12000000,121215,121215,1782864034093606,False,True
101059,63.44000000,3.12000000,121216,121216,1782864034093606,False,True
101060,63.45000000,9.49000000,121217,121217,1782864034093606,False,True
101061,63.47000000,11.51000000,121218,121219,1782864034093606,False,True
101062,63.48000000,12.68000000,121220,121220,1782864034093606,False,True
101063,63.40000000,44.01000000,121221,121221,1782864036424402,False,True
101064,63.44000000,2.74000000,121222,121222,1782864039435084,False,True
101065,63.44000000,0.12000000,121223,121223,1782864039435145,False,True
101066,63.45000000,2.62000000,121224,121224,1782864039435145,False,True
101067,63.44000000,16.37000000,121225,121225,1782864046406472,True,True
101068,63.44000000,16.37000000,121226,121226,1782864046408063,True,True
101069,63.44000000,2.98000000,121227,121227,1782864046409273,True,True
101070,63.38000000,2.98000000,121228,121228,1782864046564034,True,True
101071,63.37000000,13.53000000,121229,121229,1782864046565831,True,True
101072,63.41000000,17.22000000,121230,121230,1782864055575557,False,True
101073,63.41000000,17.22000000,121231,121231,1782864055576800,False,True
101074,63.41000000,6.83000000,121232,121233,1782864055577458,False,True
101075,63.41000000,1.40000000,121234,121234,1782864055577713,False,True
101076,63.41000000,25.21000000,121235,121235,1782864055582644,False,True
101077,63.42000000,1.77000000,121236,121236,1782864055702302,False,True
101078,63.42000000,1.77000000,121237,121237,1782864055740756,False,True
101079,63.42000000,1.77000000,121238,121238,1782864055776173,False,True
101080,63.42000000,1.79000000,121239,121239,1782864055816436,False,True
101081,63.41000000,28.30000000,121240,121240,1782864063620532,False,True
101082,63.41000000,0.40000000,121241,121241,1782864065220010,False,True
101083,63.41000000,2.74000000,121242,121242,1782864065225373,False,True
101084,63.41000000,2.74000000,121243,121243,1782864065226570,False,True
101085,63.41000000,0.80000000,121244,121244,1782864065230712,False,True
101086,63.41000000,2.80000000,121245,121245,1782864065251291,False,True
101087,63.41000000,8.00000000,121246,121246,1782864065274693,False,True
101088,63.41000000,16.00000000,121247,121247,1782864065296382,False,True
101089,63.41000000,31.51000000,121248,121249,1782864065304711,False,True
101090,63.41000000,16.00000000,121250,121250,1782864065311919,False,True
101091,63.41000000,31.51000000,121251,121251,1782864065434931,False,True
101092,63.42000000,5.62000000,121252,121253,1782864076849865,True,True
101093,63.41000000,12.36000000,121254,121254,1782864076849865,True,True
101094,63.43000000,2.97000000,121255,121255,1782864076852274,True,True
101095,63.41000000,12.03000000,121256,121256,1782864076853499,True,True
101096,63.41000000,17.98000000,121257,121257,1782864076890730,True,True
101097,63.42000000,1.58000000,121258,121258,1782864092614790,True,True
101098,63.41000000,31.70000000,121259,121259,1782864092615701,True,True
101099,63.41000000,5.31000000,121260,121260,1782864092616077,True,True
101100,63.41000000,25.30000000,121261,121261,1782864092616109,True,True
101101,63.41000000,18.24000000,121262,121262,1782864092616841,True,True
101102,63.41000000,12.73000000,121263,121263,1782864092619751,True,True
101103,63.41000000,7.28000000,121264,121264,1782864092620298,True,True
101104,63.41000000,1.22000000,121265,121265,1782864092621672,True,True
101105,63.40000000,14.46000000,121266,121266,1782864092623311,True,True
101106,63.40000000,0.91000000,121267,121267,1782864092626171,True,True
101107,63.40000000,8.24000000,121268,121268,1782864092628471,True,True
101108,63.40000000,18.24000000,121269,121269,1782864092635990,True,True
101109,63.40000000,0.40000000,121270,121270,1782864092642355,True,True
101110,63.40000000,0.80000000,121271,121271,1782864092668532,True,True
101111,63.40000000,6.95000000,121272,121272,1782864092676202,True,True
101112,63.33000000,3.12000000,121273,121273,1782864093032773,True,True
101113,63.32000000,2.80000000,121274,121274,1782864093920768,True,True
101114,63.32000000,1.40000000,121275,121275,1782864093921824,True,True
101115,63.32000000,3.56000000,121276,121276,1782864093931895,True,True
101116,63.33000000,0.46000000,121277,121277,1782864100793324,False,True
101117,63.33000000,0.46000000,121278,121278,1782864100795185,False,True
101118,63.40000000,10.00000000,121279,121279,1782864109239541,False,True
101119,63.42000000,4.09000000,121280,121280,1782864138117057,False,True
101120,63.43000000,11.67000000,121281,121281,1782864138117057,False,True
101121,63.41000000,2.97000000,121282,121282,1782864142904459,True,True
101122,63.45000000,0.50000000,121283,121283,1782864166391632,False,True
101123,63.46000000,3.27000000,121284,121284,1782864166415550,False,True
101124,63.46000000,1.63000000,121285,121285,1782864166417056,False,True
101125,63.47000000,3.12000000,121286,121286,1782864166417131,False,True
101126,63.47000000,0.82000000,121287,121287,1782864166441356,False,True
101127,63.47000000,0.82000000,121288,121288,1782864166466042,False,True
101128,63.48000000,3.12000000,121289,121289,1782864166549160,False,True
101129,63.49000000,0.09000000,121290,121290,1782864166550205,False,True
101130,63.49000000,21.36000000,121291,121291,1782864166919222,False,True
101131,63.49000000,20.10000000,121292,121292,1782864166920339,False,True
101132,63.48000000,2.97000000,121293,121293,1782864177872303,True,True
101133,63.48000000,2.97000000,121294,121294,1782864177873977,True,True
101134,63.47000000,4.65000000,121295,121295,1782864177873977,True,True
101135,63.47000000,20.51000000,121296,121296,1782864177923457,True,True
101136,63.45000000,10.00000000,121297,121297,1782864208475519,False,True
101137,63.47000000,6.42000000,121298,121298,1782864210507256,False,True
101138,63.49000000,3.11000000,121299,121299,1782864210512515,False,True
101139,63.50000000,21.44000000,121300,121300,1782864210656581,False,True
101140,63.50000000,21.44000000,121301,121301,1782864210658133,False,True
101141,63.50000000,21.44000000,121302,121303,1782864210659439,False,True
101142,63.50000000,16.00000000,121304,121304,1782864221747292,False,True
101143,63.50000000,16.00000000,121305,121305,1782864221756583,False,True
101144,63.51000000,3.13000000,121306,121306,1782864223677005,False,True
101145,63.52000000,21.52000000,121307,121307,1782864223677005,False,True
101146,63.53000000,7.87000000,121308,121309,1782864229779752,False,True
101147,63.53000000,35.01000000,121310,121310,1782864240357276,False,True
101148,63.52000000,5.29000000,121311,121312,1782864247576807,True,True
101149,63.50000000,22.12000000,121313,121313,1782864247578589,True,True
101150,63.50000000,22.12000000,121314,121314,1782864247582367,True,True
101151,63.50000000,20.14000000,121315,121315,1782864247583297,True,True
101152,63.52000000,7.87000000,121316,121317,1782864250088026,False,True
101153,63.54000000,68.82000000,121318,121319,1782864253041205,False,True
101154,63.54000000,0.46000000,121320,121320,1782864253580957,False,True
101155,63.55000000,51.61000000,121321,121322,1782864255235580,False,True
101156,63.55000000,72.79000000,121323,121324,1782864257184590,False,True
101157,63.56000000,4.63000000,121325,121327,1782864257184590,False,True
101158,63.56000000,25.18000000,121328,121328,1782864257232428,False,True
101159,63.56000000,31.47000000,121329,121329,1782864258009295,False,True
101160,63.56000000,22.39000000,121330,121331,1782864258010257,False,True
101161,63.56000000,22.39000000,121332,121332,1782864258016283,False,True
101162,63.56000000,10.25000000,121333,121333,1782864258017210,False,True
101163,63.56000000,22.29000000,121334,121334,1782864258052892,False,True
101164,63.56000000,58.94000000,121335,121336,1782864259068552,False,True
101165,63.57000000,18.48000000,121337,121337,1782864259068552,False,True
101166,63.55000000,22.52000000,121338,121339,1782864276559054,True,True
101167,63.55000000,22.52000000,121340,121340,1782864276560228,True,True
101168,63.56000000,6.42000000,121341,121341,1782864277153030,False,True
101169,63.61000000,3.13000000,121342,121342,1782864277575514,False,True
101170,63.62000000,4.82000000,121343,121343,1782864277575514,False,True
101171,63.62000000,11.49000000,121344,121344,1782864277576332,False,True
101172,63.61000000,3.11000000,121345,121345,1782864277586376,False,True
101173,63.61000000,33.02000000,121346,121346,1782864277887732,False,True
101174,63.61000000,31.45000000,121347,121347,1782864278392233,False,True
101175,63.61000000,22.83000000,121348,121349,1782864278393329,False,True
101176,63.61000000,16.00000000,121350,121350,1782864278402451,False,True
101177,63.61000000,22.83000000,121351,121351,1782864278403506,False,True
101178,63.61000000,31.45000000,121352,121352,1782864278701302,False,True
101179,63.61000000,16.00000000,121353,121354,1782864278704910,False,True
101180,63.61000000,16.00000000,121355,121355,1782864278723391,False,True
101181,63.61000000,31.44000000,121356,121356,1782864278749803,False,True
101182,63.61000000,16.00000000,121357,121357,1782864278761902,False,True
101183,63.61000000,16.00000000,121358,121358,1782864278774663,False,True
101184,63.61000000,16.00000000,121359,121360,1782864278781392,False,True
101185,63.61000000,31.44000000,121361,121362,1782864278835254,False,True
101186,63.61000000,16.00000000,121363,121363,1782864278848360,False,True
101187,63.63000000,3.30000000,121364,121366,1782864279727058,False,True
101188,63.62000000,0.40000000,121367,121367,1782864280134003,False,True
101189,63.62000000,16.00000000,121368,121368,1782864280134191,False,True
101190,63.62000000,0.80000000,121369,121369,1782864280141547,False,True
101191,63.62000000,16.00000000,121370,121370,1782864280142081,False,True
101192,63.62000000,2.80000000,121371,121371,1782864280147392,False,True
101193,63.62000000,16.00000000,121372,121373,1782864280147747,False,True
101194,63.62000000,16.00000000,121374,121374,1782864280155615,False,True
101195,63.62000000,16.00000000,121375,121376,1782864280164047,False,True
101196,63.62000000,31.44000000,121377,121377,1782864281132506,False,True
101197,63.62000000,0.80000000,121378,121378,1782864281139999,False,True
101198,63.62000000,2.80000000,121379,121379,1782864281149739,False,True
101199,63.62000000,8.00000000,121380,121380,1782864281155959,False,True
101200,63.62000000,16.00000000,121381,121381,1782864281229152,False,True
101201,63.61000000,16.00000000,121382,121382,1782864281635093,False,True
101202,63.61000000,16.00000000,121383,121383,1782864281644474,False,True
101203,63.61000000,16.28000000,121384,121384,1782864281670545,False,True
101204,63.61000000,15.16000000,121385,121385,1782864281676245,False,True
101205,63.61000000,2.80000000,121386,121386,1782864281681356,False,True
101206,63.61000000,8.00000000,121387,121387,1782864281688731,False,True
101207,63.61000000,16.00000000,121388,121388,1782864281696226,False,True
101208,63.61000000,6.50000000,121389,121389,1782864281997803,False,True
101209,63.65000000,0.08000000,121390,121390,1782864286102669,False,True
101210,63.66000000,0.08000000,121391,121391,1782864286121953,False,True
101211,63.67000000,3.21000000,121392,121393,1782864287025919,False,True
101212,63.67000000,16.00000000,121394,121394,1782864287149497,False,True
101213,63.67000000,16.00000000,121395,121395,1782864287158920,False,True
101214,63.66000000,31.32000000,121396,121396,1782864295697967,False,True
101215,63.66000000,16.00000000,121397,121398,1782864295701726,False,True
101216,63.66000000,16.00000000,121399,121399,1782864295706980,False,True
101217,63.66000000,6.29000000,121400,121400,1782864297269820,False,True
101218,63.66000000,15.71000000,121401,121401,1782864297408716,False,True
101219,63.66000000,9.42000000,121402,121402,1782864297410114,False,True
101220,63.66000000,8.00000000,121403,121403,1782864297413002,False,True
101221,63.66000000,16.00000000,121404,121405,1782864297420094,False,True
101222,63.66000000,0.80000000,121406,121406,1782864297429630,False,True
101223,63.66000000,2.80000000,121407,121407,1782864297438034,False,True
101224,63.66000000,8.00000000,121408,121408,1782864297443481,False,True
101225,63.66000000,16.00000000,121409,121409,1782864297446854,False,True
101226,63.66000000,16.00000000,121410,121410,1782864297451860,False,True
101227,63.66000000,2.80000000,121411,121411,1782864300109011,False,True
101228,63.66000000,8.00000000,121412,121412,1782864300115671,False,True
101229,63.66000000,16.00000000,121413,121413,1782864300124013,False,True
101230,63.66000000,12.60000000,121414,121414,1782864300158581,False,True
101231,63.66000000,0.80000000,121415,121415,1782864300819855,False,True
101232,63.66000000,2.80000000,121416,121416,1782864300827343,False,True
101233,63.66000000,8.00000000,121417,121417,1782864300834680,False,True
101234,63.66000000,22.59000000,121418,121419,1782864300841274,False,True
101235,63.66000000,8.83000000,121420,121420,1782864300844660,False,True
101236,63.66000000,16.00000000,121421,121421,1782864300845716,False,True
101237,63.66000000,16.00000000,121422,121423,1782864300855506,False,True
101238,63.66000000,2.80000000,121424,121424,1782864301559329,False,True
101239,63.66000000,8.00000000,121425,121425,1782864302679494,False,True
101240,63.65000000,5.62000000,121426,121427,1782864305722143,True,True
101241,63.65000000,2.96000000,121428,121428,1782864305876604,True,True
101242,63.65000000,2.96000000,121429,121429,1782864305884015,True,True
101243,63.65000000,2.96000000,121430,121430,1782864305887561,True,True
101244,63.64000000,23.52000000,121431,121431,1782864305890352,True,True
101245,63.64000000,20.96000000,121432,121432,1782864305905986,True,True
101246,63.60000000,0.15000000,121433,121433,1782864315737252,True,True
101247,63.58000000,2.96000000,121434,121434,1782864315776765,True,True
101248,63.52000000,15.73000000,121435,121435,1782864331052890,False,True
101249,63.53000000,6.43000000,121436,121438,1782864352801670,False,True
101250,63.55000000,0.46000000,121439,121439,1782864352801670,False,True
101251,63.56000000,8.83000000,121440,121440,1782864352801670,False,True
101252,63.55000000,0.46000000,121441,121441,1782864358280166,False,True
101253,63.54000000,14.99000000,121442,121442,1782864360789727,False,True
101254,63.54000000,16.00000000,121443,121443,1782864360805659,False,True
101255,63.54000000,16.00000000,121444,121444,1782864360833823,False,True
101256,63.54000000,31.48000000,121445,121446,1782864361180466,False,True
101257,63.54000000,24.43000000,121447,121447,1782864361180996,False,True
101258,63.54000000,23.81000000,121448,121448,1782864361181546,False,True
101259,63.55000000,7.64000000,121449,121449,1782864361181546,False,True
101260,63.55000000,24.43000000,121450,121450,1782864361182064,False,True
101261,63.54000000,2.80000000,121451,121451,1782864361203376,False,True
101262,63.54000000,0.40000000,121452,121452,1782864361203551,False,True
101263,63.54000000,8.00000000,121453,121453,1782864361232027,False,True
101264,63.53000000,2.65000000,121454,121454,1782864366723438,True,True
101265,63.52000000,6.41000000,121455,121457,1782864400412007,False,True
101266,63.54000000,9.33000000,121458,121459,1782864400412007,False,True
101267,63.54000000,5.00000000,121460,121461,1782864401665961,False,True
101268,63.54000000,0.59000000,121462,121462,1782864406107923,False,True
101269,63.52000000,12.59000000,121463,121463,1782864410346084,False,True
101270,63.54000000,16.66000000,121464,121465,1782864410346084,False,True
101271,63.56000000,0.89000000,121466,121466,1782864410346084,False,True
101272,63.51000000,8.35000000,121467,121469,1782864412275117,True,True
101273,63.50000000,16.87000000,121470,121470,1782864412284241,True,True
101274,63.50000000,25.55000000,121471,121471,1782864413153409,True,True
101275,63.50000000,19.33000000,121472,121473,1782864413154939,True,True
101276,63.50000000,0.40000000,121474,121474,1782864443225545,True,True
101277,63.50000000,0.40000000,121475,121475,1782864443225982,True,True
101278,63.50000000,8.91000000,121476,121476,1782864443235669,True,True
101279,63.50000000,0.80000000,121477,121477,1782864443249651,True,True
101280,63.50000000,0.80000000,121478,121478,1782864443250014,True,True
101281,63.50000000,2.00000000,121479,121479,1782864443255802,True,True
101282,63.50000000,2.46000000,121480,121481,1782864443256096,True,True
101283,63.49000000,0.09000000,121482,121482,1782864443334557,True,True
101284,63.46000000,1.58000000,121483,121483,1782864456523928,False,True
101285,63.46000000,25.99000000,121484,121486,1782864461195896,False,True
101286,63.46000000,25.99000000,121487,121487,1782864461196836,False,True
101287,63.46000000,25.99000000,121488,121489,1782864461197907,False,True
101288,63.47000000,2.80000000,121490,121490,1782864486023450,False,True
101289,63.47000000,8.00000000,121491,121491,1782864486030558,False,True
101290,63.50000000,0.80000000,121492,121492,1782864517921285,False,True
101291,63.50000000,2.80000000,121493,121493,1782864517931193,False,True
101292,63.50000000,2.82000000,121494,121494,1782864518016634,False,True
101293,63.50000000,16.00000000,121495,121495,1782864529105046,False,True
101294,63.50000000,16.00000000,121496,121496,1782864529112802,False,True
101295,63.50000000,2.00000000,121497,121497,1782864541797271,True,True
101296,63.48000000,5.62000000,121498,121499,1782864549883841,True,True
101297,63.49000000,2.97000000,121500,121500,1782864549886408,True,True
101298,63.49000000,2.97000000,121501,121501,1782864549888715,True,True
101299,63.48000000,32.30000000,121502,121506,1782864563271479,True,True
101300,63.47000000,2.97000000,121507,121507,1782864563271479,True,True
101301,63.46000000,6.73000000,121508,121509,1782864563271479,True,True
101302,63.51000000,0.07000000,121510,121510,1782864589933199,False,True
101303,63.51000000,0.80000000,121511,121512,1782864611807426,False,True
101304,63.51000000,2.80000000,121513,121515,1782864611817811,False,True
101305,63.50000000,0.40000000,121516,121516,1782864611830653,False,True
101306,63.50000000,0.98000000,121517,121518,1782864611831128,False,True
101307,63.51000000,5.33000000,121519,121519,1782864611831128,False,True
101308,63.50000000,0.19000000,121520,121520,1782864611840500,False,True
101309,63.51000000,0.58000000,121521,121521,1782864611840500,False,True
101310,63.51000000,0.69000000,121522,121523,1782864611877269,False,True
101311,63.51000000,0.13000000,121524,121524,1782864611883972,False,True
101312,63.52000000,8.00000000,121525,121526,1782864612750275,False,True
101313,63.52000000,16.00000000,121527,121527,1782864612783515,False,True
101314,63.52000000,16.00000000,121528,121528,1782864620207797,False,True
101315,63.52000000,16.00000000,121529,121529,1782864620217885,False,True
101316,63.52000000,2.80000000,121530,121530,1782864631476691,False,True
101317,63.52000000,0.80000000,121531,121531,1782864631546175,False,True
101318,63.52000000,8.00000000,121532,121532,1782864631588772,False,True
101319,63.52000000,8.61000000,121533,121533,1782864631593338,False,True
101320,63.52000000,16.57000000,121534,121534,1782864631593504,False,True
101321,63.52000000,5.61000000,121535,121535,1782864631594804,False,True
101322,63.52000000,21.67000000,121536,121538,1782864631596253,False,True
101323,63.52000000,2.19000000,121539,121539,1782864631599316,False,True
101324,63.57000000,8.20000000,121540,121541,1782864631641479,False,True
101325,63.57000000,1.57000000,121542,121542,1782864631942168,False,True
101326,63.55000000,7.86000000,121543,121544,1782864648611482,False,True
101327,63.55000000,22.40000000,121545,121550,1782864668836489,True,True
101328,63.56000000,3.56000000,121551,121552,1782864700209630,False,True
101329,63.59000000,1.57000000,121553,121553,1782864704852915,False,True
101330,63.56000000,4.25000000,121554,121555,1782864728460429,False,True
101331,63.55000000,19.66000000,121556,121559,1782864731836794,True,True
101332,63.51000000,19.69000000,121560,121563,1782864739239321,True,True
101333,63.50000000,1.89000000,121564,121565,1782864739239321,True,True
101334,63.53000000,87.43000000,121566,121567,1782864769968680,False,True
101335,63.51000000,19.69000000,121568,121571,1782864782739963,True,True
101336,63.52000000,2.97000000,121572,121572,1782864813286960,False,True
101337,63.61000000,3.08000000,121573,121575,1782864849163504,False,True
101338,63.62000000,0.39000000,121576,121576,1782864849163504,False,True
101339,63.58000000,0.46000000,121577,121577,1782864850212660,False,True
101340,63.59000000,0.46000000,121578,121578,1782864857384600,False,True
101341,63.60000000,8.23000000,121579,121580,1782864857384600,False,True
101342,63.57000000,19.58000000,121581,121584,1782864879212014,True,True
101343,63.56000000,2.97000000,121585,121585,1782864903865087,False,True
101344,63.60000000,4.89000000,121586,121586,1782864903865087,False,True
101345,63.58000000,27.75000000,121587,121588,1782864976425869,False,True
101346,63.58000000,27.75000000,121589,121590,1782864976427250,False,True
101347,63.58000000,27.75000000,121591,121591,1782864976428240,False,True
101348,63.58000000,0.46000000,121592,121592,1782864976429526,False,True
101349,63.60000000,2.55000000,121593,121593,1782864984450922,False,True
101350,63.58000000,4.11000000,121594,121595,1782865009092118,False,True
101351,63.57000000,0.08000000,121596,121596,1782865020906726,True,True
101352,63.54000000,9.69000000,121597,121597,1782865020906726,True,True
101353,63.52000000,10.59000000,121598,121598,1782865020906726,True,True
101354,63.51000000,2.97000000,121599,121599,1782865020906726,True,True
101355,63.50000000,32.53000000,121600,121603,1782865020906726,True,True
101356,63.49000000,5.27000000,121604,121604,1782865020906726,True,True
101357,63.48000000,23.68000000,121605,121607,1782865020906726,True,True
101358,63.47000000,2.62000000,121608,121608,1782865020906726,True,True
101359,63.56000000,0.48000000,121609,121609,1782865032310871,False,True
101360,63.45000000,0.08000000,121610,121610,1782865102002546,True,True
101361,63.44000000,3.11000000,121611,121611,1782865119284754,True,True
101362,63.43000000,3.11000000,121612,121612,1782865120150754,True,True
101363,63.42000000,1.66000000,121613,121614,1782865120155476,True,True
101364,63.41000000,3.12000000,121615,121615,1782865120440254,True,True
101365,63.40000000,1.65000000,121616,121617,1782865120466951,True,True
101366,63.39000000,3.34000000,121618,121618,1782865120693907,True,True
101367,63.40000000,1.70000000,121619,121619,1782865130428069,False,True
101368,63.40000000,1.00000000,121620,121620,1782865132135029,False,True
101369,63.41000000,1.70000000,121621,121621,1782865151031855,False,True
101370,63.41000000,1.01000000,121622,121622,1782865171424952,False,True
101371,63.40000000,2.00000000,121623,121623,1782865175696535,True,True
101372,63.41000000,0.08000000,121624,121624,1782865189470457,False,True
101373,63.40000000,2.58000000,121625,121627,1782865190187836,True,True
101374,63.38000000,0.08000000,121628,121628,1782865208043026,True,True
101375,63.39000000,1.57000000,121629,121629,1782865233731688,False,True
101376,63.38000000,19.61000000,121630,121631,1782865261773765,True,True
101377,63.35000000,3.29000000,121632,121634,1782865261773765,True,True
101378,63.34000000,1.59000000,121635,121635,1782865261773765,True,True
101379,63.35000000,3.12000000,121636,121636,1782865281781681,True,True
101380,63.33000000,3.12000000,121637,121637,1782865281781681,True,True
101381,63.32000000,18.67000000,121638,121638,1782865281781681,True,True
101382,63.31000000,6.02000000,121639,121640,1782865281781681,True,True
101383,63.30000000,11.05000000,121641,121642,1782865281781681,True,True
101384,63.30000000,0.46000000,121643,121643,1782865326782663,True,True
101385,63.28000000,0.09000000,121644,121644,1782865326782663,True,True
101386,63.27000000,17.90000000,121645,121645,1782865326782663,True,True
101387,63.26000000,23.38000000,121646,121647,1782865326782663,True,True
101388,63.24000000,3.12000000,121648,121648,1782865343170406,True,True
101389,63.23000000,3.13000000,121649,121649,1782865344324786,True,True
101390,63.22000000,1.50000000,121650,121650,1782865344883385,True,True
101391,63.22000000,14.31000000,121651,121651,1782865361775351,True,True
101392,63.21000000,0.09000000,121652,121652,1782865361775351,True,True
101393,63.19000000,3.12000000,121653,121653,1782865361775351,True,True
101394,63.18000000,6.15000000,121654,121655,1782865361775351,True,True
101395,63.18000000,4.48000000,121656,121656,1782865369221623,False,True
101396,63.18000000,4.05000000,121657,121657,1782865369825178,False,True
101397,63.19000000,0.98000000,121658,121658,1782865386773835,True,True
101398,63.18000000,6.10000000,121659,121660,1782865386773835,True,True
101399,63.17000000,0.98000000,121661,121661,1782865386773835,True,True
101400,63.16000000,13.62000000,121662,121663,1782865386773835,True,True
101401,63.16000000,1.14000000,121664,121664,1782865404654606,True,True
101402,63.18000000,12.66000000,121665,121665,1782865411784019,True,True
101403,63.16000000,1.83000000,121666,121666,1782865411784019,True,True
101404,63.14000000,18.86000000,121667,121667,1782865411784019,True,True
101405,63.19000000,0.40000000,121668,121668,1782865431875572,False,True
101406,63.19000000,0.40000000,121669,121669,1782865431876020,False,True
101407,63.19000000,0.80000000,121670,121670,1782865431880354,False,True
101408,63.19000000,0.80000000,121671,121671,1782865431880603,False,True
101409,63.19000000,2.80000000,121672,121672,1782865431887443,False,True
101410,63.19000000,8.00000000,121673,121673,1782865432188793,False,True
101411,63.19000000,16.00000000,121674,121674,1782865432194161,False,True
101412,63.19000000,16.00000000,121675,121676,1782865432198609,False,True
101413,63.19000000,16.00000000,121677,121677,1782865432203717,False,True
101414,63.23000000,1.33000000,121678,121678,1782865441064635,False,True
101415,63.25000000,2.97000000,121679,121679,1782865441774271,True,True
101416,63.22000000,16.01000000,121680,121680,1782865441774271,True,True
101417,63.20000000,14.25000000,121681,121681,1782865441774271,True,True
101418,63.19000000,3.97000000,121682,121682,1782865441774271,True,True
101419,63.24000000,19.76000000,121683,121686,1782865476786882,True,True
101420,63.19000000,13.66000000,121687,121687,1782865476786882,True,True
101421,63.18000000,2.97000000,121688,121688,1782865476786882,True,True
101422,63.21000000,25.31000000,121689,121689,1782865480471788,False,True
101423,63.18000000,25.41000000,121690,121695,1782865511774297,True,True
101424,63.15000000,9.84000000,121696,121696,1782865511774297,True,True
101425,63.20000000,0.46000000,121697,121697,1782865516638136,False,True
101426,63.25000000,20.00000000,121698,121701,1782865522868192,False,True
101427,63.22000000,8.24000000,121702,121702,1782865535858882,False,True
101428,63.21000000,19.79000000,121703,121706,1782865538950434,True,True
101429,63.17000000,7.92000000,121707,121707,1782865540311014,True,True
101430,63.18000000,20.25000000,121708,121712,1782865546783602,True,True
101431,63.16000000,9.80000000,121713,121713,1782865546783602,True,True
101432,63.15000000,1.45000000,121714,121714,1782865546783602,True,True
101433,63.18000000,12.66000000,121715,121717,1782865557730144,True,True
101434,63.18000000,7.13000000,121718,121719,1782865562198234,True,True
101435,63.15000000,24.69000000,121720,121725,1782865581783419,True,True
101436,63.14000000,10.63000000,121726,121726,1782865581783419,True,True
101437,63.14000000,2.76000000,121727,121727,1782865586098067,True,True
101438,63.14000000,2.55000000,121728,121728,1782865586101821,True,True
101439,63.14000000,12.80000000,121729,121730,1782865586142253,True,True
101440,63.13000000,2.76000000,121731,121731,1782865594735429,True,True
101441,63.13000000,13.24000000,121732,121733,1782865596259472,True,True
101442,63.11000000,0.07000000,121734,121734,1782865598052147,False,True
101443,63.07000000,0.48000000,121735,121736,1782865606388714,True,True
101444,63.08000000,2.28000000,121737,121737,1782865610389444,True,True
101445,63.11000000,16.60000000,121738,121738,1782865611774336,True,True
101446,63.10000000,3.42000000,121739,121739,1782865611774336,True,True
101447,63.14000000,32.11000000,121740,121745,1782865631773780,True,True
101448,63.14000000,15.84000000,121746,121748,1782865636826275,True,True
101449,63.13000000,13.21000000,121749,121749,1782865636826275,True,True
101450,63.12000000,17.68000000,121750,121751,1782865636826275,True,True
101451,63.13000000,30.72000000,121752,121756,1782865661773730,True,True
101452,63.12000000,1.31000000,121757,121757,1782865661773730,True,True
101453,63.11000000,6.58000000,121758,121758,1782865661773730,True,True
101454,63.23000000,2.98000000,121759,121759,1782865701780785,True,True
101455,63.22000000,2.65000000,121760,121760,1782865701780785,True,True
101456,63.21000000,12.65000000,121761,121761,1782865701780785,True,True
101457,63.20000000,12.52000000,121762,121764,1782865701780785,True,True
101458,63.23000000,25.39000000,121765,121770,1782865703884796,True,True
101459,63.23000000,19.76000000,121771,121774,1782865725878336,True,True
101460,63.23000000,15.81000000,121775,121777,1782865726780253,True,True
101461,63.21000000,1.32000000,121778,121778,1782865726780253,True,True
101462,63.23000000,3.95000000,121779,121779,1782865730038686,True,True
101463,63.19000000,31.91000000,121780,121782,1782865741781815,True,True
101464,63.19000000,4.23000000,121783,121784,1782865744789582,True,True
101465,63.19000000,23.04000000,121785,121787,1782865776786533,True,True
101466,63.18000000,2.98000000,121788,121788,1782865776786533,True,True
101467,63.17000000,2.14000000,121789,121789,1782865776786533,True,True
101468,63.18000000,6.57000000,121790,121791,1782865779775172,True,True
101469,63.18000000,19.46000000,121792,121795,1782865801773715,True,True
101470,63.19000000,2.98000000,121796,121796,1782865802796231,True,True
101471,63.18000000,5.52000000,121797,121798,1782865802796231,True,True
101472,63.19000000,3.85000000,121799,121800,1782865804782508,True,True
101473,63.20000000,27.50000000,121801,121804,1782865821781066,True,True
101474,63.19000000,10.58000000,121805,121805,1782865821781066,True,True
101475,63.17000000,1.75000000,121806,121806,1782865821781066,True,True
101476,63.20000000,3.60000000,121807,121808,1782865829775686,True,True
101477,63.25000000,1.58000000,121809,121809,1782865836326397,False,True
101478,63.25000000,0.40000000,121810,121810,1782865838464120,False,True
101479,63.25000000,0.80000000,121811,121811,1782865844435804,False,True
101480,63.25000000,2.80000000,121812,121812,1782865844521468,False,True
101481,63.25000000,2.34000000,121813,121813,1782865844547113,False,True
101482,63.25000000,3.14000000,121814,121816,1782865854776132,True,True
101483,63.28000000,0.09000000,121817,121817,1782865861688009,False,True
101484,63.29000000,13.79000000,121818,121821,1782865865284224,True,True
101485,63.29000000,1.07000000,121822,121822,1782865865285648,True,True
101486,63.32000000,0.40000000,121823,121823,1782865872800856,False,True
101487,63.32000000,16.00000000,121824,121824,1782865872801385,False,True
101488,63.32000000,16.00000000,121825,121825,1782865872854005,False,True
101489,63.30000000,15.80000000,121826,121828,1782865883169142,True,True
101490,63.34000000,4.74000000,121829,121830,1782865899968325,False,True
101491,63.30000000,10.66000000,121831,121833,1782865916909000,True,True
101492,63.26000000,2.97000000,121834,121834,1782865916985046,True,True
101493,63.24000000,1.40000000,121835,121836,1782865935807226,True,True
101494,63.31000000,0.80000000,121837,121837,1782865953380419,False,True
101495,63.31000000,2.80000000,121838,121838,1782865953425592,False,True
101496,63.35000000,0.09000000,121839,121839,1782866045702675,False,True
101497,63.34000000,25.36000000,121840,121845,1782866051799624,True,True
101498,63.33000000,3.17000000,121846,121846,1782866101540296,False,True
101499,63.32000000,3.16000000,121847,121847,1782866107184997,True,True
101500,63.33000000,2.37000000,121848,121848,1782866112463915,False,True
101501,63.32000000,16.59000000,121849,121852,1782866131384438,True,True
101502,63.27000000,3.16000000,121853,121854,1782866133899683,False,True
101503,63.26000000,3.16000000,121855,121855,1782866136427731,True,True
101504,63.27000000,2.00000000,121856,121857,1782866150187105,False,True
101505,63.27000000,15.62000000,121858,121859,1782866165310977,False,True
101506,63.27000000,18.99000000,121860,121864,1782866173933349,True,True
101507,63.26000000,0.39000000,121865,121865,1782866173936775,True,True
101508,63.27000000,0.16000000,121866,121866,1782866177945645,False,True
101509,63.27000000,0.46000000,121867,121867,1782866188730933,True,True
101510,63.26000000,12.42000000,121868,121870,1782866188730933,True,True
101511,63.25000000,15.47000000,121871,121871,1782866188730933,True,True
101512,63.24000000,10.80000000,121872,121872,1782866188730933,True,True
101513,63.22000000,9.95000000,121873,121873,1782866188730933,True,True
101514,63.27000000,11.85000000,121874,121875,1782866194387712,True,True
101515,63.23000000,17.77000000,121876,121877,1782866194387712,True,True
101516,63.22000000,1.78000000,121878,121878,1782866194387712,True,True
101517,63.19000000,19.62000000,121879,121879,1782866200678977,True,True
101518,63.18000000,2.98000000,121880,121880,1782866200678977,True,True
101519,63.17000000,14.20000000,121881,121881,1782866200678977,True,True
101520,63.19000000,24.52000000,121882,121884,1782866202935062,True,True
101521,63.18000000,22.47000000,121885,121886,1782866202935062,True,True
101522,63.17000000,13.58000000,121887,121888,1782866202935062,True,True
101523,63.16000000,16.50000000,121889,121890,1782866202935062,True,True
101524,63.15000000,39.48000000,121891,121892,1782866202935062,True,True
101525,63.29000000,0.96000000,121893,121893,1782866231541154,False,True
101526,63.32000000,2.04000000,121894,121894,1782866231541154,False,True
101527,63.31000000,9.60000000,121895,121896,1782866267866543,True,True
101528,63.34000000,0.07000000,121897,121897,1782866276987478,False,True
101529,63.32000000,0.46000000,121898,121898,1782866282374970,False,True
101530,63.34000000,2.85000000,121899,121899,1782866282374970,False,True
101531,63.35000000,0.17000000,121900,121900,1782866297626321,False,True
101532,63.32000000,10.25000000,121901,121902,1782866316631915,True,True
101533,63.28000000,7.90000000,121903,121904,1782866346163315,True,True
101534,63.35000000,0.40000000,121905,121905,1782866441320768,False,True
101535,63.35000000,0.40000000,121906,121906,1782866441327785,False,True
101536,63.35000000,2.32000000,121907,121907,1782866441330762,False,True
101537,63.38000000,0.80000000,121908,121908,1782866441343043,False,True
101538,63.38000000,0.80000000,121909,121909,1782866441343312,False,True
101539,63.38000000,1.52000000,121910,121910,1782866441353053,False,True
101540,63.39000000,1.28000000,121911,121911,1782866441353053,False,True
101541,63.38000000,3.12000000,121912,121912,1782866441380969,False,True
101542,63.39000000,2.65000000,121913,121913,1782866441380969,False,True
101543,63.41000000,0.80000000,121914,121914,1782866444517578,False,True
101544,63.41000000,2.80000000,121915,121915,1782866444525639,False,True
101545,63.41000000,0.33000000,121916,121916,1782866444530557,False,True
101546,63.41000000,3.02000000,121917,121917,1782866444536467,False,True
101547,63.41000000,1.66000000,121918,121918,1782866444543083,False,True
101548,63.41000000,0.83000000,121919,121919,1782866444550080,False,True
101549,63.41000000,0.42000000,121920,121920,1782866444561105,False,True
101550,63.41000000,0.42000000,121921,121921,1782866444566913,False,True
101551,63.42000000,0.59000000,121922,121923,1782866451444162,False,True
101552,63.42000000,2.62000000,121924,121924,1782866451795336,False,True
101553,63.42000000,3.12000000,121925,121925,1782866451802389,False,True
101554,63.42000000,0.53000000,121926,121927,1782866461446396,False,True
101555,63.42000000,3.05000000,121928,121928,1782866462022906,False,True
101556,63.43000000,0.07000000,121929,121929,1782866519470751,False,True
101557,63.43000000,3.05000000,121930,121930,1782866545676905,False,True
101558,63.44000000,5.27000000,121931,121931,1782866545676905,False,True
101559,63.44000000,4.16000000,121932,121932,1782866547645827,False,True
101560,63.44000000,4.16000000,121933,121933,1782866549535174,False,True
101561,63.43000000,19.42000000,121934,121938,1782866572231665,True,True
101562,63.43000000,3.94000000,121939,121939,1782866572280724,True,True
101563,63.42000000,25.98000000,121940,121940,1782866572281612,True,True
101564,63.42000000,25.98000000,121941,121941,1782866572282559,True,True
101565,63.44000000,5.51000000,121942,121942,1782866574423862,False,True
101566,63.43000000,11.82000000,121943,121945,1782866581322861,True,True
101567,63.42000000,0.39000000,121946,121946,1782866581324908,True,True
101568,63.42000000,11.11000000,121947,121947,1782866581325007,True,True
101569,63.42000000,15.37000000,121948,121948,1782866581325574,True,True
101570,63.39000000,0.96000000,121949,121949,1782866581325574,True,True
101571,63.37000000,0.44000000,121950,121950,1782866581325574,True,True
101572,63.41000000,2.00000000,121951,121951,1782866593141235,False,True
101573,63.44000000,2.97000000,121952,121952,1782866604793469,False,True
101574,63.45000000,3.12000000,121953,121953,1782866604795299,False,True
101575,63.39000000,8.53000000,121954,121956,1782866606222808,True,True
101576,63.39000000,11.82000000,121957,121959,1782866624345797,True,True
101577,63.33000000,10.00000000,121960,121960,1782866634339939,False,True
101578,63.33000000,27.84000000,121961,121962,1782866651810393,False,True
101579,63.33000000,19.27000000,121963,121964,1782866651810559,False,True
101580,63.33000000,0.46000000,121965,121965,1782866651814842,False,True
101581,63.33000000,0.46000000,121966,121966,1782866651816208,False,True
101582,63.33000000,0.46000000,121967,121967,1782866651817573,False,True
101583,63.35000000,21.92000000,121968,121968,1782866684871662,False,True
101584,63.35000000,3.80000000,121969,121969,1782866684872118,False,True
101585,63.35000000,29.84000000,121970,121971,1782866684872708,False,True
101586,63.34000000,21.85000000,121972,121975,1782866692626476,True,True
101587,63.33000000,16.06000000,121976,121978,1782866696200075,False,True
101588,63.34000000,1.57000000,121979,121979,1782866696526026,False,True
101589,63.34000000,1.00000000,121980,121980,1782866697332759,False,True
101590,63.34000000,0.39000000,121981,121981,1782866716619254,False,True
101591,63.34000000,1.62000000,121982,121983,1782866742513568,False,True
101592,63.34000000,1.00000000,121984,121984,1782866763322144,False,True
101593,63.34000000,10.81000000,121985,121986,1782866770323423,False,True
101594,63.35000000,2.97000000,121987,121987,1782866770326117,False,True
101595,63.35000000,23.68000000,121988,121992,1782866782419454,True,True
101596,63.35000000,1.29000000,121993,121993,1782866782430880,True,True
101597,63.33000000,30.32000000,121994,121994,1782866782430880,True,True
101598,63.33000000,8.21000000,121995,121995,1782866793520144,True,True
101599,63.33000000,13.37000000,121996,121996,1782866793530581,True,True
101600,63.33000000,18.24000000,121997,121997,1782866793530792,True,True
101601,63.33000000,31.15000000,121998,121998,1782866793530849,True,True
101602,63.33000000,10.99000000,121999,121999,1782866793532446,True,True
101603,63.34000000,0.79000000,122000,122000,1782866799943084,False,True
101604,63.33000000,31.21000000,122001,122003,1782866833313191,True,True
101605,63.33000000,8.96000000,122004,122006,1782866833313590,True,True
101606,63.32000000,3.94000000,122007,122007,1782866833316017,True,True
101607,63.31000000,3.12000000,122008,122008,1782866833316017,True,True
101608,63.30000000,0.68000000,122009,122009,1782866833316017,True,True
101609,63.30000000,2.75000000,122010,122010,1782866833317491,True,True
101610,63.30000000,0.46000000,122011,122011,1782866833326772,True,True
101611,63.30000000,0.05000000,122012,122012,1782866833327430,True,True
101612,63.29000000,2.70000000,122013,122013,1782866833327430,True,True
101613,63.30000000,1.80000000,122014,122014,1782866841183793,False,True
101614,63.29000000,0.42000000,122015,122015,1782866843431615,True,True
101615,63.28000000,0.40000000,122016,122017,1782866843431615,True,True
101616,63.28000000,0.74000000,122018,122018,1782866853435009,True,True
101617,63.28000000,2.38000000,122019,122019,1782866856435933,True,True
101618,63.27000000,3.02000000,122020,122020,1782866856435933,True,True
101619,63.26000000,1.25000000,122021,122021,1782866856435933,True,True
101620,63.28000000,0.15000000,122022,122022,1782866865412990,False,True
101621,63.26000000,0.46000000,122023,122023,1782866905992073,True,True
101622,63.26000000,1.56000000,122024,122025,1782866906002710,True,True
101623,63.25000000,2.98000000,122026,122026,1782866922117253,False,True
101624,63.26000000,1.51000000,122027,122027,1782866933560243,True,True
101625,63.26000000,0.76000000,122028,122028,1782866933567101,True,True
101626,63.26000000,0.38000000,122029,122029,1782866933570823,True,True
101627,63.25000000,3.13000000,122030,122030,1782866933570823,True,True
101628,63.24000000,0.38000000,122031,122031,1782866933620216,True,True
101629,63.21000000,2.75000000,122032,122033,1782866933696381,True,True
101630,63.21000000,0.46000000,122034,122034,1782866937709394,True,True
101631,63.21000000,0.46000000,122035,122035,1782866944063006,True,True
101632,63.21000000,0.46000000,122036,122036,1782866946011459,False,True
101633,63.21000000,3.87000000,122037,122037,1782866951117649,True,True
101634,63.23000000,0.46000000,122038,122038,1782866959094392,False,True
101635,63.24000000,1.15000000,122039,122039,1782866959094392,False,True
101636,63.20000000,0.46000000,122040,122040,1782866959344516,True,True
101637,63.20000000,2.75000000,122041,122041,1782866959350107,True,True
101638,63.20000000,2.75000000,122042,122042,1782866959350785,True,True
101639,63.20000000,0.40000000,122043,122043,1782866959354843,True,True
101640,63.20000000,0.40000000,122044,122044,1782866959354916,True,True
101641,63.22000000,15.63000000,122045,122046,1782866974924791,False,True
101642,63.25000000,12.64000000,122047,122047,1782866974930188,False,True
101643,63.25000000,6.08000000,122048,122048,1782866987681692,False,True
101644,63.25000000,10.00000000,122049,122049,1782867003349271,True,True
101645,63.22000000,32.02000000,122050,122050,1782867012778612,False,True
101646,63.22000000,0.46000000,122051,122051,1782867012779857,False,True
101647,63.22000000,0.46000000,122052,122052,1782867012781112,False,True
101648,63.25000000,0.46000000,122053,122053,1782867024869413,False,True
101649,63.26000000,2.71000000,122054,122054,1782867024869413,False,True
101650,63.22000000,0.46000000,122055,122055,1782867026325376,True,True
101651,63.21000000,16.39000000,122056,122057,1782867026325376,True,True
101652,63.20000000,86.71000000,122058,122058,1782867026325376,True,True
101653,63.22000000,2.98000000,122059,122059,1782867028626691,True,True
101654,63.21000000,0.18000000,122060,122060,1782867028626691,True,True
101655,63.22000000,2.98000000,122061,122061,1782867035531044,True,True
101656,63.21000000,11.98000000,122062,122062,1782867035531044,True,True
101657,63.20000000,88.60000000,122063,122063,1782867035531044,True,True
101658,63.25000000,0.46000000,122064,122064,1782867053716179,False,True
101659,63.25000000,18.88000000,122065,122067,1782867132622575,True,True
101660,63.23000000,2.98000000,122068,122068,1782867142157476,False,True
101661,63.25000000,4.49000000,122069,122069,1782867142157476,False,True
101662,63.27000000,19.15000000,122070,122070,1782867142157476,False,True
101663,63.28000000,13.54000000,122071,122072,1782867142157476,False,True
101664,63.29000000,8.84000000,122073,122073,1782867142157476,False,True
101665,63.30000000,19.16000000,122074,122074,1782867142157476,False,True
101666,63.31000000,10.84000000,122075,122075,1782867142157476,False,True
101667,63.22000000,1.58000000,122076,122076,1782867175502312,True,True
101668,63.21000000,0.25000000,122077,122077,1782867175502312,True,True
101669,63.23000000,2.98000000,122078,122078,1782867192022924,False,True
101670,63.25000000,33.87000000,122079,122081,1782867218422382,False,True
101671,63.27000000,8.84000000,122082,122082,1782867218422382,False,True
101672,63.29000000,36.31000000,122083,122084,1782867218422382,False,True
101673,63.25000000,0.07000000,122085,122085,1782867220822284,False,True
101674,63.24000000,6.98000000,122086,122087,1782867229754267,True,True
101675,63.23000000,3.17000000,122088,122089,1782867242844295,False,True
101676,63.21000000,0.46000000,122090,122090,1782867247697830,True,True
101677,63.20000000,2.70000000,122091,122091,1782867247697830,True,True
101678,63.20000000,2.75000000,122092,122092,1782867287718579,True,True
101679,63.20000000,2.75000000,122093,122093,1782867292247127,True,True
101680,63.20000000,4.60000000,122094,122094,1782867297996818,True,True
101681,63.22000000,0.07000000,122095,122095,1782867318126216,False,True
101682,63.20000000,25.30000000,122096,122096,1782867333962060,True,True
101683,63.22000000,2.91000000,122097,122097,1782867337196436,False,True
101684,63.23000000,0.09000000,122098,122098,1782867337196436,False,True
101685,63.20000000,2.75000000,122099,122099,1782867340505837,True,True
101686,63.20000000,2.75000000,122100,122100,1782867436587948,True,True
101687,63.21000000,7.98000000,122101,122102,1782867485283303,False,True
101688,63.23000000,1.00000000,122103,122103,1782867492088884,False,True
101689,63.21000000,1.50000000,122104,122104,1782867497500464,True,True
101690,63.21000000,1.18000000,122105,122106,1782867506334866,False,True
101691,63.21000000,14.92000000,122107,122108,1782867514512206,False,True
101692,63.20000000,0.40000000,122109,122109,1782867556520436,True,True
101693,63.20000000,2.75000000,122110,122110,1782867556520715,True,True
101694,63.20000000,0.40000000,122111,122111,1782867556520751,True,True
101695,63.20000000,0.46000000,122112,122112,1782867556522097,True,True
101696,63.20000000,0.80000000,122113,122113,1782867556530487,True,True
101697,63.20000000,0.80000000,122114,122114,1782867556530882,True,True
101698,63.20000000,25.84000000,122115,122115,1782867556532483,True,True
101699,63.20000000,2.80000000,122116,122116,1782867556536656,True,True
101700,63.20000000,2.00000000,122117,122117,1782867556537013,True,True
101701,63.20000000,1.60000000,122118,122118,1782867556541812,True,True
101702,63.20000000,4.82000000,122119,122120,1782867556542262,True,True
101703,63.17000000,7.88000000,122121,122122,1782867574024157,True,True
101704,63.17000000,3.62000000,122123,122123,1782867574025153,True,True
101705,63.15000000,1.90000000,122124,122124,1782867575385711,False,True
101706,63.15000000,1.12000000,122125,122125,1782867585545391,False,True
101707,63.16000000,8.71000000,122126,122126,1782867596797048,False,True
101708,63.19000000,3.00000000,122127,122127,1782867600418137,False,True
101709,63.20000000,1.58000000,122128,122128,1782867620427269,False,True
101710,63.20000000,5.04000000,122129,122129,1782867639502774,False,True
101711,63.17000000,0.07000000,122130,122130,1782867670250323,True,True
101712,63.17000000,1.51000000,122131,122131,1782867670288161,True,True
101713,63.15000000,49.14000000,122132,122132,1782867670288161,True,True
101714,63.16000000,0.46000000,122133,122133,1782867670334438,True,True
101715,63.15000000,19.54000000,122134,122134,1782867670334438,True,True
101716,63.18000000,0.50000000,122135,122135,1782867670462424,False,True
101717,63.17000000,3.16000000,122136,122136,1782867671927808,False,True
101718,63.17000000,1.00000000,122137,122137,1782867674001725,False,True
101719,63.15000000,11.23000000,122138,122138,1782867687634533,True,True
101720,63.15000000,27.92000000,122139,122139,1782867687635359,True,True
101721,63.15000000,0.46000000,122140,122140,1782867687639552,True,True
101722,63.15000000,2.80000000,122141,122141,1782867691806807,True,True
101723,63.15000000,8.00000000,122142,122142,1782867691830392,True,True
101724,63.16000000,79.04000000,122143,122146,1782867694061115,False,True
101725,63.19000000,44.73000000,122147,122147,1782867694061115,False,True
101726,63.20000000,10.71000000,122148,122148,1782867694061115,False,True
101727,63.21000000,5.52000000,122149,122150,1782867694061115,False,True
101728,63.16000000,15.66000000,122151,122152,1782867694063421,False,True
101729,63.16000000,0.46000000,122153,122153,1782867694153333,True,True
101730,63.15000000,7.81000000,122154,122154,1782867694153333,True,True
101731,63.16000000,33.44000000,122155,122156,1782867701724087,False,True
101732,63.17000000,2.99000000,122157,122157,1782867701724087,False,True
101733,63.18000000,83.82000000,122158,122159,1782867701724087,False,True
101734,63.20000000,19.75000000,122160,122160,1782867701724087,False,True
101735,63.16000000,12.66000000,122161,122161,1782867705607006,False,True
101736,63.17000000,2.99000000,122162,122162,1782867705607006,False,True
101737,63.20000000,43.89000000,122163,122164,1782867705607006,False,True
101738,63.21000000,17.83000000,122165,122166,1782867705607006,False,True
101739,63.22000000,62.63000000,122167,122170,1782867705607006,False,True
101740,63.17000000,1.59000000,122171,122171,1782867713863267,False,True
101741,63.16000000,0.46000000,122172,122172,1782867720625356,True,True
101742,63.15000000,7.81000000,122173,122173,1782867720625356,True,True
101743,63.17000000,0.09000000,122174,122174,1782867733339917,False,True
101744,63.21000000,112.94000000,122175,122178,1782867733339917,False,True
101745,63.22000000,26.97000000,122179,122179,1782867733339917,False,True
101746,63.17000000,12.76000000,122180,122181,1782867736757231,False,True
101747,63.21000000,3.45000000,122182,122183,1782867736757231,False,True
101748,63.22000000,36.59000000,122184,122186,1782867736757231,False,True
101749,63.23000000,18.98000000,122187,122188,1782867736757231,False,True
101750,63.24000000,11.46000000,122189,122190,1782867736757231,False,True
101751,63.25000000,16.54000000,122191,122192,1782867736757231,False,True
101752,63.26000000,40.22000000,122193,122196,1782867736757231,False,True
101753,63.17000000,32.69000000,122197,122197,1782867736828762,False,True
101754,63.17000000,32.69000000,122198,122199,1782867736829929,False,True
101755,63.17000000,26.21000000,122200,122200,1782867736831195,False,True
101756,63.17000000,83.08000000,122201,122202,1782867739904333,False,True
101757,63.18000000,3.13000000,122203,122203,1782867739904333,False,True
101758,63.19000000,53.79000000,122204,122205,1782867739904333,False,True
101759,63.18000000,12.66000000,122206,122206,1782867743206099,False,True
101760,63.19000000,0.09000000,122207,122207,1782867743206099,False,True
101761,63.20000000,3.13000000,122208,122208,1782867743206099,False,True
101762,63.21000000,10.89000000,122209,122209,1782867743206099,False,True
101763,63.22000000,12.22000000,122210,122211,1782867743206099,False,True
101764,63.23000000,93.53000000,122212,122214,1782867743206099,False,True
101765,63.24000000,7.48000000,122215,122216,1782867743206099,False,True
101766,63.20000000,12.74000000,122217,122218,1782867746545501,False,True
101767,63.22000000,1.95000000,122219,122219,1782867746545501,False,True
101768,63.23000000,17.22000000,122220,122220,1782867746545501,False,True
101769,63.24000000,86.16000000,122221,122222,1782867746545501,False,True
101770,63.25000000,21.10000000,122223,122224,1782867746545501,False,True
101771,63.26000000,0.83000000,122225,122225,1782867746545501,False,True
101772,63.17000000,12.75000000,122226,122227,1782867784330122,False,True
101773,63.19000000,0.98000000,122228,122228,1782867784330122,False,True
101774,63.20000000,88.10000000,122229,122230,1782867784330122,False,True
101775,63.20000000,8.00000000,122231,122231,1782867784335178,True,True
101776,63.20000000,16.00000000,122232,122232,1782867784343961,True,True
101777,63.20000000,16.00000000,122233,122233,1782867786725519,True,True
101778,63.21000000,0.07000000,122234,122234,1782867793529653,False,True
101779,63.21000000,103.91000000,122235,122238,1782867794781178,False,True
101780,63.22000000,2.98000000,122239,122239,1782867794781178,False,True
101781,63.23000000,33.11000000,122240,122240,1782867794781178,False,True
101782,63.21000000,0.83000000,122241,122241,1782867796500853,False,True
101783,63.21000000,1.01000000,122242,122242,1782867803341046,False,True
101784,63.20000000,4.94000000,122243,122243,1782867838224241,True,True
101785,63.21000000,12.65000000,122244,122244,1782867842197143,False,True
101786,63.22000000,3.00000000,122245,122245,1782867842197143,False,True
101787,63.25000000,91.94000000,122246,122248,1782867842197143,False,True
101788,63.26000000,32.41000000,122249,122249,1782867842197143,False,True
101789,63.20000000,16.00000000,122250,122250,1782867852531430,True,True
101790,63.20000000,16.00000000,122251,122251,1782867852572486,True,True
101791,63.20000000,16.00000000,122252,122252,1782867855862544,True,True
101792,63.20000000,16.00000000,122253,122253,1782867855946966,True,True
101793,63.20000000,8.00000000,122254,122254,1782867856031677,True,True
101794,63.20000000,16.00000000,122255,122255,1782867857637072,True,True
101795,63.20000000,16.00000000,122256,122256,1782867857784428,True,True
101796,63.20000000,16.00000000,122257,122257,1782867857814057,True,True
101797,63.20000000,16.00000000,122258,122258,1782867857856668,True,True
101798,63.20000000,16.00000000,122259,122259,1782867857873347,True,True
101799,63.20000000,8.00000000,122260,122260,1782867858188511,True,True
101800,63.20000000,16.00000000,122261,122261,1782867858197420,True,True
101801,63.20000000,0.80000000,122262,122262,1782867858298484,True,True
101802,63.20000000,0.40000000,122263,122263,1782867861093233,True,True
101803,63.20000000,0.80000000,122264,122264,1782867861122963,True,True
101804,63.20000000,2.80000000,122265,122265,1782867861146062,True,True
101805,63.20000000,8.00000000,122266,122266,1782867861155900,True,True
101806,63.20000000,16.00000000,122267,122267,1782867861837599,True,True
101807,63.20000000,16.00000000,122268,122268,1782867861854096,True,True
101808,63.20000000,2.80000000,122269,122269,1782867861968017,True,True
101809,63.20000000,0.40000000,122270,122270,1782867862784866,True,True
101810,63.20000000,0.80000000,122271,122271,1782867862794036,True,True
101811,63.20000000,2.80000000,122272,122272,1782867862802473,True,True
101812,63.20000000,8.00000000,122273,122273,1782867862816115,True,True
101813,63.20000000,16.00000000,122274,122274,1782867862830238,True,True
101814,63.20000000,16.00000000,122275,122275,1782867863083310,True,True
101815,63.20000000,16.00000000,122276,122276,1782867864481256,True,True
101816,63.20000000,16.00000000,122277,122277,1782867864597837,True,True
101817,63.20000000,8.00000000,122278,122278,1782867864619372,True,True
101818,63.20000000,16.00000000,122279,122279,1782867864630447,True,True
101819,63.20000000,16.00000000,122280,122280,1782867864638265,True,True
101820,63.20000000,2.80000000,122281,122281,1782867864691336,True,True
101821,63.20000000,8.00000000,122282,122282,1782867864700158,True,True
101822,63.20000000,16.00000000,122283,122283,1782867864706553,True,True
101823,63.21000000,38.97000000,122284,122285,1782867865732771,False,True
101824,63.23000000,3.00000000,122286,122286,1782867865732771,False,True
101825,63.25000000,58.03000000,122287,122289,1782867865732771,False,True
101826,63.21000000,12.66000000,122290,122290,1782867873434015,False,True
101827,63.23000000,3.03000000,122291,122291,1782867873434015,False,True
101828,63.24000000,8.27000000,122292,122292,1782867873434015,False,True
101829,63.27000000,26.04000000,122293,122294,1782867873434015,False,True
101830,63.20000000,16.00000000,122295,122295,1782867877102648,True,True
101831,63.21000000,3.16000000,122296,122296,1782867877219038,False,True
101832,63.20000000,22.18000000,122297,122297,1782867877632675,True,True
101833,63.20000000,12.84000000,122298,122298,1782867877642144,True,True
101834,63.20000000,31.68000000,122299,122299,1782867877647165,True,True
101835,63.20000000,2.80000000,122300,122300,1782867878104223,True,True
101836,63.20000000,8.00000000,122301,122301,1782867878153651,True,True
101837,63.20000000,16.00000000,122302,122302,1782867878498230,True,True
101838,63.20000000,2.99000000,122303,122303,1782867899760881,True,True
101839,63.20000000,0.80000000,122304,122304,1782867904077646,True,True
101840,63.20000000,2.80000000,122305,122305,1782867904127018,True,True
101841,63.20000000,8.00000000,122306,122306,1782867904164174,True,True
101842,63.20000000,0.80000000,122307,122307,1782867906615018,True,True
101843,63.20000000,2.80000000,122308,122308,1782867906844710,True,True
101844,63.20000000,8.00000000,122309,122309,1782867906857725,True,True
101845,63.21000000,12.65000000,122310,122310,1782867909871299,False,True
101846,63.22000000,0.09000000,122311,122311,1782867909871299,False,True
101847,63.23000000,34.70000000,122312,122313,1782867909871299,False,True
101848,63.20000000,16.00000000,122314,122314,1782867913085426,True,True
101849,63.20000000,22.51000000,122315,122315,1782867913332565,True,True
101850,63.20000000,16.00000000,122316,122316,1782867913365141,True,True
101851,63.20000000,2.80000000,122317,122317,1782867914173104,True,True
101852,63.20000000,8.00000000,122318,122318,1782867914183223,True,True
101853,63.20000000,16.00000000,122319,122319,1782867914191186,True,True
101854,63.20000000,23.92000000,122320,122320,1782867915933578,True,True
101855,63.20000000,0.80000000,122321,122321,1782867915982682,True,True
101856,63.20000000,2.80000000,122322,122322,1782867916136532,True,True
101857,63.20000000,8.00000000,122323,122323,1782867916273475,True,True
101858,63.20000000,16.00000000,122324,122324,1782867916334719,True,True
101859,63.20000000,12.90000000,122325,122325,1782867916636626,True,True
101860,63.20000000,0.80000000,122326,122326,1782867917112606,True,True
101861,63.20000000,0.46000000,122327,122327,1782867917246951,True,True
101862,63.20000000,2.80000000,122328,122328,1782867917291903,True,True
101863,63.20000000,8.00000000,122329,122329,1782867917421718,True,True
101864,63.20000000,16.00000000,122330,122330,1782867917474182,True,True
101865,63.20000000,16.00000000,122331,122331,1782867917509090,True,True
101866,63.20000000,16.00000000,122332,122332,1782867917538563,True,True
101867,63.20000000,10.52000000,122333,122334,1782867917571796,True,True
101868,63.14000000,1.67000000,122335,122336,1782867919105171,True,True
101869,63.13000000,12.67000000,122337,122337,1782867921162843,False,True
101870,63.12000000,1.58000000,122338,122338,1782867924977939,True,True
101871,63.11000000,5.32000000,122339,122339,1782867924977939,True,True
101872,63.10000000,288.10000000,122340,122340,1782867938364294,True,True
101873,63.12000000,0.09000000,122341,122341,1782867966540999,False,True
101874,63.14000000,3.13000000,122342,122342,1782867966540999,False,True
101875,63.15000000,10.69000000,122343,122343,1782867966540999,False,True
101876,63.16000000,12.98000000,122344,122344,1782867966540999,False,True
101877,63.17000000,5.25000000,122345,122346,1782867966540999,False,True
101878,63.11000000,0.46000000,122347,122347,1782867991943958,True,True
101879,63.10000000,16.25000000,122348,122350,1782867991943958,True,True
101880,63.13000000,0.14000000,122351,122351,1782868022823418,False,True
101881,63.13000000,0.96000000,122352,122352,1782868113104949,True,True
101882,63.10000000,28.71000000,122353,122353,1782868117135294,True,True
101883,63.12000000,0.08000000,122354,122354,1782868148576186,False,True
101884,63.11000000,5.55000000,122355,122355,1782868155380213,True,True
101885,63.10000000,0.46000000,122356,122356,1782868155399164,True,True
101886,63.10000000,31.74000000,122357,122357,1782868155404353,True,True
101887,63.10000000,16.00000000,122358,122358,1782868155430054,True,True
101888,63.10000000,16.00000000,122359,122359,1782868155453662,True,True
101889,63.10000000,16.00000000,122360,122360,1782868155472475,True,True
101890,63.10000000,16.00000000,122361,122361,1782868155484763,True,True
101891,63.10000000,16.00000000,122362,122362,1782868155493877,True,True
101892,63.10000000,16.00000000,122363,122363,1782868178817578,True,True
101893,63.10000000,1.39000000,122364,122364,1782868178824806,True,True
101894,63.09000000,1.58000000,122365,122365,1782868180090323,True,True
101895,63.07000000,1.67000000,122366,122367,1782868198106313,True,True
101896,63.04000000,0.20000000,122368,122368,1782868200299114,True,True
101897,63.04000000,0.20000000,122369,122369,1782868215872963,True,True
101898,63.04000000,1.38000000,122370,122370,1782868215995904,True,True
101899,63.03000000,3.13000000,122371,122371,1782868215995904,True,True
101900,63.01000000,0.99000000,122372,122372,1782868216031428,True,True
101901,63.01000000,6.09000000,122373,122374,1782868216148615,True,True
101902,63.00000000,9.91000000,122375,122377,1782868216148615,True,True
101903,63.01000000,3.14000000,122378,122378,1782868216231555,True,True
101904,63.00000000,12.86000000,122379,122379,1782868216231555,True,True
101905,63.01000000,3.14000000,122380,122380,1782868216303459,True,True
101906,63.00000000,12.86000000,122381,122381,1782868216303459,True,True
101907,63.01000000,4.72000000,122382,122383,1782868217115439,True,True
101908,63.01000000,3.14000000,122384,122384,1782868217155000,True,True
101909,63.00000000,16.00000000,122385,122385,1782868224388859,True,True
101910,63.00000000,16.00000000,122386,122386,1782868224502589,True,True
101911,63.00000000,12.00000000,122387,122387,1782868224579531,True,True
101912,63.00000000,8.10000000,122388,122388,1782868224721662,True,True
101913,63.00000000,8.27000000,122389,122389,1782868228957312,True,True
101914,63.00000000,8.29000000,122390,122390,1782868231265212,True,True
101915,63.00000000,10.50000000,122391,122391,1782868231799680,True,True
101916,63.00000000,8.29000000,122392,122392,1782868231868985,True,True
101917,63.00000000,0.63000000,122393,122393,1782868234603493,True,True
101918,63.00000000,7.67000000,122394,122394,1782868234604991,True,True
101919,63.00000000,3.18000000,122395,122395,1782868236196663,True,True
101920,63.00000000,3.18000000,122396,122396,1782868236198366,True,True
101921,63.00000000,1.94000000,122397,122397,1782868236269669,True,True
101922,63.00000000,8.30000000,122398,122398,1782868236495200,True,True
101923,63.00000000,86.64000000,122399,122405,1782868236505689,True,True
101924,62.95000000,0.08000000,122406,122406,1782868238977726,True,True
101925,62.93000000,0.09000000,122407,122407,1782868238977726,True,True
101926,62.91000000,2.61000000,122408,122408,1782868238977726,True,True
101927,62.90000000,0.08000000,122409,122409,1782868238986975,True,True
101928,62.89000000,3.10000000,122410,122410,1782868238986975,True,True
101929,62.89000000,0.62000000,122411,122412,1782868239008778,True,True
101930,62.89000000,0.62000000,122413,122413,1782868239021777,True,True
101931,62.86000000,0.09000000,122414,122414,1782868256796602,True,True
101932,62.85000000,0.08000000,122415,122415,1782868256796602,True,True
101933,62.82000000,6.32000000,122416,122417,1782868256796602,True,True
101934,62.80000000,1.01000000,122418,122419,1782868256796602,True,True
101935,62.79000000,0.09000000,122420,122420,1782868256870904,True,True
101936,62.78000000,2.79000000,122421,122421,1782868256870904,True,True
101937,62.78000000,0.34000000,122422,122422,1782868256871653,True,True
101938,62.76000000,2.85000000,122423,122423,1782868256871653,True,True
101939,62.75000000,0.08000000,122424,122424,1782868259334145,True,True
101940,62.72000000,0.09000000,122425,122425,1782868259334145,True,True
101941,62.71000000,8.13000000,122426,122426,1782868259334145,True,True
101942,62.74000000,12.75000000,122427,122427,1782868269976317,False,True
101943,62.76000000,0.79000000,122428,122428,1782868276922571,True,True
101944,62.75000000,32.10000000,122429,122429,1782868283019773,False,True
101945,62.75000000,32.10000000,122430,122431,1782868283020837,False,True
101946,62.76000000,2.58000000,122432,122432,1782868292711313,True,True
101947,62.76000000,1.29000000,122433,122433,1782868292714200,True,True
101948,62.76000000,7.96000000,122434,122434,1782868294048073,False,True
101949,62.74000000,32.25000000,122435,122435,1782868310996518,True,True
101950,62.74000000,5.96000000,122436,122436,1782868310997892,True,True
101951,62.74000000,10.61000000,122437,122437,1782868313692525,True,True
101952,62.74000000,16.87000000,122438,122438,1782868315760570,True,True
101953,62.74000000,14.00000000,122439,122439,1782868315817170,True,True
101954,62.70000000,0.08000000,122440,122440,1782868319617074,True,True
101955,62.67000000,0.07000000,122441,122441,1782868319617074,True,True
101956,62.68000000,0.46000000,122442,122442,1782868322466405,True,True
101957,62.66000000,0.46000000,122443,122443,1782868353542684,True,True
101958,62.66000000,0.16000000,122444,122444,1782868355126580,True,True
101959,62.65000000,0.17000000,122445,122446,1782868356878501,True,True
101960,62.63000000,0.62000000,122447,122447,1782868362730465,True,True
101961,62.62000000,0.82000000,122448,122448,1782868362730465,True,True
101962,62.62000000,1.13000000,122449,122449,1782868362730503,True,True
101963,62.60000000,0.08000000,122450,122450,1782868366052374,True,True
101964,62.58000000,0.09000000,122451,122451,1782868366052374,True,True
101965,62.55000000,0.08000000,122452,122452,1782868366052374,True,True
101966,62.54000000,4.74000000,122453,122453,1782868366052374,True,True
101967,62.54000000,3.36000000,122454,122454,1782868366066900,True,True
101968,62.52000000,8.01000000,122455,122455,1782868367228212,False,True
101969,62.51000000,0.09000000,122456,122456,1782868369080138,True,True
101970,62.50000000,1.17000000,122457,122458,1782868369080138,True,True
101971,62.50000000,23.44000000,122459,122459,1782868375167705,True,True
101972,62.50000000,1.30000000,122460,122460,1782868375612252,True,True
101973,62.50000000,20.77000000,122461,122462,1782868386324728,True,True
101974,62.40000000,1.00000000,122463,122463,1782868389929689,True,True
101975,62.38000000,7.30000000,122464,122464,1782868389929689,True,True
101976,62.38000000,32.17000000,122465,122465,1782868393065367,False,True
101977,62.38000000,32.17000000,122466,122467,1782868393066609,False,True
101978,62.38000000,32.14000000,122468,122469,1782868393067627,False,True
101979,62.37000000,0.09000000,122470,122470,1782868394117206,True,True
101980,62.33000000,32.64000000,122471,122471,1782868409059060,False,True
101981,62.33000000,32.64000000,122472,122473,1782868409063259,False,True
101982,62.33000000,31.14000000,122474,122474,1782868409064289,False,True
101983,62.32000000,19.76000000,122475,122475,1782868410549640,True,True
101984,62.32000000,0.46000000,122476,122476,1782868426188682,False,True
101985,62.32000000,0.46000000,122477,122477,1782868426190278,False,True
101986,62.32000000,30.91000000,122478,122478,1782868426197743,False,True
101987,62.35000000,32.71000000,122479,122479,1782868426236343,False,True
101988,62.35000000,32.71000000,122480,122480,1782868426255375,False,True
101989,62.35000000,32.71000000,122481,122482,1782868426256571,False,True
101990,62.40000000,3.21000000,122483,122483,1782868427363401,False,True
101991,62.46000000,4.81000000,122484,122484,1782868428284491,False,True
101992,62.51000000,0.09000000,122485,122485,1782868437709501,False,True
101993,62.51000000,1.31000000,122486,122486,1782868437842351,True,True
101994,62.57000000,0.70000000,122487,122487,1782868444529076,False,True
101995,62.58000000,0.09000000,122488,122488,1782868445534809,False,True
101996,62.60000000,1.50000000,122489,122489,1782868449617422,True,True
101997,62.56000000,17.01000000,122490,122490,1782868453441129,True,True
101998,62.56000000,18.62000000,122491,122491,1782868453443416,True,True
101999,62.56000000,9.65000000,122492,122492,1782868453454091,True,True
102000,62.55000000,0.46000000,122493,122493,1782868454250448,False,True
102001,62.51000000,0.46000000,122494,122494,1782868493757845,False,True
102002,62.52000000,30.94000000,122495,122495,1782868500514699,False,True
102003,62.61000000,25.51000000,122496,122496,1782868509934514,False,True
102004,62.64000000,0.46000000,122497,122497,1782868514599716,False,True
102005,62.65000000,0.09000000,122498,122498,1782868514599716,False,True
102006,62.65000000,2.65000000,122499,122499,1782868514618678,True,True
102007,62.68000000,1.59000000,122500,122500,1782868524409829,True,True
102008,62.70000000,20.77000000,122501,122502,1782868526298866,False,True
102009,62.70000000,2.44000000,122503,122503,1782868526300229,True,True
102010,62.68000000,1.59000000,122504,122504,1782868549138968,True,True
102011,62.67000000,10.48000000,122505,122505,1782868549268314,True,True
102012,62.67000000,18.37000000,122506,122506,1782868549297647,True,True
102013,62.67000000,17.89000000,122507,122508,1782868549299518,True,True
102014,62.70000000,0.07000000,122509,122509,1782868557990841,False,True
102015,62.65000000,30.36000000,122510,122510,1782868564195883,True,True
102016,62.65000000,0.70000000,122511,122511,1782868565717838,True,True
102017,62.65000000,0.20000000,122512,122512,1782868568865802,True,True
102018,62.65000000,0.46000000,122513,122513,1782868571712176,True,True
102019,62.65000000,0.22000000,122514,122514,1782868577198693,True,True
102020,62.60000000,4.79000000,122515,122515,1782868593102124,True,True
102021,62.51000000,0.09000000,122516,122516,1782868634288213,True,True
102022,62.49000000,0.64000000,122517,122517,1782868634288213,True,True
102023,62.49000000,15.90000000,122518,122519,1782868641174473,False,True
102024,62.55000000,3.21000000,122520,122520,1782868641479860,False,True
102025,62.56000000,28.95000000,122521,122521,1782868641482015,False,True
102026,62.48000000,15.98000000,122522,122522,1782868647592587,False,True
102027,62.44000000,0.09000000,122523,122523,1782868654057702,True,True
102028,62.41000000,1.60000000,122524,122524,1782868663936664,False,True
102029,62.38000000,7.99000000,122525,122527,1782868696117587,True,True
102030,62.53000000,4.80000000,122528,122528,1782868718381300,False,True
102031,62.51000000,1.60000000,122529,122529,1782868769577529,True,True
102032,62.54000000,0.78000000,122530,122531,1782868800072566,True,True
102033,62.53000000,0.12000000,122532,122532,1782868806485430,True,True
102034,62.53000000,1.52000000,122533,122533,1782868815850893,True,True
102035,62.50000000,2.33000000,122534,122534,1782868831414817,True,True
102036,62.55000000,2.51000000,122535,122535,1782868852717329,True,True
102037,62.58000000,0.09000000,122536,122536,1782868866100480,False,True
102038,62.64000000,4.48000000,122537,122538,1782868886780472,True,True
102039,62.64000000,4.79000000,122539,122540,1782868891857490,True,True
102040,62.64000000,0.15000000,122541,122541,1782868898546931,False,True
102041,62.63000000,4.79000000,122542,122543,1782868899527547,True,True
102042,62.63000000,3.20000000,122544,122544,1782868899528983,True,True
102043,62.63000000,3.20000000,122545,122545,1782868899614443,True,True
102044,62.62000000,28.09000000,122546,122546,1782868899614727,True,True
102045,62.61000000,0.77000000,122547,122547,1782868899617707,True,True
102046,62.63000000,0.15000000,122548,122548,1782868905773416,False,True
102047,62.58000000,4.79000000,122549,122550,1782868920004032,True,True
102048,62.55000000,0.46000000,122551,122551,1782868947248148,True,True
102049,62.54000000,0.35000000,122552,122552,1782868947248148,True,True
102050,62.62000000,28.67000000,122553,122553,1782868948573585,False,True
102051,62.62000000,28.67000000,122554,122555,1782868948574998,False,True
102052,62.65000000,0.09000000,122556,122556,1782868951595955,False,True
102053,62.70000000,0.46000000,122557,122557,1782868975069153,False,True
102054,62.70000000,0.07000000,122558,122558,1782868984145907,False,True
102055,62.69000000,4.80000000,122559,122560,1782868994952480,True,True
102056,62.70000000,0.40000000,122561,122561,1782868998734072,False,True
102057,62.70000000,6.19000000,122562,122562,1782868998759354,False,True
102058,62.72000000,0.09000000,122563,122563,1782868999801337,False,True
102059,62.77000000,4.79000000,122564,122565,1782869007247269,True,True
102060,62.72000000,0.46000000,122566,122566,1782869012852155,False,True
102061,62.74000000,14.16000000,122567,122567,1782869012852155,False,True
102062,62.76000000,9.28000000,122568,122568,1782869012852155,False,True
102063,62.74000000,0.89000000,122569,122569,1782869014482838,False,True
102064,62.72000000,1.59000000,122570,122570,1782869027750784,True,True
102065,62.71000000,3.20000000,122571,122571,1782869027751628,True,True
102066,62.71000000,4.79000000,122572,122573,1782869036505055,True,True
102067,62.66000000,0.40000000,122574,122574,1782869079012044,True,True
102068,62.66000000,0.20000000,122575,122575,1782869079106427,True,True
102069,62.66000000,0.46000000,122576,122576,1782869089170702,True,True
102070,62.66000000,2.13000000,122577,122577,1782869089175084,True,True
102071,62.71000000,2.39000000,122578,122578,1782869125885767,False,True
102072,62.70000000,15.94000000,122579,122579,1782869154810987,True,True
102073,62.69000000,3.15000000,122580,122580,1782869170419828,False,True
102074,62.72000000,3.15000000,122581,122581,1782869177249417,False,True
102075,62.72000000,2.34000000,122582,122582,1782869246584710,False,True
102076,62.79000000,0.09000000,122583,122583,1782869310964331,False,True
102077,62.80000000,0.09000000,122584,122584,1782869322194438,True,True
102078,62.83000000,0.25000000,122585,122585,1782869386561162,True,True
102079,62.83000000,1.71000000,122586,122587,1782869399462710,True,True
102080,62.82000000,4.95000000,122588,122590,1782869406300963,True,True
102081,62.80000000,12.00000000,122591,122592,1782869406302449,True,True
102082,62.78000000,3.19000000,122593,122593,1782869406304736,True,True
102083,62.76000000,5.00000000,122594,122594,1782869406308021,True,True
102084,62.86000000,0.09000000,122595,122595,1782869424811954,False,True
102085,62.91000000,0.15000000,122596,122596,1782869440040738,True,True
102086,62.93000000,0.09000000,122597,122597,1782869449445467,False,True
102087,62.95000000,3.14000000,122598,122598,1782869458355081,False,True
102088,62.98000000,3.14000000,122599,122599,1782869473287624,False,True
102089,62.98000000,4.78000000,122600,122601,1782869494257755,True,True
102090,62.98000000,0.55000000,122602,122602,1782869494260646,True,True
102091,62.98000000,2.64000000,122603,122603,1782869494261046,True,True
102092,62.96000000,3.19000000,122604,122604,1782869494269794,True,True
102093,62.95000000,18.08000000,122605,122605,1782869494271514,True,True
102094,62.95000000,26.96000000,122606,122606,1782869494297812,True,True
102095,62.95000000,2.88000000,122607,122607,1782869494314541,True,True
102096,62.97000000,3.14000000,122608,122608,1782869533653727,False,True
102097,62.99000000,1.58000000,122609,122609,1782869564538203,True,True
102098,62.94000000,0.89000000,122610,122610,1782869575715043,False,True
102099,62.94000000,1.07000000,122611,122611,1782869592933104,False,True
102100,62.87000000,0.96000000,122612,122612,1782869611533336,False,True
102101,62.84000000,0.15000000,122613,122613,1782869625500209,False,True
102102,62.84000000,0.31000000,122614,122614,1782869630102739,False,True
102103,62.84000000,0.15000000,122615,122615,1782869644892315,False,True
102104,62.84000000,0.81000000,122616,122616,1782869679654475,False,True
102105,62.89000000,3.19000000,122617,122617,1782869683570703,False,True
102106,62.92000000,1.58000000,122618,122618,1782869683570703,False,True
102107,62.86000000,1.43000000,122619,122619,1782869692907735,False,True
102108,62.92000000,31.73000000,122620,122620,1782869737750325,False,True
102109,62.92000000,31.73000000,122621,122622,1782869737751521,False,True
102110,62.92000000,0.46000000,122623,122623,1782869737752274,False,True
102111,62.92000000,0.46000000,122624,122624,1782869737753848,False,True
102112,62.92000000,0.13000000,122625,122625,1782869758317749,False,True
102113,62.92000000,0.32000000,122626,122626,1782869762185100,False,True
102114,62.90000000,1.59000000,122627,122627,1782869767586845,True,True
102115,62.86000000,1.56000000,122628,122628,1782869772748708,True,True
102116,62.87000000,4.77000000,122629,122629,1782869781770366,False,True
102117,62.89000000,2.06000000,122630,122631,1782869791828942,False,True
102118,62.86000000,1.59000000,122632,122632,1782869801182741,True,True
102119,62.86000000,0.09000000,122633,122633,1782869827522709,False,True
102120,62.83000000,0.09000000,122634,122634,1782869843684727,True,True
102121,62.85000000,3.15000000,122635,122635,1782869851722121,True,True
102122,62.82000000,1.59000000,122636,122636,1782869868216590,True,True
102123,62.88000000,3.19000000,122637,122637,1782869880631795,False,True
102124,62.95000000,0.46000000,122638,122638,1782869926317839,False,True
102125,62.99000000,16.33000000,122639,122641,1782869938807791,True,True
102126,63.00000000,0.09000000,122642,122642,1782869946282555,False,True
102127,63.07000000,0.09000000,122643,122643,1782869948863048,False,True
102128,63.08000000,3.14000000,122644,122644,1782869960236897,True,True
102129,63.08000000,0.46000000,122645,122645,1782869968354779,False,True
102130,63.09000000,0.83000000,122646,122646,1782869968354779,False,True
102131,63.05000000,10.00000000,122647,122647,1782870001052651,False,True
102132,63.05000000,33.57000000,122648,122648,1782870051612484,False,True
102133,63.05000000,33.57000000,122649,122649,1782870051655904,False,True
102134,63.13000000,0.08000000,122650,122650,1782870063238801,False,True
102135,63.14000000,0.17000000,122651,122652,1782870063241004,False,True
102136,63.12000000,2.05000000,122653,122654,1782870065896406,True,True
102137,63.11000000,3.18000000,122655,122655,1782870065896406,True,True
102138,63.13000000,4.63000000,122656,122657,1782870079126480,True,True
102139,63.12000000,3.18000000,122658,122658,1782870079126480,True,True
102140,63.11000000,4.68000000,122659,122660,1782870080035641,True,True
102141,63.09000000,4.68000000,122661,122662,1782870080180285,True,True
102142,63.11000000,4.68000000,122663,122664,1782870103076122,True,True
102143,63.10000000,4.68000000,122665,122666,1782870104568260,True,True
102144,63.08000000,4.68000000,122667,122668,1782870107760896,True,True
102145,63.09000000,0.15000000,122669,122669,1782870134310078,False,True
102146,63.06000000,11.21000000,122670,122672,1782870153056197,True,True
102147,63.06000000,9.90000000,122673,122674,1782870153057264,True,True
102148,63.09000000,0.96000000,122675,122675,1782870212619173,False,True
102149,63.12000000,27.31000000,122676,122676,1782870219119087,False,True
102150,63.15000000,0.46000000,122677,122677,1782870241854690,False,True
102151,63.15000000,2.70000000,122678,122678,1782870242794099,True,True
102152,63.12000000,1.24000000,122679,122679,1782870282759351,False,True
102153,63.13000000,32.37000000,122680,122680,1782870334349557,False,True
102154,63.13000000,32.37000000,122681,122682,1782870334351148,False,True
102155,63.13000000,0.46000000,122683,122683,1782870334352445,False,True
102156,63.15000000,25.29000000,122684,122684,1782870341153549,False,True
102157,63.10000000,16.80000000,122685,122686,1782870361017215,True,True
102158,63.08000000,0.46000000,122687,122687,1782870363189804,False,True
102159,63.09000000,0.64000000,122688,122688,1782870363189804,False,True
102160,63.09000000,6.00000000,122689,122689,1782870364745558,False,True
102161,63.05000000,1.50000000,122690,122690,1782870396568851,True,True
102162,63.00000000,1.10000000,122691,122693,1782870423422013,True,True
102163,63.00000000,6.99000000,122694,122694,1782870424497934,True,True
102164,63.02000000,0.96000000,122695,122695,1782870436121746,False,True
102165,63.00000000,24.52000000,122696,122696,1782870510439907,True,True
102166,63.00000000,0.13000000,122697,122697,1782870510441125,True,True
102167,63.00000000,17.43000000,122698,122698,1782870510442233,True,True
102168,62.99000000,1.58000000,122699,122699,1782870512902074,True,True
102169,62.96000000,12.71000000,122700,122700,1782870520356567,False,True
102170,62.98000000,3.18000000,122701,122701,1782870520356567,False,True
102171,62.99000000,17.13000000,122702,122703,1782870520356567,False,True
102172,63.00000000,3.14000000,122704,122704,1782870520356567,False,True
102173,63.00000000,5.36000000,122705,122705,1782870520357755,True,True
102174,62.97000000,6.11000000,122706,122706,1782870550304943,False,True
102175,62.98000000,9.76000000,122707,122707,1782870550304943,False,True
102176,62.98000000,7.92000000,122708,122708,1782870568939406,False,True
102177,62.96000000,30.18000000,122709,122709,1782870611943761,True,True
102178,62.95000000,1.04000000,122710,122711,1782870611987533,True,True
102179,62.94000000,0.07000000,122712,122712,1782870641299042,False,True
102180,62.93000000,0.09000000,122713,122713,1782870672097356,True,True
102181,62.87000000,4.15000000,122714,122715,1782870711090005,False,True
102182,62.88000000,2.86000000,122716,122716,1782870713734688,True,True
102183,62.89000000,0.07000000,122717,122717,1782870756400939,False,True
102184,62.89000000,3.12000000,122718,122718,1782870761901654,False,True
102185,62.90000000,20.87000000,122719,122720,1782870779529770,False,True
102186,62.94000000,0.22000000,122721,122721,1782870781097606,False,True
102187,62.90000000,17.68000000,122722,122722,1782870875812584,False,True
102188,62.91000000,0.22000000,122723,122723,1782870911377807,False,True
102189,62.91000000,0.46000000,122724,122724,1782870923226855,False,True
102190,62.91000000,0.46000000,122725,122725,1782870923228664,False,True
102191,62.91000000,34.12000000,122726,122726,1782870923349257,False,True
102192,62.91000000,34.12000000,122727,122728,1782870923350422,False,True
102193,62.93000000,0.27000000,122729,122729,1782870924968194,False,True
102194,62.96000000,0.22000000,122730,122730,1782870935416178,False,True
102195,62.90000000,1.74000000,122731,122732,1782870987237150,True,True
102196,62.94000000,0.46000000,122733,122733,1782871008309012,False,True
102197,62.95000000,4.54000000,122734,122734,1782871008309012,False,True
102198,62.90000000,31.92000000,122735,122735,1782871084527512,True,True
102199,62.88000000,32.06000000,122736,122737,1782871084773094,True,True
102200,62.90000000,0.07000000,122738,122738,1782871145279563,False,True
102201,62.90000000,0.90000000,122739,122739,1782871164824607,False,True
102202,62.94000000,2.00000000,122740,122740,1782871164824607,False,True
102203,62.94000000,1.14000000,122741,122741,1782871265468964,False,True
102204,62.91000000,7.94000000,122742,122742,1782871300846786,False,True
102205,62.89000000,0.23000000,122743,122743,1782871319854317,True,True
102206,62.89000000,0.73000000,122744,122744,1782871324650462,True,True
102207,62.88000000,3.19000000,122745,122745,1782871330965090,False,True
102208,62.91000000,3.14000000,122746,122746,1782871331020393,False,True
102209,62.86000000,1.68000000,122747,122748,1782871386390022,True,True
102210,62.90000000,0.14000000,122749,122749,1782871457070756,False,True
102211,62.90000000,0.82000000,122750,122750,1782871458149438,False,True
102212,62.93000000,0.18000000,122751,122751,1782871458149438,False,True
102213,62.89000000,28.65000000,122752,122752,1782871521434274,True,True
102214,62.86000000,6.00000000,122753,122753,1782871527888447,True,True
102215,62.85000000,2.55000000,122754,122755,1782871558801410,True,True
102216,62.79000000,1.68000000,122756,122757,1782871597384544,True,True
102217,62.72000000,2.21000000,122758,122760,1782871603180858,True,True
102218,62.70000000,21.95000000,122761,122762,1782871603184574,True,True
102219,62.70000000,27.85000000,122763,122763,1782871603185503,True,True
102220,62.67000000,0.83000000,122764,122764,1782871611498609,True,True
102221,62.67000000,0.75000000,122765,122765,1782871621499872,True,True
102222,62.68000000,34.10000000,122766,122766,1782871622322428,False,True
102223,62.68000000,34.10000000,122767,122768,1782871622323898,False,True
102224,62.68000000,20.06000000,122769,122769,1782871622325152,False,True
102225,62.68000000,0.46000000,122770,122770,1782871622501225,True,True
102226,62.67000000,3.16000000,122771,122772,1782871622501225,True,True
102227,62.66000000,3.10000000,122773,122773,1782871622501225,True,True
102228,62.67000000,0.46000000,122774,122774,1782871635622764,True,True
102229,62.67000000,1.13000000,122775,122775,1782871635624192,True,True
102230,62.66000000,4.78000000,122776,122776,1782871684923673,False,True
102231,62.65000000,1.76000000,122777,122779,1782871714914412,True,True
102232,62.61000000,3.15000000,122780,122780,1782871725790388,True,True
102233,62.60000000,0.46000000,122781,122781,1782871798598167,False,True
102234,62.60000000,37.34000000,122782,122782,1782871798604207,False,True
102235,62.60000000,0.46000000,122783,122783,1782871798605846,False,True
102236,62.60000000,37.34000000,122784,122784,1782871798649459,False,True
102237,62.59000000,37.37000000,122785,122785,1782871798847619,False,True
102238,62.64000000,0.40000000,122786,122786,1782871829806662,False,True
102239,62.64000000,0.40000000,122787,122787,1782871829808533,False,True
102240,62.64000000,0.16000000,122788,122788,1782871829811634,False,True
102241,62.65000000,2.69000000,122789,122789,1782871831670188,False,True
102242,62.65000000,2.80000000,122790,122790,1782871831702548,False,True
102243,62.65000000,8.00000000,122791,122791,1782871831780635,False,True
102244,62.65000000,2.12000000,122792,122792,1782871831838834,False,True
102245,62.66000000,4.79000000,122793,122794,1782871845449849,True,True
102246,62.66000000,0.18000000,122795,122795,1782871845535583,False,True
102247,62.68000000,1.11000000,122796,122797,1782871851564856,False,True
102248,62.69000000,1.41000000,122798,122798,1782871920249271,True,True
102249,62.68000000,3.20000000,122799,122799,1782871920282906,True,True
102250,62.76000000,0.46000000,122800,122800,1782871959590272,False,True
102251,62.76000000,0.46000000,122801,122801,1782871959591344,False,True
102252,62.76000000,19.26000000,122802,122802,1782871987147940,False,True
102253,62.76000000,6.20000000,122803,122803,1782871987148051,False,True
102254,62.75000000,28.54000000,122804,122804,1782872023361947,True,True
102255,62.75000000,13.93000000,122805,122805,1782872023367484,True,True
102256,62.75000000,7.53000000,122806,122806,1782872023370412,True,True
102257,62.73000000,3.20000000,122807,122807,1782872023381536,True,True
102258,62.72000000,0.12000000,122808,122808,1782872043317680,True,True
102259,62.72000000,0.40000000,122809,122809,1782872061086996,True,True
102260,62.72000000,0.40000000,122810,122810,1782872061087379,True,True
102261,62.72000000,33.14000000,122811,122811,1782872061142210,True,True
102262,62.72000000,0.80000000,122812,122812,1782872061187106,True,True
102263,62.72000000,2.80000000,122813,122813,1782872061233806,True,True
102264,62.72000000,5.10000000,122814,122814,1782872061246895,True,True
102265,62.72000000,4.40000000,122815,122815,1782872061253001,True,True
102266,62.72000000,0.92000000,122816,122816,1782872067942174,True,True
102267,62.72000000,0.46000000,122817,122817,1782872067945312,True,True
102268,62.72000000,26.33000000,122818,122818,1782872067950715,True,True
102269,62.72000000,2.78000000,122819,122819,1782872069568375,True,True
102270,62.72000000,15.77000000,122820,122820,1782872072584439,True,True
102271,62.72000000,5.25000000,122821,122821,1782872083648565,True,True
102272,62.72000000,28.59000000,122822,122822,1782872088243434,True,True
102273,62.72000000,0.38000000,122823,122823,1782872098566501,True,True
102274,62.73000000,3.20000000,122824,122824,1782872145647718,False,True
102275,62.73000000,15.95000000,122825,122826,1782872145698045,False,True
102276,62.73000000,15.91000000,122827,122828,1782872145704162,False,True
102277,62.74000000,37.64000000,122829,122829,1782872145708203,False,True
102278,62.74000000,37.64000000,122830,122831,1782872145709079,False,True
102279,62.79000000,0.09000000,122832,122832,1782872162254142,False,True
102280,62.82000000,0.46000000,122833,122833,1782872162258678,False,True
102281,62.82000000,2.69000000,122834,122834,1782872162380624,False,True
102282,62.85000000,0.79000000,122835,122835,1782872200289143,False,True
102283,62.80000000,4.79000000,122836,122837,1782872230646520,True,True
102284,62.79000000,19.77000000,122838,122838,1782872230689523,True,True
102285,62.79000000,22.99000000,122839,122839,1782872230694097,True,True
102286,62.79000000,3.19000000,122840,122840,1782872230696097,True,True
102287,62.78000000,0.46000000,122841,122841,1782872230737737,False,True
102288,62.81000000,3.18000000,122842,122842,1782872241125490,False,True
102289,62.77000000,1.50000000,122843,122844,1782872243938164,True,True
102290,62.77000000,1.59000000,122845,122845,1782872244037104,False,True
102291,62.80000000,0.95000000,122846,122847,1782872293019085,False,True
102292,62.80000000,12.45000000,122848,122849,1782872348039903,False,True
102293,62.80000000,11.15000000,122850,122851,1782872392053783,False,True
102294,62.79000000,38.82000000,122852,122852,1782872404333658,False,True
102295,62.79000000,38.82000000,122853,122854,1782872404334728,False,True
102296,62.79000000,0.46000000,122855,122855,1782872404335422,False,True
102297,62.79000000,0.46000000,122856,122856,1782872404336583,False,True
102298,62.81000000,2.86000000,122857,122857,1782872415696719,False,True
102299,62.82000000,14.32000000,122858,122859,1782872505608798,True,True
102300,62.81000000,19.11000000,122860,122861,1782872505608798,True,True
102301,62.80000000,3.99000000,122862,122863,1782872505608798,True,True
102302,62.86000000,0.09000000,122864,122864,1782872550484116,False,True
102303,62.90000000,8.30000000,122865,122865,1782872552448028,False,True
102304,62.90000000,39.02000000,122866,122867,1782872557423949,False,True
102305,62.90000000,24.44000000,122868,122868,1782872557426631,False,True
102306,62.90000000,32.60000000,122869,122869,1782872557441931,False,True
102307,62.90000000,4.41000000,122870,122870,1782872557492972,False,True
102308,62.90000000,8.30000000,122871,122871,1782872557493287,False,True
102309,62.90000000,3.89000000,122872,122872,1782872557493646,False,True
102310,62.93000000,11.98000000,122873,122874,1782872559137723,False,True
102311,62.94000000,6.36000000,122875,122875,1782872559137723,False,True
102312,62.96000000,4.78000000,122876,122877,1782872651540489,True,True
102313,62.96000000,1.58000000,122878,122878,1782872651635530,False,True
102314,62.97000000,3.14000000,122879,122879,1782872695201104,False,True
102315,62.97000000,4.79000000,122880,122881,1782872696807238,True,True
102316,62.96000000,9.08000000,122882,122884,1782872698496900,True,True
102317,62.91000000,3.69000000,122885,122885,1782872698514553,True,True
102318,62.93000000,1.50000000,122886,122887,1782872698534613,False,True
102319,62.91000000,30.71000000,122888,122888,1782872698608370,True,True
102320,62.91000000,1.50000000,122889,122889,1782872705134549,True,True
102321,62.91000000,1.50000000,122890,122890,1782872728198072,True,True
102322,62.91000000,0.46000000,122891,122891,1782872728234803,False,True
102323,62.94000000,0.63000000,122892,122892,1782872739006882,False,True
102324,62.94000000,31.79000000,122893,122896,1782872746804150,False,True
102325,62.93000000,5.00000000,122897,122898,1782872750601346,False,True
102326,62.89000000,1.59000000,122899,122900,1782872753883045,True,True
102327,62.88000000,8.41000000,122901,122901,1782872753883045,True,True
102328,62.88000000,11.12000000,122902,122904,1782872761842351,True,True
102329,62.90000000,0.46000000,122905,122905,1782872765888884,False,True
102330,62.91000000,7.48000000,122906,122906,1782872765888884,False,True
102331,62.90000000,0.08000000,122907,122907,1782872775579316,False,True
102332,62.95000000,3.14000000,122908,122908,1782872791129991,False,True
102333,62.97000000,0.80000000,122909,122909,1782872795601383,True,True
102334,62.98000000,0.49000000,122910,122910,1782872823918507,False,True
102335,62.97000000,3.98000000,122911,122912,1782872837770833,True,True
102336,62.96000000,1.58000000,122913,122913,1782872837835517,False,True
102337,62.95000000,3.88000000,122914,122915,1782872837914186,True,True
102338,62.98000000,2.65000000,122916,122916,1782872873613585,False,True
102339,62.99000000,3.14000000,122917,122917,1782872873614063,False,True
102340,63.00000000,0.09000000,122918,122918,1782872873616248,False,True
102341,63.01000000,5.24000000,122919,122921,1782872882146968,False,True
102342,63.02000000,0.46000000,122922,122922,1782872882149882,False,True
102343,63.01000000,3.14000000,122923,122923,1782872882188309,False,True
102344,63.01000000,4.68000000,122924,122925,1782872916402111,True,True
102345,63.01000000,0.64000000,122926,122926,1782872916408391,True,True
102346,63.01000000,2.54000000,122927,122927,1782872916444881,True,True
102347,63.01000000,1.58000000,122928,122928,1782872916450185,True,True
102348,63.02000000,0.07000000,122929,122929,1782872926985076,False,True
102349,63.02000000,0.46000000,122930,122930,1782872929791544,False,True
102350,63.02000000,0.46000000,122931,122931,1782872929792866,False,True
102351,63.00000000,4.68000000,122932,122933,1782872944664243,True,True
102352,63.00000000,4.76000000,122934,122935,1782872947133551,True,True
102353,63.01000000,0.40000000,122936,122936,1782873005470774,False,True
102354,63.01000000,0.80000000,122937,122937,1782873005530884,False,True
102355,63.01000000,1.94000000,122938,122938,1782873005559525,False,True
102356,63.02000000,3.32000000,122939,122941,1782873009615242,False,True
102357,63.03000000,0.75000000,122942,122942,1782873009615242,False,True
102358,63.03000000,0.84000000,122943,122943,1782873036316358,False,True
102359,63.04000000,3.14000000,122944,122944,1782873036316358,False,True
102360,63.05000000,1.59000000,122945,122945,1782873038006671,False,True
102361,63.06000000,3.14000000,122946,122946,1782873046938565,False,True
102362,63.07000000,0.09000000,122947,122947,1782873058140707,False,True
102363,63.09000000,16.00000000,122948,122948,1782873065230060,False,True
102364,63.07000000,19.60000000,122949,122953,1782873109782893,True,True
102365,63.07000000,4.97000000,122954,122955,1782873109784803,True,True
102366,63.05000000,4.76000000,122956,122957,1782873111062699,True,True
102367,63.04000000,0.46000000,122958,122958,1782873111134956,False,True
102368,63.05000000,0.46000000,122959,122959,1782873118783746,True,True
102369,63.05000000,19.86000000,122960,122964,1782873118788645,True,True
102370,63.05000000,0.64000000,122965,122965,1782873118789628,True,True
102371,63.04000000,0.40000000,122966,122966,1782873136061545,True,True
102372,63.04000000,0.80000000,122967,122967,1782873136078273,True,True
102373,63.04000000,2.80000000,122968,122969,1782873136094818,True,True
102374,63.10000000,0.40000000,122970,122970,1782873181461118,True,True
102375,63.10000000,0.80000000,122971,122971,1782873181496020,True,True
102376,63.10000000,0.40000000,122972,122972,1782873181571169,True,True
102377,63.10000000,0.80000000,122973,122973,1782873181635896,True,True
102378,63.10000000,2.80000000,122974,122974,1782873181683687,True,True
102379,63.10000000,8.00000000,122975,122977,1782873181718610,True,True
102380,63.10000000,4.80000000,122978,122979,1782873181753198,True,True
102381,63.10000000,0.80000000,122980,122980,1782873183053631,True,True
102382,63.10000000,0.50000000,122981,122981,1782873183078674,True,True
102383,63.10000000,16.34000000,122982,122985,1782873185241689,True,True
102384,63.07000000,1.58000000,122986,122986,1782873185246484,True,True
102385,63.05000000,5.08000000,122987,122987,1782873185246484,True,True
102386,63.09000000,3.18000000,122988,122988,1782873210126626,False,True
102387,63.11000000,2.06000000,122989,122989,1782873210128532,False,True
102388,63.12000000,31.72000000,122990,122991,1782873219015434,False,True
102389,63.13000000,0.08000000,122992,122992,1782873237149378,False,True
102390,63.14000000,0.17000000,122993,122994,1782873237150428,False,True
102391,63.16000000,0.08000000,122995,122995,1782873242393422,False,True
102392,63.16000000,21.38000000,122996,123000,1782873256205742,True,True
102393,63.16000000,19.80000000,123001,123004,1782873281965047,True,True
102394,63.16000000,12.66000000,123005,123005,1782873311408017,False,True
102395,63.16000000,12.66000000,123006,123006,1782873311411704,False,True
102396,63.17000000,31.90000000,123007,123009,1782873311418302,False,True
102397,63.17000000,31.90000000,123010,123011,1782873311419351,False,True
102398,63.16000000,16.42000000,123012,123015,1782873338979050,True,True
102399,63.15000000,9.51000000,123016,123018,1782873342009278,True,True
102400,63.10000000,3.18000000,123019,123019,1782873342618673,False,True
102401,63.11000000,3.18000000,123020,123020,1782873342629082,False,True
102402,63.13000000,3.18000000,123021,123021,1782873344736815,False,True
102403,63.14000000,3.18000000,123022,123022,1782873344745567,False,True
102404,63.14000000,0.46000000,123023,123023,1782873360825969,False,True
102405,63.14000000,0.46000000,123024,123024,1782873360827607,False,True
102406,63.17000000,2.59000000,123025,123025,1782873406639802,False,True
102407,63.16000000,6.43000000,123026,123027,1782873424463567,True,True
102408,63.14000000,5.57000000,123028,123029,1782873424463567,True,True
102409,63.14000000,5.78000000,123030,123032,1782873443735891,True,True
102410,63.13000000,0.46000000,123033,123033,1782873460218861,False,True
102411,63.14000000,1.07000000,123034,123034,1782873462479687,True,True
102412,63.13000000,1.41000000,123035,123035,1782873462581240,True,True
