25038037,0.06854000,1091.00000000,51279352,51279353,1782864000560693,False,True
25038038,0.06854000,1291.70000000,51279354,51279354,1782864000560758,False,True
25038039,0.06855000,4666.80000000,51279355,51279357,1782864001002236,False,True
25038040,0.06856000,1074.00000000,51279358,51279359,1782864001076525,False,True
25038041,0.06856000,2702.00000000,51279360,51279362,1782864002634290,True,True
25038042,0.06854000,150.70000000,51279363,51279364,1782864009155763,True,True
25038043,0.06853000,183.40000000,51279365,51279366,1782864015836175,True,True
25038044,0.06852000,21008.70000000,51279367,51279367,1782864015836175,True,True
25038045,0.06852000,14400.00000000,51279368,51279368,1782864015837257,True,True
25038046,0.06852000,7200.00000000,51279369,51279369,1782864015837306,True,True
25038047,0.06852000,183.40000000,51279370,51279370,1782864015837570,True,True
25038048,0.06852000,9884.40000000,51279371,51279371,1782864015838093,True,True
25038049,0.06852000,17704.70000000,51279372,51279372,1782864015838977,True,True
25038050,0.06852000,3268.40000000,51279373,51279375,1782864015838999,True,True
25038051,0.06851000,74.00000000,51279376,51279376,1782864015839428,True,True
25038052,0.06850000,218.00000000,51279377,51279379,1782864015839428,True,True
25038053,0.06849000,267.00000000,51279380,51279380,1782864015866601,True,True
25038054,0.06850000,1278.10000000,51279381,51279381,1782864016778426,False,True
25038055,0.06850000,1620.00000000,51279382,51279382,1782864019516189,False,True
25038056,0.06850000,2416.80000000,51279383,51279384,1782864020195527,False,True
25038057,0.06851000,183.50000000,51279385,51279386,1782864020195531,False,True
25038058,0.06852000,6401.00000000,51279387,51279389,1782864020195531,False,True
25038059,0.06853000,14025.30000000,51279390,51279395,1782864020196925,False,True
25038060,0.06854000,1074.00000000,51279396,51279397,1782864023265570,False,True
25038061,0.06855000,374.50000000,51279398,51279400,1782864023268466,False,True
25038062,0.06856000,183.50000000,51279401,51279402,1782864023269986,False,True
25038063,0.06857000,4011.60000000,51279403,51279405,1782864023271514,False,True
25038064,0.06856000,183.20000000,51279406,51279407,1782864025996246,True,True
25038065,0.06858000,161.40000000,51279408,51279409,1782864028348621,False,True
25038066,0.06856000,73.90000000,51279410,51279410,1782864034082270,True,True
25038067,0.06855000,73.90000000,51279411,51279411,1782864034082270,True,True
25038068,0.06855000,116.90000000,51279412,51279412,1782864044574804,False,True
25038069,0.06855000,2348.00000000,51279413,51279417,1782864046319481,False,True
25038070,0.06856000,1109.50000000,51279418,51279419,1782864046323169,False,True
25038071,0.06857000,475.50000000,51279420,51279422,1782864046324986,False,True
25038072,0.06856000,183.30000000,51279423,51279424,1782864046567128,True,True
25038073,0.06856000,1758.90000000,51279425,51279426,1782864046771697,False,True
25038074,0.06856000,1817.80000000,51279427,51279427,1782864050485703,False,True
25038075,0.06856000,2411.60000000,51279428,51279428,1782864050485736,False,True
25038076,0.06857000,551.30000000,51279429,51279430,1782864054142093,False,True
25038077,0.06856000,438.80000000,51279431,51279432,1782864063435530,True,True
25038078,0.06855000,183.30000000,51279433,51279434,1782864063436120,True,True
25038079,0.06854000,108.70000000,51279435,51279436,1782864063436120,True,True
25038080,0.06854000,245.70000000,51279437,51279438,1782864063772554,True,True
25038081,0.06856000,364.90000000,51279439,51279439,1782864063774213,True,True
25038082,0.06855000,253.00000000,51279440,51279440,1782864063953659,True,True
25038083,0.06855000,253.00000000,51279441,51279441,1782864063953701,True,True
25038084,0.06855000,253.00000000,51279442,51279442,1782864063953767,True,True
25038085,0.06855000,253.00000000,51279443,51279443,1782864063953889,True,True
25038086,0.06855000,292.00000000,51279444,51279444,1782864063954241,True,True
25038087,0.06855000,309.90000000,51279445,51279445,1782864063954294,True,True
25038088,0.06855000,151.00000000,51279446,51279446,1782864063954312,True,True
25038089,0.06855000,253.30000000,51279447,51279447,1782864064135052,True,True
25038090,0.06854000,74.00000000,51279448,51279448,1782864066111476,True,True
25038091,0.06853000,183.40000000,51279449,51279450,1782864066114209,True,True
25038092,0.06852000,108.60000000,51279451,51279452,1782864066114209,True,True
25038093,0.06852000,559.50000000,51279453,51279454,1782864067548757,True,True
25038094,0.06851000,74.00000000,51279455,51279455,1782864080007775,True,True
25038095,0.06850000,115.00000000,51279456,51279457,1782864080007775,True,True
25038096,0.06852000,1667.50000000,51279458,51279459,1782864083013914,False,True
25038097,0.06851000,155.10000000,51279460,51279460,1782864086610098,True,True
25038098,0.06850000,1762.50000000,51279461,51279463,1782864088077959,True,True
25038099,0.06849000,1913.00000000,51279464,51279467,1782864088077959,True,True
25038100,0.06848000,5692.80000000,51279468,51279472,1782864088077959,True,True
25038101,0.06847000,14100.50000000,51279473,51279477,1782864088077959,True,True
25038102,0.06846000,1913.10000000,51279478,51279481,1782864088077959,True,True
25038103,0.06845000,4376.80000000,51279482,51279485,1782864088077959,True,True
25038104,0.06846000,80.30000000,51279486,51279486,1782864088079664,True,True
25038105,0.06846000,965.20000000,51279487,51279488,1782864088110255,True,True
25038106,0.06846000,965.40000000,51279489,51279489,1782864088112317,True,True
25038107,0.06847000,76.70000000,51279490,51279490,1782864088376508,False,True
25038108,0.06848000,150.80000000,51279491,51279492,1782864088379664,False,True
25038109,0.06849000,160.80000000,51279493,51279495,1782864089993051,False,True
25038110,0.06849000,1715.70000000,51279496,51279497,1782864091771727,False,True
25038111,0.06849000,1763.00000000,51279498,51279500,1782864092008194,False,True
25038112,0.06848000,365.30000000,51279501,51279501,1782864096895413,True,True
25038113,0.06849000,1134.90000000,51279502,51279503,1782864106413075,False,True
25038114,0.06850000,1121.50000000,51279504,51279506,1782864109547640,False,True
25038115,0.06847000,109.20000000,51279507,51279508,1782864117874951,True,True
25038116,0.06848000,332.00000000,51279509,51279509,1782864124897748,False,True
25038117,0.06848000,660.00000000,51279510,51279510,1782864124898798,False,True
25038118,0.06848000,145.90000000,51279511,51279511,1782864125803322,True,True
25038119,0.06848000,309.00000000,51279512,51279512,1782864128477361,False,True
25038120,0.06848000,309.00000000,51279513,51279513,1782864128477396,False,True
25038121,0.06848000,301.00000000,51279514,51279514,1782864128477500,False,True
25038122,0.06848000,390.00000000,51279515,51279515,1782864128477691,False,True
25038123,0.06850000,765.30000000,51279516,51279517,1782864131771603,False,True
25038124,0.06849000,3064.60000000,51279518,51279519,1782864150359135,True,True
25038125,0.06848000,292.00000000,51279520,51279521,1782864150359488,True,True
25038126,0.06848000,14128.30000000,51279522,51279522,1782864150361450,True,True
25038127,0.06848000,377.20000000,51279523,51279524,1782864150362806,True,True
25038128,0.06847000,148.40000000,51279525,51279526,1782864150386938,True,True
25038129,0.06846000,293.10000000,51279527,51279529,1782864150386938,True,True
25038130,0.06845000,617.50000000,51279530,51279532,1782864150386938,True,True
25038131,0.06845000,731.00000000,51279533,51279533,1782864150389917,True,True
25038132,0.06844000,1464.20000000,51279534,51279534,1782864150396435,True,True
25038133,0.06844000,791.90000000,51279535,51279536,1782864150401450,True,True
25038134,0.06845000,1620.00000000,51279537,51279537,1782864151771617,False,True
25038135,0.06846000,45.00000000,51279538,51279538,1782864151771617,False,True
25038136,0.06846000,74.10000000,51279539,51279539,1782864155335999,False,True
25038137,0.06847000,2074.10000000,51279540,51279542,1782864160291958,False,True
25038138,0.06848000,183.70000000,51279543,51279544,1782864160292409,False,True
25038139,0.06849000,5624.90000000,51279545,51279548,1782864160293343,False,True
25038140,0.06850000,9661.40000000,51279549,51279552,1782864160293848,False,True
25038141,0.06850000,1588.70000000,51279553,51279553,1782864160294312,False,True
25038142,0.06849000,2226.20000000,51279554,51279554,1782864160294715,False,True
25038143,0.06849000,80.40000000,51279555,51279555,1782864160294980,False,True
25038144,0.06851000,131.50000000,51279556,51279557,1782864161610868,False,True
25038145,0.06851000,333.20000000,51279558,51279559,1782864164767809,False,True
25038146,0.06849000,74.00000000,51279560,51279560,1782864171716915,True,True
25038147,0.06848000,183.50000000,51279561,51279562,1782864171716915,True,True
25038148,0.06847000,34.50000000,51279563,51279563,1782864171716915,True,True
25038149,0.06847000,74.00000000,51279564,51279564,1782864180526353,True,True
25038150,0.06846000,3.50000000,51279565,51279565,1782864180526353,True,True
25038151,0.06848000,1269.70000000,51279566,51279567,1782864191771851,False,True
25038152,0.06846000,180.00000000,51279568,51279569,1782864192088575,True,True
25038153,0.06845000,205.80000000,51279570,51279571,1782864206382548,True,True
25038154,0.06844000,2068.90000000,51279572,51279575,1782864216794309,True,True
25038155,0.06843000,293.30000000,51279576,51279578,1782864216794309,True,True
25038156,0.06842000,4849.60000000,51279579,51279582,1782864216794309,True,True
25038157,0.06845000,3280.70000000,51279583,51279587,1782864218022124,False,True
25038158,0.06845000,270.70000000,51279588,51279588,1782864218024584,False,True
25038159,0.06846000,655.40000000,51279589,51279591,1782864218025651,False,True
25038160,0.06846000,528.30000000,51279592,51279592,1782864218094197,False,True
25038161,0.06847000,637.60000000,51279593,51279596,1782864220744084,False,True
25038162,0.06848000,183.70000000,51279597,51279598,1782864220749667,False,True
25038163,0.06849000,183.70000000,51279599,51279600,1782864221779384,False,True
25038164,0.06850000,373.60000000,51279601,51279604,1782864221779384,False,True
25038165,0.06851000,449.60000000,51279605,51279605,1782864221779384,False,True
25038166,0.06851000,80.40000000,51279606,51279606,1782864221781019,False,True
25038167,0.06850000,145.70000000,51279607,51279607,1782864226552880,True,True
25038168,0.06851000,74.00000000,51279608,51279608,1782864227411296,False,True
25038169,0.06852000,74.10000000,51279609,51279609,1782864227411296,False,True
25038170,0.06852000,1657.20000000,51279610,51279610,1782864240859819,True,True
25038171,0.06853000,74.00000000,51279611,51279611,1782864251495973,False,True
25038172,0.06854000,370.80000000,51279612,51279614,1782864251495973,False,True
25038173,0.06855000,183.50000000,51279615,51279616,1782864251501398,False,True
25038174,0.06856000,183.50000000,51279617,51279618,1782864251771806,False,True
25038175,0.06857000,1618.60000000,51279619,51279619,1782864251771806,False,True
25038176,0.06856000,242.80000000,51279620,51279620,1782864260778911,True,True
25038177,0.06854000,292.10000000,51279621,51279621,1782864260778911,True,True
25038178,0.06855000,415.00000000,51279622,51279622,1782864269565060,False,True
25038179,0.06854000,74.00000000,51279623,51279623,1782864274763489,True,True
25038180,0.06853000,141.00000000,51279624,51279625,1782864274763489,True,True
25038181,0.06853000,2000.00000000,51279626,51279627,1782864279248300,False,True
25038182,0.06854000,74.00000000,51279628,51279628,1782864282187184,False,True
25038183,0.06855000,42.70000000,51279629,51279629,1782864282187184,False,True
25038184,0.06855000,31.30000000,51279630,51279630,1782864290060101,False,True
25038185,0.06856000,664.60000000,51279631,51279633,1782864290201827,False,True
25038186,0.06857000,689.00000000,51279634,51279637,1782864296780782,False,True
25038187,0.06858000,183.30000000,51279638,51279639,1782864296780782,False,True
25038188,0.06859000,219.90000000,51279640,51279641,1782864296780782,False,True
25038189,0.06857000,145.00000000,51279642,51279642,1782864306468378,True,True
25038190,0.06859000,803.00000000,51279643,51279645,1782864313669959,False,True
25038191,0.06860000,126.10000000,51279646,51279647,1782864313671939,False,True
25038192,0.06861000,183.40000000,51279648,51279649,1782864314205572,False,True
25038193,0.06862000,183.40000000,51279650,51279651,1782864314247814,False,True
25038194,0.06863000,174.80000000,51279652,51279653,1782864317501322,False,True
25038195,0.06863000,595.90000000,51279654,51279655,1782864321772539,False,True
25038196,0.06864000,422.90000000,51279656,51279658,1782864321772539,False,True
25038197,0.06862000,2688.00000000,51279659,51279659,1782864328070670,True,True
25038198,0.06861000,292.00000000,51279660,51279660,1782864328074805,True,True
25038199,0.06861000,2579.20000000,51279661,51279663,1782864328084441,True,True
25038200,0.06860000,2871.20000000,51279664,51279666,1782864328085394,True,True
25038201,0.06859000,666.70000000,51279667,51279669,1782864328087144,True,True
25038202,0.06858000,263.50000000,51279670,51279672,1782864328088587,True,True
25038203,0.06857000,80.20000000,51279673,51279673,1782864328090305,True,True
25038204,0.06858000,2709.90000000,51279674,51279676,1782864330154830,False,True
25038205,0.06858000,997.40000000,51279677,51279678,1782864346772361,False,True
25038206,0.06858000,507.20000000,51279679,51279679,1782864352257459,False,True
25038207,0.06857000,183.30000000,51279680,51279681,1782864370168890,True,True
25038208,0.06856000,183.30000000,51279682,51279683,1782864370170280,True,True
25038209,0.06855000,3250.40000000,51279684,51279686,1782864370172275,True,True
25038210,0.06854000,292.00000000,51279687,51279689,1782864370172548,True,True
25038211,0.06854000,10234.70000000,51279690,51279690,1782864370173565,True,True
25038212,0.06854000,597.70000000,51279691,51279691,1782864370173819,True,True
25038213,0.06853000,1077.80000000,51279692,51279695,1782864370507935,True,True
25038214,0.06852000,183.50000000,51279696,51279697,1782864370594157,True,True
25038215,0.06851000,183.50000000,51279698,51279699,1782864370770118,True,True
25038216,0.06851000,713.60000000,51279700,51279700,1782864371772528,False,True
25038217,0.06850000,433.50000000,51279701,51279703,1782864373680632,True,True
25038218,0.06849000,300.20000000,51279704,51279705,1782864375373438,True,True
25038219,0.06848000,275.40000000,51279706,51279707,1782864378644985,True,True
25038220,0.06848000,1546.40000000,51279708,51279708,1782864379540802,False,True
25038221,0.06848000,1000.00000000,51279709,51279709,1782864380848881,False,True
25038222,0.06849000,109.60000000,51279710,51279710,1782864380857819,False,True
25038223,0.06850000,6010.20000000,51279711,51279715,1782864380857819,False,True
25038224,0.06851000,7475.20000000,51279716,51279720,1782864380859188,False,True
25038225,0.06850000,96.00000000,51279721,51279721,1782864380859236,False,True
25038226,0.06851000,14304.00000000,51279722,51279723,1782864380859236,False,True
25038227,0.06851000,322.20000000,51279724,51279724,1782864380860595,False,True
25038228,0.06851000,131.20000000,51279725,51279725,1782864381976338,True,True
25038229,0.06851000,292.00000000,51279726,51279726,1782864386384024,True,True
25038230,0.06852000,1698.10000000,51279727,51279731,1782864386771711,False,True
25038231,0.06851000,2019.00000000,51279732,51279733,1782864394907615,True,True
25038232,0.06851000,503.70000000,51279734,51279734,1782864397084358,True,True
25038233,0.06850000,74.00000000,51279735,51279735,1782864412987769,True,True
25038234,0.06849000,183.50000000,51279736,51279737,1782864412988128,True,True
25038235,0.06848000,108.50000000,51279738,51279738,1782864412988128,True,True
25038236,0.06848000,74.00000000,51279739,51279739,1782864414058816,True,True
25038237,0.06847000,183.50000000,51279740,51279741,1782864414058816,True,True
25038238,0.06846000,473.60000000,51279742,51279745,1782864414058816,True,True
25038239,0.06845000,308.00000000,51279746,51279747,1782864416169452,True,True
25038240,0.06845000,197.10000000,51279748,51279748,1782864417590053,False,True
25038241,0.06846000,1178.40000000,51279749,51279751,1782864418535909,False,True
25038242,0.06845000,112.00000000,51279752,51279752,1782864419057185,True,True
25038243,0.06845000,81.00000000,51279753,51279753,1782864419059752,True,True
25038244,0.06845000,1585.90000000,51279754,51279754,1782864427637087,True,True
25038245,0.06845000,317.70000000,51279755,51279755,1782864429971748,True,True
25038246,0.06845000,519.30000000,51279756,51279756,1782864431654562,True,True
25038247,0.06845000,343.90000000,51279757,51279757,1782864431655943,True,True
25038248,0.06846000,1327.10000000,51279758,51279760,1782864431772342,False,True
25038249,0.06845000,519.30000000,51279761,51279761,1782864432522000,True,True
25038250,0.06844000,120.70000000,51279762,51279763,1782864439975669,True,True
25038251,0.06846000,358.60000000,51279764,51279766,1782864449003514,False,True
25038252,0.06847000,30.90000000,51279767,51279767,1782864449003514,False,True
25038253,0.06846000,389.10000000,51279768,51279768,1782864453154978,True,True
25038254,0.06847000,388.70000000,51279769,51279771,1782864455322791,False,True
25038255,0.06846000,1881.70000000,51279772,51279773,1782864457084894,True,True
25038256,0.06845000,388.30000000,51279774,51279774,1782864457935573,True,True
25038257,0.06845000,1583.10000000,51279775,51279778,1782864458901529,True,True
25038258,0.06844000,2230.50000000,51279779,51279783,1782864458901529,True,True
25038259,0.06843000,4186.50000000,51279784,51279789,1782864458901529,True,True
25038260,0.06845000,387.90000000,51279790,51279790,1782864460747241,False,True
25038261,0.06845000,723.20000000,51279791,51279791,1782864461771971,False,True
25038262,0.06846000,935.40000000,51279792,51279792,1782864461771971,False,True
25038263,0.06845000,387.50000000,51279793,51279793,1782864462753543,True,True
25038264,0.06846000,387.10000000,51279794,51279794,1782864465198130,False,True
25038265,0.06845000,386.70000000,51279795,51279795,1782864468401534,True,True
25038266,0.06846000,350.90000000,51279796,51279797,1782864473672210,False,True
25038267,0.06847000,479.10000000,51279798,51279798,1782864473672210,False,True
25038268,0.06847000,385.10000000,51279799,51279801,1782864474204061,False,True
25038269,0.06848000,204.10000000,51279802,51279803,1782864474408522,False,True
25038270,0.06849000,74.10000000,51279804,51279804,1782864474808915,False,True
25038271,0.06850000,74.00000000,51279805,51279805,1782864474808974,False,True
25038272,0.06851000,74.00000000,51279806,51279806,1782864476646350,False,True
25038273,0.06852000,57.30000000,51279807,51279807,1782864476646350,False,True
25038274,0.06852000,16.70000000,51279808,51279808,1782864477619361,False,True
25038275,0.06853000,315.30000000,51279809,51279809,1782864477619361,False,True
25038276,0.06853000,2385.70000000,51279810,51279812,1782864481447269,False,True
25038277,0.06852000,449.80000000,51279813,51279813,1782864491402438,True,True
25038278,0.06852000,109.50000000,51279814,51279814,1782864491403592,True,True
25038279,0.06851000,2871.50000000,51279815,51279817,1782864491475046,True,True
25038280,0.06850000,183.50000000,51279818,51279819,1782864491476847,True,True
25038281,0.06849000,626.50000000,51279820,51279822,1782864491478817,True,True
25038282,0.06850000,1165.90000000,51279823,51279824,1782864501772521,False,True
25038283,0.06850000,834.10000000,51279825,51279825,1782864506990028,False,True
25038284,0.06851000,74.00000000,51279826,51279826,1782864509405690,False,True
25038285,0.06852000,74.00000000,51279827,51279827,1782864509405690,False,True
25038286,0.06853000,183.50000000,51279828,51279829,1782864509405709,False,True
25038287,0.06854000,183.50000000,51279830,51279831,1782864509406951,False,True
25038288,0.06854000,2000.40000000,51279832,51279834,1782864509408225,False,True
25038289,0.06855000,3313.10000000,51279835,51279837,1782864509408225,False,True
25038290,0.06855000,3181.00000000,51279838,51279839,1782864509408527,False,True
25038291,0.06855000,7200.00000000,51279840,51279840,1782864509408564,False,True
25038292,0.06855000,2000.40000000,51279841,51279841,1782864509409625,False,True
25038293,0.06855000,735.00000000,51279842,51279843,1782864509410284,False,True
25038294,0.06855000,1351.00000000,51279844,51279845,1782864509411425,False,True
25038295,0.06855000,90.90000000,51279846,51279846,1782864509411580,False,True
25038296,0.06856000,74.00000000,51279847,51279847,1782864509451071,False,True
25038297,0.06857000,74.00000000,51279848,51279848,1782864509451071,False,True
25038298,0.06858000,131.30000000,51279849,51279850,1782864511855498,False,True
25038299,0.06858000,717.40000000,51279851,51279853,1782864526499009,False,True
25038300,0.06859000,1235.90000000,51279854,51279856,1782864531771714,False,True
25038301,0.06860000,113.90000000,51279857,51279858,1782864531771714,False,True
25038302,0.06860000,232.10000000,51279859,51279860,1782864535852557,False,True
25038303,0.06861000,73.90000000,51279861,51279861,1782864535852557,False,True
25038304,0.06862000,1693.90000000,51279862,51279863,1782864535852600,False,True
25038305,0.06861000,4491.20000000,51279864,51279867,1782864541762309,True,True
25038306,0.06860000,3243.30000000,51279868,51279871,1782864544092752,True,True
25038307,0.06860000,154.90000000,51279872,51279872,1782864544116909,False,True
25038308,0.06860000,1000.00000000,51279873,51279873,1782864545286612,False,True
25038309,0.06861000,1073.90000000,51279874,51279875,1782864547052116,False,True
25038310,0.06862000,183.30000000,51279876,51279877,1782864547121128,False,True
25038311,0.06863000,1669.20000000,51279878,51279881,1782864558762555,False,True
25038312,0.06864000,87.60000000,51279882,51279883,1782864561953637,False,True
25038313,0.06864000,95.60000000,51279884,51279884,1782864566772634,False,True
25038314,0.06865000,292.80000000,51279885,51279887,1782864566772634,False,True
25038315,0.06866000,551.60000000,51279888,51279889,1782864566772634,False,True
25038316,0.06863000,73.90000000,51279890,51279890,1782864582364615,True,True
25038317,0.06862000,2871.20000000,51279891,51279893,1782864582364615,True,True
25038318,0.06861000,2761.90000000,51279894,51279895,1782864582513637,True,True
25038319,0.06860000,3550.20000000,51279896,51279898,1782864586158253,True,True
25038320,0.06859000,2871.30000000,51279899,51279901,1782864586159822,True,True
25038321,0.06859000,160.50000000,51279902,51279902,1782864588512234,False,True
25038322,0.06858000,3063.20000000,51279903,51279906,1782864588589245,True,True
25038323,0.06858000,743.80000000,51279907,51279908,1782864591771703,False,True
25038324,0.06857000,888.10000000,51279909,51279912,1782864604685266,True,True
25038325,0.06858000,1166.60000000,51279913,51279914,1782864606781454,False,True
25038326,0.06858000,830.60000000,51279915,51279916,1782864613329630,False,True
25038327,0.06858000,145.70000000,51279917,51279917,1782864618611325,True,True
25038328,0.06859000,109.40000000,51279918,51279918,1782864631432746,False,True
25038329,0.06860000,183.30000000,51279919,51279920,1782864631446884,False,True
25038330,0.06861000,183.30000000,51279921,51279922,1782864631516596,False,True
25038331,0.06862000,1407.30000000,51279923,51279925,1782864636771459,False,True
25038332,0.06863000,1073.90000000,51279926,51279927,1782864656787018,False,True
25038333,0.06864000,183.30000000,51279928,51279929,1782864657094537,False,True
25038334,0.06865000,181.30000000,51279930,51279931,1782864657971553,False,True
25038335,0.06866000,73.90000000,51279932,51279932,1782864657971715,False,True
25038336,0.06867000,263.10000000,51279933,51279934,1782864658044136,False,True
25038337,0.06868000,116.60000000,51279935,51279936,1782864661634557,False,True
25038338,0.06868000,1654.20000000,51279937,51279939,1782864671771613,False,True
25038339,0.06867000,183.20000000,51279940,51279941,1782864671855338,True,True
25038340,0.06866000,1803.10000000,51279942,51279944,1782864671855338,True,True
25038341,0.06865000,796.90000000,51279945,51279947,1782864671881345,True,True
25038342,0.06864000,796.90000000,51279948,51279948,1782864671886289,True,True
25038343,0.06865000,1000.00000000,51279949,51279949,1782864674038054,False,True
25038344,0.06866000,183.20000000,51279950,51279951,1782864676213216,False,True
25038345,0.06866000,107.80000000,51279952,51279952,1782864676213337,False,True
25038346,0.06867000,183.20000000,51279953,51279954,1782864676214549,False,True
25038347,0.06868000,545.10000000,51279955,51279957,1782864676215754,False,True
25038348,0.06868000,83.50000000,51279958,51279958,1782864701458649,False,True
25038349,0.06868000,1033.10000000,51279959,51279960,1782864701812915,False,True
25038350,0.06868000,507.90000000,51279961,51279961,1782864705288467,True,True
25038351,0.06868000,1653.00000000,51279962,51279963,1782864711772082,False,True
25038352,0.06868000,366.40000000,51279964,51279964,1782864722970108,False,True
25038353,0.06867000,145.50000000,51279965,51279966,1782864732588587,True,True
25038354,0.06867000,1620.00000000,51279967,51279967,1782864739321577,False,True
25038355,0.06868000,3294.40000000,51279968,51279971,1782864739321577,False,True
25038356,0.06868000,191.00000000,51279972,51279972,1782864742677522,True,True
25038357,0.06867000,183.00000000,51279973,51279974,1782864742679460,True,True
25038358,0.06866000,183.10000000,51279975,51279976,1782864744246125,True,True
25038359,0.06865000,183.00000000,51279977,51279978,1782864745119185,True,True
25038360,0.06865000,116.50000000,51279979,51279979,1782864747713954,False,True
25038361,0.06864000,183.10000000,51279980,51279981,1782864749293152,True,True
25038362,0.06864000,1424.50000000,51279982,51279983,1782864751771696,False,True
25038363,0.06864000,72.80000000,51279984,51279984,1782864767053201,False,True
25038364,0.06863000,73.90000000,51279985,51279985,1782864778554631,True,True
25038365,0.06862000,154.10000000,51279986,51279987,1782864778554631,True,True
25038366,0.06861000,80.20000000,51279988,51279989,1782864778560275,True,True
25038367,0.06861000,10918.70000000,51279990,51279990,1782864778560529,True,True
25038368,0.06860000,150.60000000,51279991,51279992,1782864778564024,True,True
25038369,0.06859000,979.00000000,51279993,51279995,1782864778583383,True,True
25038370,0.06859000,2878.40000000,51279996,51279998,1782864778587061,False,True
25038371,0.06859000,818.10000000,51279999,51279999,1782864778591598,True,True
25038372,0.06858000,1462.30000000,51280000,51280002,1782864778602201,True,True
25038373,0.06857000,1462.20000000,51280003,51280003,1782864778624890,True,True
25038374,0.06857000,938.00000000,51280004,51280006,1782864778643376,True,True
25038375,0.06856000,582.10000000,51280007,51280009,1782864778643376,True,True
25038376,0.06856000,1221.20000000,51280010,51280010,1782864778667436,True,True
25038377,0.06855000,243.00000000,51280011,51280011,1782864778667436,True,True
25038378,0.06855000,109.40000000,51280012,51280012,1782864778816636,True,True
25038379,0.06856000,2620.00000000,51280013,51280014,1782864780056235,False,True
25038380,0.06857000,17.10000000,51280015,51280015,1782864780056235,False,True
25038381,0.06856000,1000.00000000,51280016,51280016,1782864794264111,False,True
25038382,0.06857000,74.00000000,51280017,51280017,1782864796369265,False,True
25038383,0.06858000,486.00000000,51280018,51280020,1782864802479211,False,True
25038384,0.06859000,73.90000000,51280021,51280021,1782864812135506,False,True
25038385,0.06860000,73.90000000,51280022,51280022,1782864812135506,False,True
25038386,0.06861000,73.90000000,51280023,51280023,1782864817092083,False,True
25038387,0.06862000,154.20000000,51280024,51280025,1782864817092083,False,True
25038388,0.06863000,80.30000000,51280026,51280027,1782864817094573,False,True
25038389,0.06864000,183.30000000,51280028,51280029,1782864827870039,False,True
25038390,0.06865000,183.20000000,51280030,51280031,1782864827921718,False,True
25038391,0.06866000,183.20000000,51280032,51280033,1782864827921819,False,True
25038392,0.06867000,4900.80000000,51280034,51280037,1782864827923233,False,True
25038393,0.06867000,1055.20000000,51280038,51280038,1782864827923299,False,True
25038394,0.06867000,80.20000000,51280039,51280039,1782864827925170,False,True
25038395,0.06867000,5692.60000000,51280040,51280041,1782864827926138,False,True
25038396,0.06867000,1457.00000000,51280042,51280043,1782864827960311,True,True
25038397,0.06868000,183.10000000,51280044,51280045,1782864828140701,False,True
25038398,0.06869000,183.10000000,51280046,51280047,1782864828206152,False,True
25038399,0.06870000,145.70000000,51280048,51280049,1782864828479942,False,True
25038400,0.06869000,1088.30000000,51280050,51280050,1782864828872343,True,True
25038401,0.06870000,240.20000000,51280051,51280052,1782864838538136,False,True
25038402,0.06870000,313.10000000,51280053,51280054,1782864839783093,True,True
25038403,0.06869000,773.50000000,51280055,51280057,1782864862482829,True,True
25038404,0.06868000,260.20000000,51280058,51280058,1782864862482829,True,True
25038405,0.06870000,580.00000000,51280059,51280059,1782864885080485,False,True
25038406,0.06870000,420.00000000,51280060,51280060,1782864885312972,False,True
25038407,0.06871000,301.20000000,51280061,51280063,1782864889368307,False,True
25038408,0.06872000,73.90000000,51280064,51280064,1782864892548956,False,True
25038409,0.06873000,73.80000000,51280065,51280065,1782864892548956,False,True
25038410,0.06874000,210.20000000,51280066,51280068,1782864892548956,False,True
25038411,0.06873000,124.80000000,51280069,51280069,1782864897516300,False,True
25038412,0.06873000,359.70000000,51280070,51280070,1782864902867810,False,True
25038413,0.06874000,573.60000000,51280071,51280073,1782864903691389,False,True
25038414,0.06875000,333.20000000,51280074,51280075,1782864909882815,False,True
25038415,0.06875000,218.20000000,51280076,51280078,1782864910777088,False,True
25038416,0.06876000,73.80000000,51280079,51280079,1782864912440809,False,True
25038417,0.06877000,192.10000000,51280080,51280082,1782864912440809,False,True
25038418,0.06875000,73.70000000,51280083,51280083,1782864939400507,True,True
25038419,0.06874000,73.70000000,51280084,51280084,1782864939400507,True,True
25038420,0.06873000,1333.10000000,51280085,51280085,1782864941525743,True,True
25038421,0.06873000,5655.60000000,51280086,51280088,1782864944624094,True,True
25038422,0.06872000,73.80000000,51280089,51280089,1782864951410558,True,True
25038423,0.06871000,73.80000000,51280090,51280090,1782864951410558,True,True
25038424,0.06870000,438.70000000,51280091,51280092,1782864951453834,True,True
25038425,0.06870000,338.50000000,51280093,51280093,1782864955439446,True,True
25038426,0.06870000,1481.50000000,51280094,51280094,1782864959944911,True,True
25038427,0.06869000,153.30000000,51280095,51280096,1782864959948236,True,True
25038428,0.06868000,183.00000000,51280097,51280098,1782864960047428,True,True
25038429,0.06868000,1454.70000000,51280099,51280099,1782864960447933,False,True
25038430,0.06867000,252.80000000,51280100,51280101,1782864961797642,True,True
25038431,0.06868000,145.70000000,51280102,51280102,1782864967318557,False,True
25038432,0.06868000,1385.70000000,51280103,51280104,1782864974132984,False,True
25038433,0.06869000,651.70000000,51280105,51280107,1782864984644123,False,True
25038434,0.06869000,1140.00000000,51280108,51280108,1782864992121139,True,True
25038435,0.06869000,161.20000000,51280109,51280109,1782864995111454,True,True
25038436,0.06870000,73.80000000,51280110,51280110,1782864995682102,False,True
25038437,0.06871000,73.80000000,51280111,51280111,1782864995682102,False,True
25038438,0.06872000,582.20000000,51280112,51280112,1782864995682102,False,True
25038439,0.06872000,482.40000000,51280113,51280113,1782864999279728,False,True
25038440,0.06870000,285.20000000,51280114,51280114,1782865007152748,True,True
25038441,0.06870000,101.80000000,51280115,51280115,1782865023080199,True,True
25038442,0.06871000,229.30000000,51280116,51280116,1782865038981774,False,True
25038443,0.06870000,73.80000000,51280117,51280117,1782865039769206,True,True
25038444,0.06869000,71.70000000,51280118,51280118,1782865039769206,True,True
25038445,0.06869000,2.10000000,51280119,51280119,1782865041227658,True,True
25038446,0.06869000,1000.00000000,51280120,51280120,1782865056409466,False,True
25038447,0.06871000,1000.00000000,51280121,51280121,1782865056427070,False,True
25038448,0.06871000,160.00000000,51280122,51280123,1782865060599039,False,True
25038449,0.06869000,130.80000000,51280124,51280124,1782865069866325,True,True
25038450,0.06869000,486.00000000,51280125,51280125,1782865076918016,False,True
25038451,0.06869000,2000.00000000,51280126,51280127,1782865098194069,False,True
25038452,0.06871000,73.80000000,51280128,51280128,1782865099835980,False,True
25038453,0.06871000,130.80000000,51280129,51280129,1782865104770994,True,True
25038454,0.06871000,2455.80000000,51280130,51280132,1782865116371816,False,True
25038455,0.06871000,13129.90000000,51280133,51280133,1782865120679518,True,True
25038456,0.06871000,3006.30000000,51280134,51280137,1782865123030576,False,True
25038457,0.06870000,73.80000000,51280138,51280138,1782865127034673,True,True
25038458,0.06870000,502.60000000,51280139,51280139,1782865132436436,False,True
25038459,0.06870000,131.20000000,51280140,51280140,1782865134871385,False,True
25038460,0.06869000,73.80000000,51280141,51280141,1782865151317034,True,True
25038461,0.06868000,73.80000000,51280142,51280142,1782865151317034,True,True
25038462,0.06867000,176.70000000,51280143,51280144,1782865156477339,True,True
25038463,0.06868000,160.30000000,51280145,51280145,1782865167968979,False,True
25038464,0.06868000,606.90000000,51280146,51280149,1782865169495546,False,True
25038465,0.06866000,183.10000000,51280150,51280151,1782865179123324,True,True
25038466,0.06865000,666.90000000,51280152,51280154,1782865179124889,True,True
25038467,0.06864000,292.40000000,51280155,51280157,1782865179124889,True,True
25038468,0.06865000,116.20000000,51280158,51280158,1782865179126454,True,True
25038469,0.06864000,917.00000000,51280159,51280159,1782865201105613,False,True
25038470,0.06864000,160.10000000,51280160,51280160,1782865210688404,True,True
25038471,0.06865000,78.90000000,51280161,51280162,1782865223117186,False,True
25038472,0.06865000,1993.30000000,51280163,51280164,1782865229494985,False,True
25038473,0.06866000,183.20000000,51280165,51280166,1782865229556432,False,True
25038474,0.06867000,183.20000000,51280167,51280168,1782865231827595,False,True
25038475,0.06868000,73.80000000,51280169,51280169,1782865236273302,False,True
25038476,0.06869000,401.10000000,51280170,51280172,1782865236273302,False,True
25038477,0.06869000,160.30000000,51280173,51280173,1782865241457639,False,True
25038478,0.06868000,131.00000000,51280174,51280175,1782865271862801,True,True
25038479,0.06868000,21281.00000000,51280176,51280177,1782865281885973,True,True
25038480,0.06867000,73.80000000,51280178,51280178,1782865284461526,True,True
25038481,0.06866000,73.80000000,51280179,51280179,1782865284461526,True,True
25038482,0.06865000,263.20000000,51280180,51280182,1782865284461526,True,True
25038483,0.06864000,92.10000000,51280183,51280183,1782865284461526,True,True
25038484,0.06864000,80.10000000,51280184,51280184,1782865284463119,True,True
25038485,0.06864000,482.40000000,51280185,51280185,1782865292261226,True,True
25038486,0.06863000,2620.40000000,51280186,51280189,1782865295570646,True,True
25038487,0.06863000,11422.00000000,51280190,51280190,1782865295741641,False,True
25038488,0.06864000,2073.90000000,51280191,51280193,1782865305465434,False,True
25038489,0.06863000,160.10000000,51280194,51280194,1782865312467638,True,True
25038490,0.06863000,73.90000000,51280195,51280195,1782865312624067,True,True
25038491,0.06862000,204.00000000,51280196,51280197,1782865312624067,True,True
25038492,0.06861000,181.00000000,51280198,51280199,1782865316496791,True,True
25038493,0.06860000,73.90000000,51280200,51280200,1782865317059842,True,True
25038494,0.06859000,499.30000000,51280201,51280202,1782865321345107,True,True
25038495,0.06858000,160.30000000,51280203,51280204,1782865342568814,True,True
25038496,0.06859000,2000.00000000,51280205,51280206,1782865356365109,False,True
25038497,0.06860000,811.70000000,51280207,51280208,1782865359628538,False,True
25038498,0.06861000,815.20000000,51280209,51280211,1782865359628538,False,True
25038499,0.06861000,183.30000000,51280212,51280213,1782865364436987,False,True
25038500,0.06862000,12744.20000000,51280214,51280217,1782865364436987,False,True
25038501,0.06863000,183.30000000,51280218,51280219,1782865366122142,False,True
25038502,0.06864000,183.30000000,51280220,51280221,1782865366122142,False,True
25038503,0.06865000,2233.60000000,51280222,51280226,1782865366122142,False,True
25038504,0.06865000,1592.20000000,51280227,51280227,1782865368027472,True,True
25038505,0.06865000,3140.30000000,51280228,51280230,1782865370075923,False,True
25038506,0.06866000,1884.40000000,51280231,51280234,1782865370075923,False,True
25038507,0.06867000,1883.40000000,51280235,51280238,1782865370075923,False,True
25038508,0.06867000,5451.50000000,51280239,51280239,1782865370077626,True,True
25038509,0.06867000,80.20000000,51280240,51280240,1782865370077752,False,True
25038510,0.06865000,73.80000000,51280241,51280241,1782865373573103,True,True
25038511,0.06864000,42.60000000,51280242,51280242,1782865373573103,True,True
25038512,0.06866000,1620.00000000,51280243,51280243,1782865380130772,True,True
25038513,0.06864000,31.30000000,51280244,51280244,1782865399272083,True,True
25038514,0.06863000,68.70000000,51280245,51280245,1782865399272083,True,True
25038515,0.06863000,5.20000000,51280246,51280246,1782865399350552,True,True
25038516,0.06862000,11014.80000000,51280247,51280248,1782865399352199,True,True
25038517,0.06861000,183.20000000,51280249,51280250,1782865399402037,True,True
25038518,0.06860000,183.20000000,51280251,51280252,1782865399404152,True,True
25038519,0.06859000,73.90000000,51280253,51280253,1782865401155067,True,True
25038520,0.06858000,147.30000000,51280254,51280255,1782865401155067,True,True
25038521,0.06858000,131.30000000,51280256,51280256,1782865405776112,False,True
25038522,0.06857000,183.60000000,51280257,51280258,1782865422864285,True,True
25038523,0.06857000,1144.50000000,51280259,51280260,1782865438926559,False,True
25038524,0.06857000,116.60000000,51280261,51280261,1782865439785224,True,True
25038525,0.06858000,458.60000000,51280262,51280263,1782865439861375,False,True
25038526,0.06859000,892.00000000,51280264,51280267,1782865446482654,False,True
25038527,0.06860000,1276.50000000,51280268,51280270,1782865458372494,False,True
25038528,0.06857000,183.30000000,51280271,51280272,1782865466063577,True,True
25038529,0.06856000,1127.60000000,51280273,51280274,1782865466063577,True,True
25038530,0.06857000,145.90000000,51280275,51280275,1782865470792378,False,True
25038531,0.06856000,131.40000000,51280276,51280276,1782865472358279,True,True
25038532,0.06855000,183.30000000,51280277,51280278,1782865472384189,True,True
25038533,0.06854000,546.60000000,51280279,51280280,1782865472384189,True,True
25038534,0.06855000,188.40000000,51280281,51280281,1782865486175187,True,True
25038535,0.06856000,105.10000000,51280282,51280282,1782865500316622,False,True
25038536,0.06856000,1004.40000000,51280283,51280284,1782865500923857,False,True
25038537,0.06857000,1074.00000000,51280285,51280286,1782865500932120,False,True
25038538,0.06858000,183.30000000,51280287,51280288,1782865511712498,False,True
25038539,0.06858000,116.60000000,51280289,51280289,1782865513507080,True,True
25038540,0.06857000,183.30000000,51280290,51280291,1782865537826954,True,True
25038541,0.06856000,152.80000000,51280292,51280293,1782865539911381,True,True
25038542,0.06855000,73.90000000,51280294,51280294,1782865539921148,True,True
25038543,0.06854000,74.00000000,51280295,51280295,1782865539921148,True,True
25038544,0.06853000,263.60000000,51280296,51280298,1782865539925276,True,True
25038545,0.06852000,15037.80000000,51280299,51280303,1782865539925276,True,True
25038546,0.06851000,9620.60000000,51280304,51280306,1782865539925276,True,True
25038547,0.06851000,13681.40000000,51280307,51280308,1782865539946756,True,True
25038548,0.06850000,718.60000000,51280309,51280310,1782865539946756,True,True
25038549,0.06850000,6965.10000000,51280311,51280314,1782865539949217,True,True
25038550,0.06850000,7200.00000000,51280315,51280316,1782865539959923,True,True
25038551,0.06850000,20.40000000,51280317,51280317,1782865539962523,True,True
25038552,0.06849000,80.30000000,51280318,51280319,1782865539970137,True,True
25038553,0.06849000,103.20000000,51280320,51280320,1782865539992943,True,True
25038554,0.06849000,517.60000000,51280321,51280321,1782865540050183,False,True
25038555,0.06849000,1112.10000000,51280322,51280323,1782865540593300,False,True
25038556,0.06849000,1102.80000000,51280324,51280324,1782865540598258,False,True
25038557,0.06850000,2074.00000000,51280325,51280327,1782865540677718,False,True
25038558,0.06851000,183.50000000,51280328,51280329,1782865540682050,False,True
25038559,0.06851000,1252.00000000,51280330,51280330,1782865540751607,False,True
25038560,0.06852000,183.50000000,51280331,51280332,1782865540759072,False,True
25038561,0.06853000,497.10000000,51280333,51280335,1782865542960320,False,True
25038562,0.06852000,667.00000000,51280336,51280336,1782865544140619,False,True
25038563,0.06853000,131.30000000,51280337,51280338,1782865544205938,False,True
25038564,0.06853000,491.00000000,51280339,51280339,1782865548287136,False,True
25038565,0.06854000,183.50000000,51280340,51280341,1782865549796608,False,True
25038566,0.06853000,74.00000000,51280342,51280342,1782865562184824,True,True
25038567,0.06852000,74.00000000,51280343,51280343,1782865562184824,True,True
25038568,0.06851000,183.50000000,51280344,51280345,1782865562184824,True,True
25038569,0.06852000,2000.00000000,51280346,51280347,1782865567208505,False,True
25038570,0.06853000,74.00000000,51280348,51280348,1782865573748416,False,True
25038571,0.06854000,74.00000000,51280349,51280349,1782865573748416,False,True
25038572,0.06854000,797.40000000,51280350,51280350,1782865583781492,False,True
25038573,0.06854000,1202.60000000,51280351,51280352,1782865583782843,False,True
25038574,0.06855000,131.30000000,51280353,51280354,1782865585721045,False,True
25038575,0.06854000,105.20000000,51280355,51280355,1782865592445114,True,True
25038576,0.06853000,749.70000000,51280356,51280358,1782865609971689,True,True
25038577,0.06853000,145.70000000,51280359,51280359,1782865616422909,True,True
25038578,0.06853000,1219.30000000,51280360,51280361,1782865626488102,False,True
25038579,0.06854000,74.00000000,51280362,51280362,1782865626564723,False,True
25038580,0.06855000,183.50000000,51280363,51280364,1782865626564723,False,True
25038581,0.06856000,7200.00000000,51280365,51280367,1782865626567634,False,True
25038582,0.06856000,14282.90000000,51280368,51280369,1782865626569676,False,True
25038583,0.06856000,6043.70000000,51280370,51280370,1782865626571275,False,True
25038584,0.06857000,258.80000000,51280371,51280372,1782865636413600,False,True
25038585,0.06858000,765.60000000,51280373,51280375,1782865660077182,False,True
25038586,0.06859000,178.90000000,51280376,51280377,1782865673150902,False,True
25038587,0.06860000,169.50000000,51280378,51280379,1782865673150902,False,True
25038588,0.06861000,340.70000000,51280380,51280380,1782865673150902,False,True
25038589,0.06860000,116.40000000,51280381,51280381,1782865674761547,True,True
25038590,0.06860000,4402.20000000,51280382,51280382,1782865695740859,False,True
25038591,0.06859000,145.50000000,51280383,51280383,1782865706361855,True,True
25038592,0.06859000,111.00000000,51280384,51280384,1782865719295515,True,True
25038593,0.06860000,226.60000000,51280385,51280385,1782865724095327,False,True
25038594,0.06860000,1138.60000000,51280386,51280386,1782865724096426,False,True
25038595,0.06860000,226.60000000,51280387,51280387,1782865724401387,False,True
25038596,0.06861000,274.40000000,51280388,51280390,1782865732697887,False,True
25038597,0.06862000,160.30000000,51280391,51280392,1782865758986292,False,True
25038598,0.06863000,244.30000000,51280393,51280394,1782865760670631,False,True
25038599,0.06863000,1980.50000000,51280395,51280396,1782865760674369,True,True
25038600,0.06863000,1366.00000000,51280397,51280397,1782865760675159,True,True
25038601,0.06862000,191.00000000,51280398,51280398,1782865761003961,True,True
25038602,0.06861000,183.20000000,51280399,51280400,1782865761004678,True,True
25038603,0.06860000,183.30000000,51280401,51280402,1782865761004678,True,True
25038604,0.06859000,1811.00000000,51280403,51280406,1782865761004678,True,True
25038605,0.06859000,492.90000000,51280407,51280407,1782865780532054,False,True
25038606,0.06858000,116.60000000,51280408,51280409,1782865789983747,True,True
25038607,0.06859000,203.40000000,51280410,51280410,1782865798570025,False,True
25038608,0.06859000,228.40000000,51280411,51280411,1782865799240137,False,True
25038609,0.06859000,116.70000000,51280412,51280413,1782865820688872,False,True
25038610,0.06859000,958.60000000,51280414,51280414,1782865825338823,False,True
25038611,0.06859000,151.80000000,51280415,51280415,1782865829475651,True,True
25038612,0.06860000,748.30000000,51280416,51280417,1782865839124215,False,True
25038613,0.06860000,325.60000000,51280418,51280418,1782865839138308,False,True
25038614,0.06861000,73.90000000,51280419,51280419,1782865842386942,False,True
25038615,0.06862000,438.30000000,51280420,51280421,1782865844378691,False,True
25038616,0.06863000,135.70000000,51280422,51280423,1782865847138051,False,True
25038617,0.06863000,364.40000000,51280424,51280424,1782865851253766,False,True
25038618,0.06864000,268.70000000,51280425,51280427,1782865851344439,False,True
25038619,0.06865000,183.20000000,51280428,51280429,1782865851446197,False,True
25038620,0.06866000,299.70000000,51280430,51280432,1782865851499081,False,True
25038621,0.06867000,183.20000000,51280433,51280434,1782865851500574,False,True
25038622,0.06868000,3516.90000000,51280435,51280438,1782865851500700,False,True
25038623,0.06869000,852.20000000,51280439,51280441,1782865851502933,False,True
25038624,0.06869000,767.80000000,51280442,51280442,1782865851503358,False,True
25038625,0.06869000,7200.00000000,51280443,51280443,1782865851504254,False,True
25038626,0.06868000,174.60000000,51280444,51280444,1782865851525016,True,True
25038627,0.06868000,174.60000000,51280445,51280445,1782865851525211,True,True
25038628,0.06870000,131.20000000,51280446,51280447,1782865851690724,False,True
25038629,0.06871000,394.10000000,51280448,51280450,1782865858696752,False,True
25038630,0.06872000,183.00000000,51280451,51280452,1782865858696752,False,True
25038631,0.06873000,8113.30000000,51280453,51280455,1782865858696752,False,True
25038632,0.06874000,20406.10000000,51280456,51280462,1782865858696752,False,True
25038633,0.06874000,80.10000000,51280463,51280463,1782865858698362,False,True
25038634,0.06875000,126.00000000,51280464,51280465,1782865864916128,False,True
25038635,0.06875000,363.80000000,51280466,51280466,1782865866296059,False,True
25038636,0.06875000,310.00000000,51280467,51280467,1782865866430581,True,True
25038637,0.06874000,1439.90000000,51280468,51280471,1782865866437559,True,True
25038638,0.06874000,1000.00000000,51280472,51280472,1782865871071462,False,True
25038639,0.06875000,236.50000000,51280473,51280474,1782865872565584,False,True
25038640,0.06874000,109.10000000,51280475,51280475,1782865874639695,True,True
25038641,0.06873000,73.70000000,51280476,51280476,1782865881142330,True,True
25038642,0.06872000,857.60000000,51280477,51280477,1782865881142330,True,True
25038643,0.06872000,73.80000000,51280478,51280478,1782865881858622,True,True
25038644,0.06871000,2688.00000000,51280479,51280479,1782865883106388,True,True
25038645,0.06871000,118.50000000,51280480,51280480,1782865893609833,False,True
25038646,0.06870000,73.80000000,51280481,51280481,1782865916534051,True,True
25038647,0.06869000,2761.80000000,51280482,51280483,1782865916534051,True,True
25038648,0.06868000,1888.60000000,51280484,51280485,1782865919085908,True,True
25038649,0.06868000,873.20000000,51280486,51280486,1782865919088007,True,True
25038650,0.06868000,160.30000000,51280487,51280487,1782865919328900,False,True
25038651,0.06867000,73.80000000,51280488,51280488,1782865941735148,True,True
25038652,0.06866000,73.80000000,51280489,51280489,1782865941811476,True,True
25038653,0.06865000,73.80000000,51280490,51280490,1782865941811476,True,True
25038654,0.06864000,234.90000000,51280491,51280492,1782865941925872,True,True
25038655,0.06863000,183.20000000,51280493,51280494,1782865941925872,True,True
25038656,0.06862000,310.90000000,51280495,51280495,1782865941925872,True,True
25038657,0.06863000,495.00000000,51280496,51280496,1782865943965369,False,True
25038658,0.06864000,1620.00000000,51280497,51280497,1782865943965369,False,True
25038659,0.06864000,1235.60000000,51280498,51280499,1782865949818519,False,True
25038660,0.06865000,73.90000000,51280500,51280500,1782865951828699,False,True
25038661,0.06866000,86.40000000,51280501,51280501,1782865951828699,False,True
25038662,0.06866000,73.90000000,51280502,51280502,1782865980641970,False,True
25038663,0.06867000,263.40000000,51280503,51280505,1782865980641970,False,True
25038664,0.06868000,80.20000000,51280506,51280507,1782865980643572,False,True
25038665,0.06868000,160.30000000,51280508,51280508,1782865982830010,False,True
25038666,0.06868000,284.90000000,51280509,51280509,1782865991017912,False,True
25038667,0.06868000,2048.40000000,51280510,51280511,1782865991548700,False,True
25038668,0.06869000,1803.10000000,51280512,51280514,1782865991548700,False,True
25038669,0.06870000,4250.00000000,51280515,51280518,1782865991548700,False,True
25038670,0.06870000,145.70000000,51280519,51280520,1782866013232447,False,True
25038671,0.06871000,73.80000000,51280521,51280521,1782866023124906,False,True
25038672,0.06871000,145.30000000,51280522,51280522,1782866045732483,True,True
25038673,0.06871000,132.20000000,51280523,51280523,1782866046096506,True,True
25038674,0.06872000,145.50000000,51280524,51280525,1782866077635909,False,True
25038675,0.06873000,208.80000000,51280526,51280528,1782866081181252,False,True
25038676,0.06872000,96.00000000,51280529,51280529,1782866098316178,True,True
25038677,0.06872000,279.50000000,51280530,51280531,1782866112307414,True,True
25038678,0.06871000,73.80000000,51280532,51280532,1782866112357080,True,True
25038679,0.06870000,655.30000000,51280533,51280536,1782866112357080,True,True
25038680,0.06869000,145.50000000,51280537,51280538,1782866113742759,True,True
25038681,0.06870000,410.00000000,51280539,51280540,1782866133712428,False,True
25038682,0.06868000,73.80000000,51280541,51280541,1782866138707260,True,True
25038683,0.06867000,153.90000000,51280542,51280543,1782866138707260,True,True
25038684,0.06866000,501.20000000,51280544,51280546,1782866138707260,True,True
25038685,0.06867000,80.10000000,51280547,51280547,1782866140942139,True,True
25038686,0.06867000,86.90000000,51280548,51280548,1782866148365514,False,True
25038687,0.06867000,1533.10000000,51280549,51280549,1782866148366008,False,True
25038688,0.06868000,83.30000000,51280550,51280551,1782866148366008,False,True
25038689,0.06868000,1616.40000000,51280552,51280553,1782866148366812,False,True
25038690,0.06867000,117.20000000,51280554,51280554,1782866148377329,True,True
25038691,0.06867000,1616.30000000,51280555,51280556,1782866148377486,True,True
25038692,0.06866000,160.10000000,51280557,51280558,1782866166369131,True,True
25038693,0.06867000,805.80000000,51280559,51280561,1782866188983130,False,True
25038694,0.06867000,116.60000000,51280562,51280562,1782866196771975,False,True
25038695,0.06867000,758.60000000,51280563,51280563,1782866197401806,False,True
25038696,0.06866000,285.30000000,51280564,51280564,1782866229744585,True,True
25038697,0.06866000,153.50000000,51280565,51280565,1782866232694309,True,True
25038698,0.06868000,101.90000000,51280566,51280566,1782866250098693,False,True
25038699,0.06868000,390.90000000,51280567,51280568,1782866251318565,False,True
25038700,0.06868000,486.00000000,51280569,51280569,1782866270930215,False,True
25038701,0.06868000,116.40000000,51280570,51280570,1782866285751150,True,True
25038702,0.06869000,73.90000000,51280571,51280571,1782866295079459,False,True
25038703,0.06870000,13.40000000,51280572,51280572,1782866295079459,False,True
25038704,0.06868000,73.80000000,51280573,51280573,1782866317955890,True,True
25038705,0.06867000,71.70000000,51280574,51280574,1782866317955890,True,True
25038706,0.06867000,1029.10000000,51280575,51280576,1782866323526854,True,True
25038707,0.06866000,283.40000000,51280577,51280577,1782866334076184,True,True
25038708,0.06866000,3148.20000000,51280578,51280580,1782866335791371,True,True
25038709,0.06866000,803.50000000,51280581,51280581,1782866335792624,True,True
25038710,0.06865000,130.50000000,51280582,51280582,1782866344717299,True,True
25038711,0.06866000,131.20000000,51280583,51280583,1782866350161021,False,True
25038712,0.06865000,1841.60000000,51280584,51280584,1782866354110219,True,True
25038713,0.06865000,5782.80000000,51280585,51280585,1782866358284548,True,True
25038714,0.06865000,90.90000000,51280586,51280587,1782866363804031,True,True
25038715,0.06864000,170.50000000,51280588,51280589,1782866365167835,True,True
25038716,0.06863000,197.50000000,51280590,51280591,1782866366845414,True,True
25038717,0.06862000,183.20000000,51280592,51280593,1782866366943241,True,True
25038718,0.06861000,292.50000000,51280594,51280596,1782866366943241,True,True
25038719,0.06860000,255.70000000,51280597,51280597,1782866366943241,True,True
25038720,0.06860000,183.30000000,51280598,51280599,1782866367032864,True,True
25038721,0.06860000,1594.10000000,51280600,51280601,1782866368757836,False,True
25038722,0.06860000,419.40000000,51280602,51280603,1782866379622072,False,True
25038723,0.06861000,104.90000000,51280604,51280604,1782866379622072,False,True
25038724,0.06859000,160.10000000,51280605,51280606,1782866384164307,True,True
25038725,0.06858000,501.60000000,51280607,51280610,1782866387831937,True,True
25038726,0.06857000,5812.60000000,51280611,51280614,1782866390630487,True,True
25038727,0.06857000,566.10000000,51280615,51280617,1782866407747509,True,True
25038728,0.06856000,369.90000000,51280618,51280620,1782866420710082,True,True
25038729,0.06855000,3732.40000000,51280621,51280624,1782866420710082,True,True
25038730,0.06854000,2184.70000000,51280625,51280628,1782866421738701,True,True
25038731,0.06853000,1917.60000000,51280629,51280632,1782866421738701,True,True
25038732,0.06854000,1592.00000000,51280633,51280635,1782866422770049,True,True
25038733,0.06855000,191.00000000,51280636,51280636,1782866450580033,False,True
25038734,0.06856000,1154.40000000,51280637,51280638,1782866450580033,False,True
25038735,0.06855000,1296.50000000,51280639,51280641,1782866454252695,True,True
25038736,0.06856000,681.10000000,51280642,51280643,1782866470889167,False,True
25038737,0.06856000,126.90000000,51280644,51280644,1782866470984891,False,True
25038738,0.06855000,1187.70000000,51280645,51280646,1782866486226340,True,True
25038739,0.06854000,183.50000000,51280647,51280648,1782866486226340,True,True
25038740,0.06853000,3116.10000000,51280649,51280651,1782866486226340,True,True
25038741,0.06852000,1092.00000000,51280652,51280653,1782866486226340,True,True
25038742,0.06853000,1620.00000000,51280654,51280654,1782866488352266,False,True
25038743,0.06854000,74.00000000,51280655,51280655,1782866495508001,False,True
25038744,0.06855000,74.00000000,51280656,51280656,1782866495508096,False,True
25038745,0.06856000,74.00000000,51280657,51280657,1782866504173665,False,True
25038746,0.06857000,263.80000000,51280658,51280660,1782866504173665,False,True
25038747,0.06858000,80.30000000,51280661,51280662,1782866504175512,False,True
25038748,0.06859000,706.60000000,51280663,51280665,1782866518974702,False,True
25038749,0.06860000,1803.30000000,51280666,51280668,1782866518974702,False,True
25038750,0.06860000,2704.60000000,51280669,51280669,1782866522554930,True,True
25038751,0.06859000,73.90000000,51280670,51280670,1782866522554930,True,True
25038752,0.06858000,1994.30000000,51280671,51280674,1782866522554930,True,True
25038753,0.06857000,174.30000000,51280675,51280675,1782866522554930,True,True
25038754,0.06857000,1070.90000000,51280676,51280676,1782866530731068,True,True
25038755,0.06857000,1803.30000000,51280677,51280679,1782866557534098,True,True
25038756,0.06856000,1883.50000000,51280680,51280683,1782866557534098,True,True
25038757,0.06855000,89.50000000,51280684,51280684,1782866557534098,True,True
25038758,0.06855000,1842.20000000,51280685,51280688,1782866558567213,True,True
25038759,0.06854000,1934.10000000,51280689,51280692,1782866558567213,True,True
25038760,0.06855000,1620.00000000,51280693,51280693,1782866559603913,True,True
25038761,0.06854000,183.40000000,51280694,51280695,1782866559603913,True,True
25038762,0.06853000,1972.90000000,51280696,51280699,1782866559603913,True,True
25038763,0.06853000,1801.20000000,51280700,51280701,1782866560637472,True,True
25038764,0.06852000,1117.10000000,51280702,51280707,1782866560637472,True,True
25038765,0.06851000,565.80000000,51280708,51280709,1782866560637472,True,True
25038766,0.06853000,129.50000000,51280710,51280710,1782866566047098,True,True
25038767,0.06856000,92.70000000,51280711,51280711,1782866578415610,False,True
25038768,0.06857000,183.50000000,51280712,51280713,1782866586502743,False,True
25038769,0.06857000,80.20000000,51280714,51280714,1782866586571646,True,True
25038770,0.06857000,1084.00000000,51280715,51280715,1782866594818826,True,True
25038771,0.06858000,74.00000000,51280716,51280716,1782866600715255,False,True
25038772,0.06859000,189.00000000,51280717,51280719,1782866600715255,False,True
25038773,0.06860000,80.30000000,51280720,51280720,1782866600716861,False,True
25038774,0.06860000,73.90000000,51280721,51280721,1782866610819153,False,True
25038775,0.06861000,40.60000000,51280722,51280722,1782866610819153,False,True
25038776,0.06861000,160.30000000,51280723,51280724,1782866613409829,False,True
25038777,0.06860000,1107.80000000,51280725,51280729,1782866624573783,True,True
25038778,0.06859000,41.30000000,51280730,51280730,1782866624573783,True,True
25038779,0.06860000,72.80000000,51280731,51280731,1782866626005083,False,True
25038780,0.06859000,183.30000000,51280732,51280733,1782866629098753,True,True
25038781,0.06858000,270.80000000,51280734,51280736,1782866629100072,True,True
25038782,0.06857000,3168.20000000,51280737,51280739,1782866629102320,True,True
25038783,0.06856000,183.30000000,51280740,51280741,1782866629114080,True,True
25038784,0.06855000,183.30000000,51280742,51280743,1782866629147725,True,True
25038785,0.06855000,1567.90000000,51280744,51280745,1782866630996367,False,True
25038786,0.06857000,74.00000000,51280746,51280746,1782866645615303,False,True
25038787,0.06858000,57.30000000,51280747,51280747,1782866645615303,False,True
25038788,0.06857000,670.90000000,51280748,51280748,1782866663768654,True,True
25038789,0.06857000,116.60000000,51280749,51280749,1782866676621412,True,True
25038790,0.06858000,16.60000000,51280750,51280750,1782866686079274,False,True
25038791,0.06859000,73.90000000,51280751,51280751,1782866686079274,False,True
25038792,0.06860000,44.50000000,51280752,51280752,1782866686079274,False,True
25038793,0.06858000,806.90000000,51280753,51280753,1782866695118040,True,True
25038794,0.06858000,368.50000000,51280754,51280754,1782866696510159,True,True
25038795,0.06857000,73.90000000,51280755,51280755,1782866713627549,True,True
25038796,0.06856000,57.30000000,51280756,51280756,1782866713627549,True,True
25038797,0.06856000,16.60000000,51280757,51280757,1782866720984170,True,True
25038798,0.06855000,159.70000000,51280758,51280759,1782866720984170,True,True
25038799,0.06855000,85.30000000,51280760,51280761,1782866728361357,True,True
25038800,0.06857000,104.30000000,51280762,51280762,1782866735502852,False,True
25038801,0.06855000,1620.00000000,51280763,51280763,1782866739057330,False,True
25038802,0.06857000,74.00000000,51280764,51280764,1782866744620996,False,True
25038803,0.06858000,71.90000000,51280765,51280765,1782866744620996,False,True
25038804,0.06858000,145.90000000,51280766,51280767,1782866775624404,False,True
25038805,0.06858000,486.00000000,51280768,51280769,1782866800403200,False,True
25038806,0.06859000,160.50000000,51280770,51280771,1782866806624159,False,True
25038807,0.06859000,93.10000000,51280772,51280772,1782866819315922,False,True
25038808,0.06858000,600.80000000,51280773,51280775,1782866821544526,True,True
25038809,0.06857000,73.90000000,51280776,51280776,1782866830320613,True,True
25038810,0.06857000,370.20000000,51280777,51280777,1782866842052706,False,True
25038811,0.06857000,228.50000000,51280778,51280778,1782866847570398,False,True
25038812,0.06856000,73.90000000,51280779,51280779,1782866847798071,True,True
25038813,0.06855000,183.30000000,51280780,51280781,1782866854493320,True,True
25038814,0.06854000,183.50000000,51280782,51280783,1782866854587023,True,True
25038815,0.06853000,183.50000000,51280784,51280785,1782866854588793,True,True
25038816,0.06853000,97.90000000,51280786,51280786,1782866856726632,False,True
25038817,0.06852000,152.60000000,51280787,51280788,1782866869288170,True,True
25038818,0.06851000,172.40000000,51280789,51280790,1782866871133217,True,True
25038819,0.06850000,183.40000000,51280791,51280792,1782866888097601,True,True
25038820,0.06849000,311.30000000,51280793,51280795,1782866889608790,True,True
25038821,0.06848000,492.00000000,51280796,51280798,1782866912474193,True,True
25038822,0.06850000,116.70000000,51280799,51280800,1782866949358677,False,True
25038823,0.06850000,708.70000000,51280801,51280803,1782867027924385,False,True
25038824,0.06851000,6.70000000,51280804,51280804,1782867027924385,False,True
25038825,0.06850000,160.30000000,51280805,51280805,1782867030818945,True,True
25038826,0.06851000,875.70000000,51280806,51280806,1782867031705780,False,True
25038827,0.06851000,80.20000000,51280807,51280808,1782867043341400,False,True
25038828,0.06852000,131.30000000,51280809,51280810,1782867060624394,False,True
25038829,0.06852000,291.80000000,51280811,51280812,1782867089041576,False,True
25038830,0.06852000,145.70000000,51280813,51280813,1782867091322982,True,True
25038831,0.06853000,87.10000000,51280814,51280815,1782867099930066,False,True
25038832,0.06853000,275.30000000,51280816,51280816,1782867108875543,False,True
25038833,0.06854000,318.60000000,51280817,51280819,1782867111439830,False,True
25038834,0.06855000,298.60000000,51280820,51280822,1782867120632951,False,True
25038835,0.06856000,318.10000000,51280823,51280825,1782867125050009,False,True
25038836,0.06857000,183.50000000,51280826,51280827,1782867125050009,False,True
25038837,0.06858000,498.40000000,51280828,51280828,1782867125050009,False,True
25038838,0.06858000,1902.20000000,51280829,51280833,1782867152193996,False,True
25038839,0.06859000,1902.90000000,51280834,51280838,1782867152193996,False,True
25038840,0.06860000,322.80000000,51280839,51280839,1782867152193996,False,True
25038841,0.06858000,1000.00000000,51280840,51280840,1782867152669378,True,True
25038842,0.06858000,1000.00000000,51280841,51280841,1782867159338591,True,True
25038843,0.06859000,229.10000000,51280842,51280843,1782867162207030,False,True
25038844,0.06860000,235.40000000,51280844,51280846,1782867164076920,False,True
25038845,0.06861000,73.90000000,51280847,51280847,1782867164821270,False,True
25038846,0.06861000,131.20000000,51280848,51280848,1782867167080237,False,True
25038847,0.06860000,183.40000000,51280849,51280850,1782867180855796,True,True
25038848,0.06859000,183.30000000,51280851,51280852,1782867181079009,True,True
25038849,0.06858000,183.30000000,51280853,51280854,1782867181159051,True,True
25038850,0.06858000,578.60000000,51280855,51280855,1782867198612425,True,True
25038851,0.06858000,757.00000000,51280856,51280856,1782867198657385,True,True
25038852,0.06857000,73.90000000,51280857,51280857,1782867216730884,True,True
25038853,0.06856000,154.10000000,51280858,51280859,1782867216730985,True,True
25038854,0.06855000,73.90000000,51280860,51280860,1782867216760779,True,True
25038855,0.06854000,74.00000000,51280861,51280861,1782867216760779,True,True
25038856,0.06853000,715.70000000,51280862,51280862,1782867216760779,True,True
25038857,0.06854000,168.60000000,51280863,51280863,1782867226420531,False,True
25038858,0.06853000,74.00000000,51280864,51280864,1782867251573905,True,True
25038859,0.06852000,182.30000000,51280865,51280866,1782867251573905,True,True
25038860,0.06852000,185.00000000,51280867,51280867,1782867292417654,False,True
25038861,0.06853000,183.50000000,51280868,51280869,1782867315081438,False,True
25038862,0.06854000,183.50000000,51280870,51280871,1782867315130166,False,True
25038863,0.06855000,183.50000000,51280872,51280873,1782867315132319,False,True
25038864,0.06856000,183.50000000,51280874,51280875,1782867326411704,False,True
25038865,0.06857000,74.00000000,51280876,51280876,1782867373006948,False,True
25038866,0.06858000,183.40000000,51280877,51280878,1782867373006948,False,True
25038867,0.06859000,69.60000000,51280879,51280879,1782867373006948,False,True
25038868,0.06858000,80.20000000,51280880,51280880,1782867375050988,True,True
25038869,0.06858000,399.50000000,51280881,51280881,1782867378259308,False,True
25038870,0.06858000,1090.40000000,51280882,51280882,1782867385033177,False,True
25038871,0.06857000,102.20000000,51280883,51280883,1782867386994458,True,True
25038872,0.06857000,73.90000000,51280884,51280884,1782867416011414,True,True
25038873,0.06857000,149.00000000,51280885,51280885,1782867418515785,False,True
25038874,0.06857000,123.80000000,51280886,51280886,1782867429292133,False,True
25038875,0.06857000,204.20000000,51280887,51280887,1782867442980364,False,True
25038876,0.06856000,73.90000000,51280888,51280888,1782867465038449,True,True
25038877,0.06858000,145.80000000,51280889,51280890,1782867550330458,False,True
25038878,0.06857000,183.30000000,51280891,51280892,1782867564217991,True,True
25038879,0.06856000,0.60000000,51280893,51280893,1782867564217991,True,True
25038880,0.06858000,1253.80000000,51280894,51280896,1782867600588641,False,True
25038881,0.06858000,609.60000000,51280897,51280897,1782867600934852,False,True
25038882,0.06859000,74.00000000,51280898,51280898,1782867604695460,False,True
25038883,0.06859000,145.50000000,51280899,51280899,1782867607489808,True,True
25038884,0.06859000,1449.60000000,51280900,51280901,1782867619219300,True,True
25038885,0.06858000,1620.00000000,51280902,51280902,1782867620133141,False,True
25038886,0.06859000,1729.40000000,51280903,51280904,1782867620133141,False,True
25038887,0.06859000,1000.00000000,51280905,51280905,1782867620135049,True,True
25038888,0.06859000,145.50000000,51280906,51280906,1782867638587757,True,True
25038889,0.06859000,160.10000000,51280907,51280907,1782867669584009,True,True
25038890,0.06859000,145.50000000,51280908,51280908,1782867704795115,True,True
25038891,0.06860000,73.90000000,51280909,51280909,1782867716221891,False,True
25038892,0.06860000,116.60000000,51280910,51280910,1782867735495898,False,True
25038893,0.06859000,32178.70000000,51280911,51280911,1782867746499501,True,True
25038894,0.06859000,7200.00000000,51280912,51280912,1782867746501045,True,True
25038895,0.06859000,2061.90000000,51280913,51280913,1782867746502983,True,True
25038896,0.06859000,1000.00000000,51280914,51280914,1782867746503166,True,True
25038897,0.06859000,3120.30000000,51280915,51280915,1782867746505182,True,True
25038898,0.06859000,2321.60000000,51280916,51280916,1782867746506526,True,True
25038899,0.06859000,1616.40000000,51280917,51280917,1782867746509147,True,True
25038900,0.06859000,931.50000000,51280918,51280918,1782867746513419,True,True
25038901,0.06859000,867.70000000,51280919,51280919,1782867746528482,True,True
25038902,0.06859000,808.20000000,51280920,51280920,1782867746545265,True,True
25038903,0.06859000,2609.90000000,51280921,51280921,1782867746545846,True,True
25038904,0.06859000,752.90000000,51280922,51280922,1782867746557497,True,True
25038905,0.06859000,701.30000000,51280923,51280923,1782867746568310,True,True
25038906,0.06859000,8240.00000000,51280924,51280924,1782867746570269,True,True
25038907,0.06859000,4542.20000000,51280925,51280925,1782867746571561,True,True
25038908,0.06859000,2502.30000000,51280926,51280926,1782867746573139,True,True
25038909,0.06859000,176.30000000,51280927,51280927,1782867746579910,True,True
25038910,0.06859000,311.50000000,51280928,51280928,1782867746589823,True,True
25038911,0.06859000,230.50000000,51280929,51280929,1782867746605715,True,True
25038912,0.06859000,378.40000000,51280930,51280930,1782867746619634,True,True
25038913,0.06859000,3090.30000000,51280931,51280931,1782867747077250,True,True
25038914,0.06859000,7412.00000000,51280932,51280932,1782867747077440,True,True
25038915,0.06859000,6995.50000000,51280933,51280933,1782867747077509,True,True
25038916,0.06859000,1000.00000000,51280934,51280934,1782867747085721,True,True
25038917,0.06859000,931.50000000,51280935,51280935,1782867747113083,True,True
25038918,0.06859000,867.70000000,51280936,51280936,1782867747217850,True,True
25038919,0.06859000,808.20000000,51280937,51280937,1782867747233317,True,True
25038920,0.06859000,752.90000000,51280938,51280938,1782867747271040,True,True
25038921,0.06859000,701.30000000,51280939,51280939,1782867747294313,True,True
25038922,0.06859000,653.30000000,51280940,51280940,1782867747319227,True,True
25038923,0.06859000,608.60000000,51280941,51280941,1782867747344182,True,True
25038924,0.06859000,5800.70000000,51280942,51280942,1782867747353423,True,True
25038925,0.06859000,2185.50000000,51280943,51280943,1782867747353830,True,True
25038926,0.06859000,1898.20000000,51280944,51280944,1782867747355219,True,True
25038927,0.06859000,1643.30000000,51280945,51280945,1782867747359508,True,True
25038928,0.06859000,566.90000000,51280946,51280946,1782867747362036,True,True
25038929,0.06859000,3152.20000000,51280947,51280947,1782867747374573,True,True
25038930,0.06859000,528.10000000,51280948,51280948,1782867747376502,True,True
25038931,0.06860000,1166.10000000,51280949,51280949,1782867748424632,False,True
25038932,0.06859000,1000.00000000,51280950,51280950,1782867749473765,True,True
25038933,0.06859000,931.50000000,51280951,51280951,1782867749484416,True,True
25038934,0.06859000,867.70000000,51280952,51280952,1782867749494765,True,True
25038935,0.06859000,808.20000000,51280953,51280953,1782867749519441,True,True
25038936,0.06859000,752.90000000,51280954,51280954,1782867749545132,True,True
25038937,0.06859000,701.30000000,51280955,51280955,1782867749569272,True,True
25038938,0.06859000,653.30000000,51280956,51280956,1782867749594305,True,True
25038939,0.06859000,390.90000000,51280957,51280957,1782867749628915,True,True
25038940,0.06859000,357.70000000,51280958,51280958,1782867749654174,True,True
25038941,0.06859000,557.30000000,51280959,51280959,1782867749703813,True,True
25038942,0.06859000,892.80000000,51280960,51280960,1782867751687675,True,True
25038943,0.06860000,160.30000000,51280961,51280961,1782867777609807,False,True
25038944,0.06860000,102.40000000,51280962,51280962,1782867780516835,True,True
25038945,0.06860000,9780.70000000,51280963,51280964,1782867789802220,False,True
25038946,0.06861000,4832.30000000,51280965,51280970,1782867789802220,False,True
25038947,0.06862000,8210.40000000,51280971,51280976,1782867789802220,False,True
25038948,0.06862000,1000.00000000,51280977,51280977,1782867789803710,True,True
25038949,0.06863000,80.20000000,51280978,51280978,1782867789803952,False,True
25038950,0.06862000,16428.90000000,51280979,51280979,1782867789960166,True,True
25038951,0.06862000,28800.00000000,51280980,51280980,1782867841388991,True,True
25038952,0.06862000,7200.00000000,51280981,51280981,1782867841389929,True,True
25038953,0.06862000,14400.00000000,51280982,51280982,1782867841390462,True,True
25038954,0.06862000,55120.20000000,51280983,51280983,1782867841391822,True,True
25038955,0.06861000,145.70000000,51280984,51280985,1782867841393984,True,True
25038956,0.06860000,10479.10000000,51280986,51280989,1782867841439849,True,True
25038957,0.06859000,11547.20000000,51280990,51280990,1782867841439849,True,True
25038958,0.06861000,145.60000000,51280991,51280991,1782867841479186,False,True
25038959,0.06861000,100.00000000,51280992,51280992,1782867841815299,False,True
25038960,0.06859000,7200.00000000,51280993,51280993,1782867855739237,True,True
25038961,0.06859000,18369.50000000,51280994,51280997,1782867855740731,True,True
25038962,0.06858000,73.90000000,51280998,51280998,1782867857632742,True,True
25038963,0.06857000,73.90000000,51280999,51280999,1782867857632742,True,True
25038964,0.06857000,1858.40000000,51281000,51281001,1782867857947641,False,True
25038965,0.06858000,61.90000000,51281002,51281002,1782867857947641,False,True
25038966,0.06856000,146.30000000,51281003,51281004,1782867867018428,True,True
25038967,0.06855000,73.90000000,51281005,51281005,1782867867018428,True,True
25038968,0.06854000,3591.60000000,51281006,51281008,1782867867018428,True,True
25038969,0.06857000,612.60000000,51281009,51281009,1782867868110248,False,True
25038970,0.06855000,290.90000000,51281010,51281010,1782867869919588,True,True
25038971,0.06854000,74.00000000,51281011,51281011,1782867877782536,True,True
25038972,0.06853000,74.00000000,51281012,51281012,1782867906520254,True,True
25038973,0.06852000,74.00000000,51281013,51281013,1782867906520254,True,True
25038974,0.06851000,159.80000000,51281014,51281015,1782867910971968,True,True
25038975,0.06852000,724.00000000,51281016,51281017,1782867914583684,False,True
25038976,0.06850000,131.30000000,51281018,51281019,1782867915534620,True,True
25038977,0.06849000,233.90000000,51281020,51281021,1782867917106895,True,True
25038978,0.06849000,1164.00000000,51281022,51281023,1782867919605671,False,True
25038979,0.06848000,169.80000000,51281024,51281025,1782867921033787,True,True
25038980,0.06848000,6994.90000000,51281026,51281026,1782867921759143,False,True
25038981,0.06848000,1327.00000000,51281027,51281027,1782867924059133,False,True
25038982,0.06848000,908.20000000,51281028,51281028,1782867937204377,False,True
25038983,0.06850000,74.00000000,51281029,51281029,1782867959323611,False,True
25038984,0.06851000,74.00000000,51281030,51281030,1782867961258740,False,True
25038985,0.06852000,74.00000000,51281031,51281031,1782867962517667,False,True
25038986,0.06853000,349.30000000,51281032,51281035,1782867962517667,False,True
25038987,0.06854000,183.50000000,51281036,51281037,1782867967561350,False,True
25038988,0.06855000,183.50000000,51281038,51281039,1782867967561350,False,True
25038989,0.06856000,24.50000000,51281040,51281040,1782867967561350,False,True
25038990,0.06854000,183.50000000,51281041,51281042,1782867973391189,True,True
25038991,0.06854000,729.60000000,51281043,51281045,1782867984237015,True,True
25038992,0.06853000,2506.40000000,51281046,51281049,1782867986229041,True,True
25038993,0.06853000,544.70000000,51281050,51281050,1782867987005464,True,True
25038994,0.06852000,373.30000000,51281051,51281054,1782867987005948,True,True
25038995,0.06851000,183.50000000,51281055,51281056,1782867987009979,True,True
25038996,0.06850000,1461.00000000,51281057,51281059,1782867987054306,True,True
25038997,0.06850000,105.30000000,51281060,51281060,1782867987253949,False,True
25038998,0.06849000,183.50000000,51281061,51281062,1782867989965151,True,True
25038999,0.06848000,183.50000000,51281063,51281064,1782867989986580,True,True
25039000,0.06847000,343.10000000,51281065,51281067,1782867993658353,True,True
25039001,0.06846000,213.50000000,51281068,51281069,1782867997486206,True,True
25039002,0.06846000,153.30000000,51281070,51281070,1782867997692346,False,True
25039003,0.06845000,223.50000000,51281071,51281072,1782868023684744,True,True
25039004,0.06845000,2878.80000000,51281073,51281075,1782868024175334,False,True
25039005,0.06846000,183.70000000,51281076,51281077,1782868024175334,False,True
25039006,0.06847000,492.70000000,51281078,51281079,1782868024175334,False,True
25039007,0.06846000,74.10000000,51281080,51281080,1782868036722427,False,True
25039008,0.06847000,71.90000000,51281081,51281081,1782868036722427,False,True
25039009,0.06847000,2.20000000,51281082,51281082,1782868036723711,False,True
25039010,0.06848000,74.10000000,51281083,51281083,1782868054156334,False,True
25039011,0.06849000,74.10000000,51281084,51281084,1782868060346545,False,True
25039012,0.06850000,74.00000000,51281085,51281085,1782868060734700,False,True
25039013,0.06851000,562.80000000,51281086,51281087,1782868060826040,False,True
25039014,0.06851000,145.00000000,51281088,51281088,1782868061174474,True,True
25039015,0.06852000,74.00000000,51281089,51281089,1782868062487896,False,True
25039016,0.06853000,74.00000000,51281090,51281090,1782868062487896,False,True
25039017,0.06854000,25.70000000,51281091,51281091,1782868062487896,False,True
25039018,0.06852000,74.00000000,51281092,51281092,1782868066653957,True,True
25039019,0.06851000,74.00000000,51281093,51281093,1782868082709372,True,True
25039020,0.06851000,145.90000000,51281094,51281094,1782868087380623,False,True
25039021,0.06851000,146.20000000,51281095,51281095,1782868088307778,False,True
25039022,0.06850000,74.00000000,51281096,51281096,1782868103050409,True,True
25039023,0.06849000,74.00000000,51281097,51281097,1782868103050409,True,True
25039024,0.06848000,6044.40000000,51281098,51281101,1782868103050409,True,True
25039025,0.06847000,1803.60000000,51281102,51281104,1782868113973803,True,True
25039026,0.06846000,439.40000000,51281105,51281105,1782868113973803,True,True
25039027,0.06847000,6406.80000000,51281106,51281106,1782868114278720,False,True
25039028,0.06847000,890.20000000,51281107,51281107,1782868114349281,False,True
25039029,0.06847000,4005.70000000,51281108,51281108,1782868114418781,False,True
25039030,0.06847000,7905.90000000,51281109,51281109,1782868114422293,False,True
25039031,0.06846000,74.00000000,51281110,51281110,1782868129994247,True,True
25039032,0.06845000,183.70000000,51281111,51281112,1782868129994247,True,True
25039033,0.06844000,5645.50000000,51281113,51281116,1782868129994247,True,True
25039034,0.06843000,316.80000000,51281117,51281119,1782868132405121,True,True
25039035,0.06842000,124.20000000,51281120,51281121,1782868146616555,True,True
25039036,0.06843000,104.40000000,51281122,51281122,1782868152560283,True,True
25039037,0.06844000,74.10000000,51281123,51281123,1782868166489065,False,True
25039038,0.06845000,74.10000000,51281124,51281124,1782868166489065,False,True
25039039,0.06845000,165.40000000,51281125,51281126,1782868177794017,True,True
25039040,0.06846000,74.10000000,51281127,51281127,1782868180032491,False,True
25039041,0.06847000,6.70000000,51281128,51281128,1782868180032491,False,True
25039042,0.06845000,183.70000000,51281129,51281130,1782868207792912,True,True
25039043,0.06844000,183.70000000,51281131,51281132,1782868213058523,True,True
25039044,0.06843000,263.50000000,51281133,51281135,1782868214810851,True,True
25039045,0.06842000,133.50000000,51281136,51281137,1782868215184420,True,True
25039046,0.06841000,183.60000000,51281138,51281139,1782868215807303,True,True
25039047,0.06840000,1455.60000000,51281140,51281142,1782868215830180,True,True
25039048,0.06839000,287.80000000,51281143,51281144,1782868217154195,True,True
25039049,0.06839000,131.70000000,51281145,51281145,1782868217224419,False,True
25039050,0.06838000,74.10000000,51281146,51281146,1782868217356897,True,True
25039051,0.06837000,476.20000000,51281147,51281151,1782868217356897,True,True
25039052,0.06836000,74.20000000,51281152,51281152,1782868217359822,True,True
25039053,0.06835000,30.20000000,51281153,51281153,1782868217359822,True,True
25039054,0.06835000,44.00000000,51281154,51281154,1782868217581014,True,True
25039055,0.06834000,74.20000000,51281155,51281155,1782868217581556,True,True
25039056,0.06834000,1766.50000000,51281156,51281157,1782868217970254,False,True
25039057,0.06835000,1804.00000000,51281158,51281160,1782868217970254,False,True
25039058,0.06836000,1736.90000000,51281161,51281162,1782868217970254,False,True
25039059,0.06836000,1697.10000000,51281163,51281166,1782868218154901,False,True
25039060,0.06837000,1091.20000000,51281167,51281167,1782868218154901,False,True
25039061,0.06836000,529.50000000,51281168,51281168,1782868219548283,False,True
25039062,0.06836000,184.00000000,51281169,51281170,1782868223877619,False,True
25039063,0.06837000,712.80000000,51281171,51281173,1782868223877619,False,True
25039064,0.06838000,914.70000000,51281174,51281174,1782868223877619,False,True
25039065,0.06836000,356.30000000,51281175,51281176,1782868224290813,True,True
25039066,0.06835000,183.80000000,51281177,51281178,1782868227908309,True,True
25039067,0.06834000,365.50000000,51281179,51281180,1782868227914371,True,True
25039068,0.06833000,250.40000000,51281181,51281182,1782868235236990,True,True
25039069,0.06832000,74.20000000,51281183,51281183,1782868235247965,True,True
25039070,0.06831000,2559.50000000,51281184,51281186,1782868235916318,True,True
25039071,0.06830000,1803.90000000,51281187,51281189,1782868235916318,True,True
25039072,0.06829000,8602.90000000,51281190,51281194,1782868235916318,True,True
25039073,0.06828000,2860.50000000,51281195,51281199,1782868235916318,True,True
25039074,0.06831000,523.50000000,51281200,51281200,1782868236101992,False,True
25039075,0.06831000,908.40000000,51281201,51281201,1782868236369784,False,True
25039076,0.06831000,1780.40000000,51281202,51281205,1782868237752462,False,True
25039077,0.06829000,282.00000000,51281206,51281207,1782868238769300,True,True
25039078,0.06829000,1971.00000000,51281208,51281209,1782868238769334,True,True
25039079,0.06828000,184.10000000,51281210,51281211,1782868238769372,True,True
25039080,0.06827000,97.90000000,51281212,51281213,1782868238769372,True,True
25039081,0.06827000,282.00000000,51281214,51281214,1782868238769437,True,True
25039082,0.06827000,282.00000000,51281215,51281215,1782868238769524,True,True
25039083,0.06827000,282.00000000,51281216,51281216,1782868238769558,True,True
25039084,0.06827000,1947.60000000,51281217,51281219,1782868239355434,False,True
25039085,0.06828000,636.80000000,51281220,51281220,1782868239355434,False,True
25039086,0.06828000,1762.70000000,51281221,51281226,1782868242473412,False,True
25039087,0.06829000,1514.20000000,51281227,51281228,1782868245005775,False,True
25039088,0.06829000,996.30000000,51281229,51281229,1782868250628557,True,True
25039089,0.06828000,74.20000000,51281230,51281230,1782868252055867,True,True
25039090,0.06827000,74.30000000,51281231,51281231,1782868252055867,True,True
25039091,0.06826000,180.60000000,51281232,51281233,1782868252061205,True,True
25039092,0.06825000,184.20000000,51281234,51281235,1782868253475442,True,True
25039093,0.06825000,2504.00000000,51281236,51281238,1782868254184192,False,True
25039094,0.06824000,269.50000000,51281239,51281240,1782868257197102,True,True
25039095,0.06823000,74.30000000,51281241,51281241,1782868258955531,True,True
25039096,0.06822000,74.30000000,51281242,51281242,1782868258955531,True,True
25039097,0.06821000,1017.50000000,51281243,51281244,1782868258955531,True,True
25039098,0.06823000,132.10000000,51281245,51281245,1782868259040008,False,True
25039099,0.06822000,1763.60000000,51281246,51281246,1782868260066755,False,True
25039100,0.06821000,4255.50000000,51281247,51281251,1782868262030934,True,True
25039101,0.06822000,2602.80000000,51281252,51281252,1782868262978320,False,True
25039102,0.06823000,436.60000000,51281253,51281253,1782868262978320,False,True
25039103,0.06823000,74.30000000,51281254,51281254,1782868268783026,False,True
25039104,0.06824000,184.30000000,51281255,51281256,1782868268783026,False,True
25039105,0.06825000,74.30000000,51281257,51281257,1782868269912428,False,True
25039106,0.06826000,150.10000000,51281258,51281259,1782868269921970,False,True
25039107,0.06825000,74.30000000,51281260,51281260,1782868275032349,True,True
25039108,0.06824000,74.30000000,51281261,51281261,1782868275032349,True,True
25039109,0.06825000,74.30000000,51281262,51281262,1782868281121270,False,True
25039110,0.06826000,74.30000000,51281263,51281263,1782868281121270,False,True
25039111,0.06827000,184.20000000,51281264,51281265,1782868299907049,False,True
25039112,0.06826000,1706.20000000,51281266,51281267,1782868304597887,False,True
25039113,0.06828000,74.30000000,51281268,51281268,1782868327831131,False,True
25039114,0.06829000,163.00000000,51281269,51281270,1782868330159420,False,True
25039115,0.06830000,74.30000000,51281271,51281271,1782868330661102,False,True
25039116,0.06831000,74.30000000,51281272,51281272,1782868331490304,False,True
25039117,0.06832000,57.40000000,51281273,51281273,1782868331490304,False,True
25039118,0.06829000,74.20000000,51281274,51281274,1782868342251182,True,True
25039119,0.06828000,74.20000000,51281275,51281275,1782868342251182,True,True
25039120,0.06827000,74.30000000,51281276,51281276,1782868343490651,True,True
25039121,0.06826000,154.90000000,51281277,51281278,1782868343490651,True,True
25039122,0.06825000,80.60000000,51281279,51281280,1782868343492227,True,True
25039123,0.06825000,1635.80000000,51281281,51281282,1782868345387839,False,True
25039124,0.06824000,74.30000000,51281283,51281283,1782868356094364,True,True
25039125,0.06823000,74.30000000,51281284,51281284,1782868356094364,True,True
25039126,0.06823000,744.10000000,51281285,51281285,1782868358683210,False,True
25039127,0.06823000,1764.20000000,51281286,51281287,1782868358910564,False,True
25039128,0.06824000,3298.40000000,51281288,51281289,1782868360429463,False,True
25039129,0.06824000,1724.20000000,51281290,51281292,1782868362050992,False,True
25039130,0.06822000,74.30000000,51281293,51281293,1782868364924052,True,True
25039131,0.06821000,284.00000000,51281294,51281296,1782868364924553,True,True
25039132,0.06820000,1092.80000000,51281297,51281298,1782868364941000,True,True
25039133,0.06820000,14400.00000000,51281299,51281299,1782868364941974,True,True
25039134,0.06820000,6662.60000000,51281300,51281300,1782868364945335,True,True
25039135,0.06819000,74.30000000,51281301,51281301,1782868365050773,True,True
25039136,0.06818000,231.00000000,51281302,51281303,1782868365050773,True,True
25039137,0.06817000,73.60000000,51281304,51281304,1782868365054667,True,True
25039138,0.06816000,1693.60000000,51281305,51281306,1782868365067946,True,True
25039139,0.06816000,9369.00000000,51281307,51281307,1782868365073902,True,True
25039140,0.06815000,154.30000000,51281308,51281309,1782868365073902,True,True
25039141,0.06814000,73.60000000,51281310,51281310,1782868365131850,True,True
25039142,0.06813000,87.70000000,51281311,51281311,1782868365131850,True,True
25039143,0.06815000,132.10000000,51281312,51281312,1782868365199199,False,True
25039144,0.06814000,3566.00000000,51281313,51281313,1782868365232579,False,True
25039145,0.06815000,214.90000000,51281314,51281316,1782868365232579,False,True
25039146,0.06815000,1000.00000000,51281317,51281317,1782868365290298,True,True
25039147,0.06815000,2231.70000000,51281318,51281318,1782868365291469,True,True
25039148,0.06815000,3976.40000000,51281319,51281319,1782868365298590,True,True
25039149,0.06813000,367.20000000,51281320,51281322,1782868365298590,True,True
25039150,0.06814000,74.40000000,51281323,51281323,1782868365425838,True,True
25039151,0.06813000,74.40000000,51281324,51281324,1782868365429454,True,True
25039152,0.06812000,2275.50000000,51281325,51281326,1782868365433057,True,True
25039153,0.06811000,1066.00000000,51281327,51281329,1782868365495935,True,True
25039154,0.06811000,258.00000000,51281330,51281330,1782868365496329,True,True
25039155,0.06811000,734.90000000,51281331,51281331,1782868365545964,True,True
25039156,0.06810000,25.10000000,51281332,51281332,1782868365545964,True,True
25039157,0.06810000,125.00000000,51281333,51281334,1782868365548382,True,True
25039158,0.06810000,92.00000000,51281335,51281336,1782868365549264,True,True
25039159,0.06810000,7200.00000000,51281337,51281339,1782868365623865,True,True
25039160,0.06810000,7200.00000000,51281340,51281340,1782868365624320,True,True
25039161,0.06810000,5967.60000000,51281341,51281341,1782868365625180,True,True
25039162,0.06809000,73.60000000,51281342,51281342,1782868365661089,True,True
25039163,0.06808000,73.70000000,51281343,51281343,1782868365661089,True,True
25039164,0.06807000,234.30000000,51281344,51281346,1782868365661089,True,True
25039165,0.06806000,73.70000000,51281347,51281347,1782868365720788,True,True
25039166,0.06805000,73.70000000,51281348,51281348,1782868365720788,True,True
25039167,0.06804000,147.70000000,51281349,51281350,1782868365722253,True,True
25039168,0.06803000,73.70000000,51281351,51281351,1782868365722253,True,True
25039169,0.06802000,73.70000000,51281352,51281352,1782868365722253,True,True
25039170,0.06801000,1248.70000000,51281353,51281356,1782868365722253,True,True
25039171,0.06802000,74.50000000,51281357,51281357,1782868365930883,True,True
25039172,0.06801000,74.50000000,51281358,51281358,1782868365930883,True,True
25039173,0.06800000,7200.00000000,51281359,51281365,1782868365941156,True,True
25039174,0.06800000,27907.80000000,51281366,51281385,1782868365941156,True,True
25039175,0.06800000,144.10000000,51281386,51281386,1782868365941156,True,True
25039176,0.06800000,21600.00000000,51281387,51281391,1782868365941467,True,True
25039177,0.06800000,8136.00000000,51281392,51281392,1782868365941809,True,True
25039178,0.06800000,14400.00000000,51281393,51281393,1782868365941856,True,True
25039179,0.06800000,7200.00000000,51281394,51281394,1782868365943613,True,True
25039180,0.06800000,7200.00000000,51281395,51281395,1782868365943813,True,True
25039181,0.06800000,7200.00000000,51281396,51281396,1782868365944421,True,True
25039182,0.06800000,7200.00000000,51281397,51281397,1782868365944832,True,True
25039183,0.06800000,14400.00000000,51281398,51281398,1782868365948036,True,True
25039184,0.06800000,11031.00000000,51281399,51281399,1782868365989839,True,True
25039185,0.06800000,1511.60000000,51281400,51281400,1782868365990959,True,True
25039186,0.06800000,1575.60000000,51281401,51281401,1782868365991653,True,True
25039187,0.06801000,735.20000000,51281402,51281403,1782868366034197,False,True
25039188,0.06800000,2200.40000000,51281404,51281404,1782868366066849,True,True
25039189,0.06800000,2203.00000000,51281405,51281405,1782868366079638,True,True
25039190,0.06800000,4989.30000000,51281406,51281406,1782868366087429,True,True
25039191,0.06800000,1000.00000000,51281407,51281407,1782868366088610,True,True
25039192,0.06800000,932.10000000,51281408,51281408,1782868366107045,True,True
25039193,0.06800000,868.80000000,51281409,51281409,1782868366117095,True,True
25039194,0.06800000,1042.00000000,51281410,51281410,1782868366120470,True,True
25039195,0.06800000,3445.00000000,51281411,51281411,1782868366120602,True,True
25039196,0.06800000,809.80000000,51281412,51281412,1782868366128301,True,True
25039197,0.06800000,754.80000000,51281413,51281413,1782868366139903,True,True
25039198,0.06800000,703.50000000,51281414,51281414,1782868366149742,True,True
25039199,0.06800000,966.00000000,51281415,51281415,1782868366150506,True,True
25039200,0.06800000,1972.40000000,51281416,51281416,1782868366158231,True,True
25039201,0.06800000,655.80000000,51281417,51281417,1782868366162827,True,True
25039202,0.06800000,3372.20000000,51281418,51281418,1782868366167975,True,True
25039203,0.06800000,2317.70000000,51281419,51281419,1782868366169502,True,True
25039204,0.06800000,611.30000000,51281420,51281420,1782868366173194,True,True
25039205,0.06800000,2019.00000000,51281421,51281421,1782868366186017,True,True
25039206,0.06800000,428.20000000,51281422,51281422,1782868366186179,True,True
25039207,0.06800000,244.00000000,51281423,51281423,1782868366197143,True,True
25039208,0.06801000,368.10000000,51281424,51281424,1782868366272697,False,True
25039209,0.06800000,10312.00000000,51281425,51281425,1782868366579312,True,True
25039210,0.06800000,719.00000000,51281426,51281426,1782868366579581,True,True
25039211,0.06800000,2181.00000000,51281427,51281427,1782868366580160,True,True
25039212,0.06800000,2303.00000000,51281428,51281428,1782868366580364,True,True
25039213,0.06800000,9887.00000000,51281429,51281429,1782868366580505,True,True
25039214,0.06800000,4429.00000000,51281430,51281430,1782868366580541,True,True
25039215,0.06800000,6610.30000000,51281431,51281432,1782868366580721,True,True
25039216,0.06800000,12376.10000000,51281433,51281433,1782868366580728,True,True
25039217,0.06800000,2591.00000000,51281434,51281434,1782868366580838,True,True
25039218,0.06800000,3151.50000000,51281435,51281435,1782868366580930,True,True
25039219,0.06800000,10095.00000000,51281436,51281440,1782868366580940,True,True
25039220,0.06800000,30176.30000000,51281441,51281442,1782868366580977,True,True
25039221,0.06799000,73.80000000,51281443,51281443,1782868366581020,True,True
25039222,0.06798000,1693.80000000,51281444,51281445,1782868366581020,True,True
25039223,0.06797000,154.70000000,51281446,51281447,1782868366581020,True,True
25039224,0.06796000,154.10000000,51281448,51281449,1782868366581020,True,True
25039225,0.06795000,1693.80000000,51281450,51281451,1782868366581020,True,True
25039226,0.06794000,1693.80000000,51281452,51281453,1782868366581020,True,True
25039227,0.06793000,3505.50000000,51281454,51281456,1782868366581020,True,True
25039228,0.06793000,5721.80000000,51281457,51281457,1782868366581117,True,True
25039229,0.06793000,2980.60000000,51281458,51281458,1782868366581128,True,True
25039230,0.06793000,474.90000000,51281459,51281459,1782868366581144,True,True
25039231,0.06792000,1693.80000000,51281460,51281461,1782868366581144,True,True
25039232,0.06791000,860.30000000,51281462,51281463,1782868366581144,True,True
25039233,0.06791000,833.50000000,51281464,51281464,1782868366581154,True,True
25039234,0.06790000,80.90000000,51281465,51281466,1782868366583039,True,True
25039235,0.06794000,28777.10000000,51281467,51281467,1782868366583503,False,True
25039236,0.06795000,1412.20000000,51281468,51281468,1782868366593306,True,True
25039237,0.06795000,1412.20000000,51281469,51281469,1782868366593334,True,True
25039238,0.06795000,1294.80000000,51281470,51281470,1782868366593369,True,True
25039239,0.06795000,1412.20000000,51281471,51281471,1782868366593637,True,True
25039240,0.06795000,1193.80000000,51281472,51281472,1782868366593643,True,True
25039241,0.06794000,4815.70000000,51281473,51281478,1782868366632413,False,True
25039242,0.06794000,1187.20000000,51281479,51281479,1782868366656416,True,True
25039243,0.06794000,949.80000000,51281480,51281480,1782868366656689,True,True
25039244,0.06794000,4730.00000000,51281481,51281481,1782868366657731,True,True
25039245,0.06794000,11211.60000000,51281482,51281482,1782868366660027,True,True
25039246,0.06793000,74.60000000,51281483,51281483,1782868366693122,True,True
25039247,0.06792000,621.20000000,51281484,51281485,1782868366702368,True,True
25039248,0.06792000,1620.00000000,51281486,51281486,1782868366710886,True,True
25039249,0.06792000,389.00000000,51281487,51281488,1782868366737322,False,True
25039250,0.06791000,212.00000000,51281489,51281490,1782868366837891,True,True
25039251,0.06791000,362.00000000,51281491,51281492,1782868366842570,True,True
25039252,0.06791000,264.00000000,51281493,51281493,1782868366843951,True,True
25039253,0.06791000,219.00000000,51281494,51281494,1782868366849175,True,True
25039254,0.06791000,186.00000000,51281495,51281495,1782868366849724,True,True
25039255,0.06791000,186.00000000,51281496,51281497,1782868366853323,True,True
25039256,0.06791000,186.00000000,51281498,51281498,1782868366853412,True,True
25039257,0.06791000,186.00000000,51281499,51281499,1782868366853510,True,True
25039258,0.06791000,135.00000000,51281500,51281500,1782868366867364,True,True
25039259,0.06791000,112.00000000,51281501,51281501,1782868366867695,True,True
25039260,0.06791000,135.00000000,51281502,51281502,1782868366867700,True,True
25039261,0.06791000,112.00000000,51281503,51281503,1782868366867801,True,True
25039262,0.06791000,25.50000000,51281504,51281504,1782868366867862,True,True
25039263,0.06790000,74.60000000,51281505,51281505,1782868366867862,True,True
25039264,0.06789000,11.90000000,51281506,51281506,1782868366867862,True,True
25039265,0.06790000,147.00000000,51281507,51281507,1782868366902166,False,True
25039266,0.06792000,553.50000000,51281508,51281509,1782868366983128,False,True
25039267,0.06792000,227.00000000,51281510,51281511,1782868367118948,True,True
25039268,0.06791000,244.00000000,51281512,51281512,1782868367119065,True,True
25039269,0.06791000,227.00000000,51281513,51281513,1782868367119241,True,True
25039270,0.06791000,227.00000000,51281514,51281514,1782868367120676,True,True
25039271,0.06791000,976.60000000,51281515,51281516,1782868367133735,True,True
25039272,0.06790000,497.40000000,51281517,51281517,1782868367133735,True,True
25039273,0.06790000,235.00000000,51281518,51281518,1782868367142651,True,True
25039274,0.06790000,235.00000000,51281519,51281519,1782868367142703,True,True
25039275,0.06790000,235.00000000,51281520,51281520,1782868367142741,True,True
25039276,0.06790000,235.00000000,51281521,51281521,1782868367143083,True,True
25039277,0.06790000,230.20000000,51281522,51281523,1782868367210904,True,True
25039278,0.06789000,247.80000000,51281524,51281526,1782868367210904,True,True
25039279,0.06788000,478.00000000,51281527,51281528,1782868367210927,True,True
25039280,0.06788000,478.00000000,51281529,51281529,1782868367211239,True,True
25039281,0.06788000,478.00000000,51281530,51281530,1782868367211281,True,True
25039282,0.06788000,259.90000000,51281531,51281531,1782868367211569,True,True
25039283,0.06787000,218.10000000,51281532,51281533,1782868367211569,True,True
25039284,0.06788000,181.00000000,51281534,51281534,1782868367223982,False,True
25039285,0.06787000,199.00000000,51281535,51281535,1782868367320227,True,True
25039286,0.06787000,199.00000000,51281536,51281536,1782868367320304,True,True
25039287,0.06787000,199.00000000,51281537,51281537,1782868367320310,True,True
25039288,0.06787000,199.00000000,51281538,51281538,1782868367320976,True,True
25039289,0.06788000,209.70000000,51281539,51281539,1782868367334701,False,True
25039290,0.06787000,2510.60000000,51281540,51281543,1782868367341391,True,True
25039291,0.06786000,126.00000000,51281544,51281544,1782868367341604,True,True
25039292,0.06786000,126.00000000,51281545,51281545,1782868367342829,True,True
25039293,0.06786000,8469.50000000,51281546,51281549,1782868367345026,True,True
25039294,0.06785000,1500.80000000,51281550,51281552,1782868367469320,True,True
25039295,0.06785000,401.70000000,51281553,51281553,1782868367469320,True,True
25039296,0.06784000,218.90000000,51281554,51281555,1782868367469320,True,True
25039297,0.06783000,1913.80000000,51281556,51281559,1782868367469320,True,True
25039298,0.06782000,1885.30000000,51281560,51281563,1782868367469320,True,True
25039299,0.06781000,1080.30000000,51281564,51281565,1782868367469320,True,True
25039300,0.06781000,81.10000000,51281566,51281566,1782868367472728,True,True
25039301,0.06781000,147.00000000,51281567,51281567,1782868367544376,True,True
25039302,0.06783000,265.30000000,51281568,51281569,1782868367727678,False,True
25039303,0.06783000,5000.00000000,51281570,51281570,1782868367803754,False,True
25039304,0.06783000,1633.30000000,51281571,51281571,1782868367804277,False,True
25039305,0.06783000,3627.40000000,51281572,51281572,1782868367804349,False,True
25039306,0.06785000,981.40000000,51281573,51281575,1782868367886332,False,True
25039307,0.06786000,110.60000000,51281576,51281576,1782868367889057,False,True
25039308,0.06787000,74.70000000,51281577,51281577,1782868368000759,False,True
