171432576,6.89000000,0.99000000,262215331,262215331,1782864030775059,True,True
171432577,6.89000000,1.44000000,262215332,262215332,1782864060780514,True,True
171432578,6.89000000,17.75000000,262215333,262215338,1782864089615720,True,True
171432579,6.88000000,1.29000000,262215339,262215339,1782864100774253,True,True
171432580,6.88000000,1.14000000,262215340,262215340,1782864135779738,True,True
171432581,6.89000000,16.33000000,262215341,262215348,1782864144013842,False,True
171432582,6.88000000,0.94000000,262215349,262215349,1782864230781347,True,True
171432583,6.89000000,9.37000000,262215350,262215359,1782864251431859,False,True
171432584,6.89000000,1.34000000,262215360,262215360,1782864310788489,True,True
171432585,6.90000000,30.70000000,262215361,262215371,1782864310927361,False,True
171432586,6.90000000,2.31000000,262215372,262215374,1782864310928919,False,True
171432587,6.90000000,31.37000000,262215375,262215375,1782864311770857,True,True
171432588,6.90000000,175.85000000,262215376,262215384,1782864316794230,True,True
171432589,6.90000000,0.77000000,262215385,262215385,1782864316795393,True,True
171432590,6.90000000,23.20000000,262215386,262215387,1782864370142919,False,True
171432591,6.89000000,112.30000000,262215388,262215395,1782864379817054,True,True
171432592,6.88000000,34.13000000,262215396,262215396,1782864382603635,True,True
171432593,6.88000000,12.13000000,262215397,262215397,1782864382618021,True,True
171432594,6.88000000,13.11000000,262215398,262215398,1782864382618756,True,True
171432595,6.88000000,6.57000000,262215399,262215399,1782864382618879,True,True
171432596,6.88000000,13.11000000,262215400,262215400,1782864382652937,True,True
171432597,6.88000000,23.84000000,262215401,262215404,1782864382670091,True,True
171432598,6.88000000,42.20000000,262215405,262215413,1782864382692728,True,True
171432599,6.88000000,0.77000000,262215414,262215414,1782864382693863,True,True
171432600,6.88000000,179.56000000,262215415,262215424,1782864390699143,False,True
171432601,6.88000000,522.86000000,262215425,262215439,1782864390699197,False,True
171432602,6.88000000,56.97000000,262215440,262215442,1782864390700474,True,True
171432603,6.88000000,64.28000000,262215443,262215444,1782864390700920,True,True
171432604,6.88000000,495.49000000,262215445,262215453,1782864390716531,True,True
171432605,6.88000000,4.68000000,262215454,262215459,1782864391214220,False,True
171432606,6.88000000,93.86000000,262215460,262215461,1782864400802068,True,True
171432607,6.88000000,230.00000000,262215462,262215465,1782864400803312,True,True
171432608,6.88000000,145.28000000,262215466,262215468,1782864400803330,True,True
171432609,6.88000000,105.96000000,262215469,262215472,1782864400804944,True,True
171432610,6.88000000,49.19000000,262215473,262215474,1782864400806821,False,True
171432611,6.88000000,1.56000000,262215475,262215476,1782864428327142,False,True
171432612,6.88000000,1.57000000,262215477,262215478,1782864428339366,False,True
171432613,6.88000000,46.87000000,262215479,262215481,1782864428349800,False,True
171432614,6.88000000,18.73000000,262215482,262215484,1782864428550170,False,True
171432615,6.88000000,36.18000000,262215485,262215487,1782864428813200,False,True
171432616,6.88000000,1.58000000,262215488,262215489,1782864428827064,False,True
171432617,6.88000000,38.11000000,262215490,262215490,1782864430167256,False,True
171432618,6.88000000,1.58000000,262215491,262215492,1782864430177231,False,True
171432619,6.88000000,1.58000000,262215493,262215494,1782864430206823,False,True
171432620,6.88000000,37.25000000,262215495,262215497,1782864430460585,False,True
171432621,6.88000000,1.58000000,262215498,262215499,1782864430477412,False,True
171432622,6.88000000,24.21000000,262215500,262215502,1782864430633925,False,True
171432623,6.88000000,6.22000000,262215503,262215503,1782864430652686,False,True
171432624,6.88000000,4.77000000,262215504,262215504,1782864430684991,False,True
171432625,6.88000000,1.60000000,262215505,262215505,1782864430708102,False,True
171432626,6.88000000,3.31000000,262215506,262215506,1782864430732569,False,True
171432627,6.88000000,14.80000000,262215507,262215509,1782864431013097,False,True
171432628,6.88000000,69.63000000,262215510,262215515,1782864469377756,False,True
171432629,6.88000000,125.83000000,262215516,262215516,1782864536172762,True,True
171432630,6.88000000,230.00000000,262215517,262215517,1782864536174390,True,True
171432631,6.88000000,124.04000000,262215518,262215518,1782864536174522,True,True
171432632,6.88000000,230.00000000,262215519,262215519,1782864536175975,True,True
171432633,6.88000000,178.00000000,262215520,262215524,1782864536177110,True,True
171432634,6.88000000,3.44000000,262215525,262215525,1782864536194936,True,True
171432635,6.88000000,8.15000000,262215526,262215526,1782864536210533,True,True
171432636,6.88000000,21.84000000,262215527,262215527,1782864536399808,True,True
171432637,6.88000000,18.57000000,262215528,262215529,1782864536644630,True,True
171432638,6.88000000,15.78000000,262215530,262215532,1782864537209089,True,True
171432639,6.89000000,60.00000000,262215533,262215534,1782864537437097,False,True
171432640,6.88000000,15.61000000,262215535,262215535,1782864537657662,True,True
171432641,6.88000000,14.95000000,262215536,262215536,1782864537952564,True,True
171432642,6.88000000,12.71000000,262215537,262215537,1782864538116795,True,True
171432643,6.88000000,36.42000000,262215538,262215538,1782864539831323,True,True
171432644,6.88000000,35.64000000,262215539,262215543,1782864539832871,True,True
171432645,6.87000000,1.16000000,262215544,262215544,1782864585774130,True,True
171432646,6.87000000,54.82000000,262215545,262215547,1782864586513723,True,True
171432647,6.87000000,50.05000000,262215548,262215555,1782864586516177,True,True
171432648,6.87000000,64.24000000,262215556,262215556,1782864586517960,True,True
171432649,6.87000000,105.02000000,262215557,262215558,1782864586519938,True,True
171432650,6.87000000,27.41000000,262215559,262215559,1782864586520177,True,True
171432651,6.87000000,47.59000000,262215560,262215560,1782864586520254,True,True
171432652,6.87000000,441.92000000,262215561,262215570,1782864586520333,True,True
171432653,6.86000000,4.05000000,262215571,262215573,1782864586520636,True,True
171432654,6.86000000,7.04000000,262215574,262215574,1782864586520636,True,True
171432655,6.86000000,30.60000000,262215575,262215575,1782864586520636,True,True
171432656,6.86000000,75.90000000,262215576,262215578,1782864586710157,True,True
171432657,6.86000000,57.59000000,262215579,262215584,1782864590062198,True,True
171432658,6.87000000,15.76000000,262215585,262215585,1782864595386592,False,True
171432659,6.86000000,68.28000000,262215586,262215593,1782864605597643,True,True
171432660,6.86000000,1.34000000,262215594,262215594,1782864640774064,True,True
171432661,6.86000000,3.84000000,262215595,262215598,1782864646920145,True,True
171432662,6.86000000,1.11000000,262215599,262215600,1782864665780190,True,True
171432663,6.86000000,1.00000000,262215601,262215602,1782864695781493,True,True
171432664,6.86000000,1.15000000,262215603,262215603,1782864725782347,True,True
171432665,6.86000000,1.24000000,262215604,262215604,1782864760774862,True,True
171432666,6.86000000,0.97000000,262215605,262215606,1782864795783349,True,True
171432667,6.86000000,1.35000000,262215607,262215608,1782864825775092,True,True
171432668,6.87000000,93.54000000,262215609,262215619,1782864835444681,False,True
171432669,6.87000000,1.54000000,262215620,262215621,1782864835446518,False,True
171432670,6.88000000,2.36000000,262215622,262215625,1782864887571085,False,True
171432671,6.87000000,1.39000000,262215626,262215626,1782864910788305,True,True
171432672,6.87000000,21.65000000,262215627,262215627,1782864915506181,True,True
171432673,6.87000000,0.96000000,262215628,262215628,1782864955774875,True,True
171432674,6.88000000,37.15000000,262215629,262215636,1782864977982162,False,True
171432675,6.88000000,435.23000000,262215637,262215643,1782864977982277,False,True
171432676,6.88000000,1.31000000,262215644,262215644,1782865055773734,True,True
171432677,6.88000000,1.36000000,262215645,262215645,1782865095773798,True,True
171432678,6.88000000,1.40000000,262215646,262215646,1782865135773947,True,True
171432679,6.88000000,11.81000000,262215647,262215647,1782865155237714,True,True
171432680,6.88000000,13.70000000,262215648,262215648,1782865156477459,True,True
171432681,6.88000000,201.84000000,262215649,262215659,1782865156480267,True,True
171432682,6.88000000,1.56000000,262215660,262215661,1782865156480474,True,True
171432683,6.88000000,143.16000000,262215662,262215667,1782865162239120,False,True
171432684,6.88000000,7.03000000,262215668,262215673,1782865168264442,False,True
171432685,6.88000000,1.67000000,262215674,262215674,1782865211572972,True,True
171432686,6.89000000,46.66000000,262215675,262215675,1782865264571642,False,True
171432687,6.89000000,1.48000000,262215676,262215676,1782865271229084,False,True
171432688,6.89000000,0.88000000,262215677,262215677,1782865271520234,False,True
171432689,6.88000000,1.12000000,262215678,262215678,1782865275779877,True,True
171432690,6.88000000,1.32000000,262215679,262215679,1782865281531786,True,True
171432691,6.88000000,1.22000000,262215680,262215680,1782865310789050,True,True
171432692,6.88000000,190.05000000,262215681,262215690,1782865312611447,True,True
171432693,6.88000000,4.64000000,262215691,262215696,1782865314228483,False,True
171432694,6.88000000,3.90000000,262215697,262215701,1782865314264355,False,True
171432695,6.88000000,36.16000000,262215702,262215704,1782865316494512,True,True
171432696,6.88000000,0.77000000,262215705,262215705,1782865316495068,True,True
171432697,6.87000000,1.20000000,262215706,262215706,1782865339418732,True,True
171432698,6.87000000,1.23000000,262215707,262215707,1782865355774360,True,True
171432699,6.87000000,80.94000000,262215708,262215713,1782865379526692,True,True
171432700,6.87000000,1.03000000,262215714,262215714,1782865385780668,True,True
171432701,6.87000000,1.45000000,262215715,262215715,1782865415774109,True,True
171432702,6.87000000,1.11000000,262215716,262215716,1782865455780859,True,True
171432703,6.88000000,5.33000000,262215717,262215717,1782865479619477,False,True
171432704,6.87000000,5.15000000,262215718,262215720,1782865493828852,True,True
171432705,6.87000000,0.91000000,262215721,262215721,1782865495774351,True,True
171432706,6.87000000,1.29000000,262215722,262215722,1782865525774893,True,True
171432707,6.87000000,13.89000000,262215723,262215724,1782865539927423,True,True
171432708,6.87000000,6.07000000,262215725,262215725,1782865539935081,True,True
171432709,6.87000000,3.04000000,262215726,262215729,1782865539966769,True,True
171432710,6.87000000,167.20000000,262215730,262215741,1782865539997739,True,True
171432711,6.86000000,1.06000000,262215742,262215743,1782865565781202,True,True
171432712,6.86000000,0.99000000,262215744,262215744,1782865605774077,True,True
171432713,6.86000000,1.04000000,262215745,262215745,1782865620779928,True,True
171432714,6.86000000,1.11000000,262215746,262215746,1782865660773880,True,True
171432715,6.86000000,0.92000000,262215747,262215747,1782865685789125,True,True
171432716,6.86000000,27.91000000,262215748,262215748,1782865696810177,True,True
171432717,6.86000000,1.08000000,262215749,262215749,1782865715775057,True,True
171432718,6.87000000,25.76000000,262215750,262215759,1782865730083622,False,True
171432719,6.87000000,1.56000000,262215760,262215762,1782865730085418,False,True
171432720,6.87000000,0.77000000,262215763,262215763,1782865730085453,False,True
171432721,6.87000000,43.40000000,262215764,262215764,1782865732084166,True,True
171432722,6.87000000,43.40000000,262215765,262215766,1782865736679183,True,True
171432723,6.87000000,43.40000000,262215767,262215768,1782865741281445,True,True
171432724,6.87000000,43.40000000,262215769,262215772,1782865745880474,True,True
171432725,6.87000000,43.40000000,262215773,262215773,1782865755105283,True,True
171432726,6.87000000,22.20000000,262215774,262215777,1782865759684552,True,True
171432727,6.86000000,21.20000000,262215778,262215779,1782865759684552,True,True
171432728,6.87000000,69.63000000,262215780,262215785,1782865770038813,False,True
171432729,6.87000000,47.61000000,262215786,262215791,1782865821964500,True,True
171432730,6.87000000,1.52000000,262215792,262215792,1782865829080961,True,True
171432731,6.87000000,14.87000000,262215793,262215795,1782865829377513,True,True
171432732,6.87000000,13.95000000,262215796,262215798,1782865829849407,True,True
171432733,6.87000000,4.12000000,262215799,262215801,1782865838186457,False,True
171432734,6.88000000,40.75000000,262215802,262215810,1782865872516718,False,True
171432735,6.88000000,12.09000000,262215811,262215812,1782865872530942,False,True
171432736,6.88000000,13.25000000,262215813,262215820,1782865872539266,False,True
171432737,6.88000000,3.10000000,262215821,262215824,1782865875155362,True,True
171432738,6.88000000,0.77000000,262215825,262215825,1782865875157433,True,True
171432739,6.88000000,1.55000000,262215826,262215827,1782865875158198,True,True
171432740,6.87000000,1.45000000,262215828,262215829,1782865995782042,True,True
171432741,6.88000000,133.98000000,262215830,262215841,1782866034024108,False,True
171432742,6.89000000,2212.28000000,262215842,262215891,1782866034024108,False,True
171432743,6.88000000,170.88000000,262215892,262215899,1782866138679761,True,True
171432744,6.88000000,36.07000000,262215900,262215906,1782866138683532,True,True
171432745,6.87000000,12.60000000,262215907,262215907,1782866138707766,True,True
171432746,6.87000000,12.81000000,262215908,262215908,1782866138708121,True,True
171432747,6.87000000,12.81000000,262215909,262215909,1782866138714412,True,True
171432748,6.87000000,1.22000000,262215910,262215910,1782866160780062,True,True
171432749,6.87000000,1.23000000,262215911,262215911,1782866185773987,True,True
171432750,6.87000000,1.09000000,262215912,262215912,1782866215773735,True,True
171432751,6.88000000,42.61000000,262215913,262215913,1782866231556757,False,True
171432752,6.88000000,13.89000000,262215914,262215914,1782866231557679,False,True
171432753,6.88000000,21.38000000,262215915,262215920,1782866231557978,False,True
171432754,6.89000000,1.51000000,262215921,262215922,1782866285406109,False,True
171432755,6.88000000,1.08000000,262215923,262215924,1782866285780943,True,True
171432756,6.88000000,1.08000000,262215925,262215926,1782866300918517,True,True
171432757,6.88000000,1.16000000,262215927,262215929,1782866330774742,True,True
171432758,6.88000000,3.58000000,262215930,262215931,1782866335793498,True,True
171432759,6.88000000,46.53000000,262215932,262215936,1782866336301768,True,True
171432760,6.88000000,38.29000000,262215937,262215940,1782866351708920,False,True
171432761,6.88000000,4.35000000,262215941,262215944,1782866351715068,False,True
171432762,6.88000000,2.31000000,262215945,262215947,1782866377083969,True,True
171432763,6.88000000,1.54000000,262215948,262215949,1782866377086108,True,True
171432764,6.88000000,36.85000000,262215950,262215951,1782866380467744,False,True
171432765,6.88000000,1.56000000,262215952,262215953,1782866380478686,False,True
171432766,6.88000000,37.06000000,262215954,262215956,1782866380937573,False,True
171432767,6.88000000,3.19000000,262215957,262215958,1782866380961376,False,True
171432768,6.88000000,45.31000000,262215959,262215966,1782866380962920,False,True
171432769,6.88000000,21.38000000,262215967,262215970,1782866404866814,True,True
171432770,6.88000000,4.34000000,262215971,262215971,1782866404867421,True,True
171432771,6.88000000,1.54000000,262215972,262215973,1782866404869317,True,True
171432772,6.88000000,37.22000000,262215974,262215974,1782866441853164,False,True
171432773,6.88000000,2.76000000,262215975,262215975,1782866441864694,False,True
171432774,6.88000000,2.25000000,262215976,262215976,1782866441880087,False,True
171432775,6.88000000,5.90000000,262215977,262215977,1782866441905464,False,True
171432776,6.88000000,2.98000000,262215978,262215978,1782866441923096,False,True
171432777,6.88000000,2.39000000,262215979,262215979,1782866441939418,False,True
171432778,6.88000000,1.78000000,262215980,262215981,1782866441964670,False,True
171432779,6.88000000,30.61000000,262215982,262215984,1782866444955581,False,True
171432780,6.88000000,36.10000000,262215985,262215986,1782866444956159,False,True
171432781,6.88000000,0.79000000,262215987,262215987,1782866444956197,False,True
171432782,6.88000000,41.30000000,262215988,262215994,1782866447256079,True,True
171432783,6.88000000,13.89000000,262215995,262215995,1782866447261290,True,True
171432784,6.88000000,2.31000000,262215996,262215998,1782866455001532,True,True
171432785,6.88000000,36.33000000,262215999,262215999,1782866472901389,False,True
171432786,6.88000000,285.68000000,262216000,262216010,1782866516789307,False,True
171432787,6.87000000,1.14000000,262216011,262216011,1782866580780029,True,True
171432788,6.87000000,1.22000000,262216012,262216012,1782866615781625,True,True
171432789,6.88000000,53.58000000,262216013,262216023,1782866640150292,False,True
171432790,6.87000000,1.31000000,262216024,262216024,1782866660781043,True,True
171432791,6.88000000,2.00000000,262216025,262216025,1782866692884818,False,True
171432792,6.88000000,38.43000000,262216026,262216028,1782866699130925,False,True
171432793,6.88000000,4.83000000,262216029,262216029,1782866699150286,False,True
171432794,6.88000000,2.91000000,262216030,262216030,1782866699185106,False,True
171432795,6.87000000,1.35000000,262216031,262216031,1782866730780649,True,True
171432796,6.88000000,36.33000000,262216032,262216039,1782866744344601,False,True
171432797,6.88000000,20.00000000,262216040,262216044,1782866755137498,False,True
171432798,6.88000000,10.55000000,262216045,262216045,1782866756691725,False,True
171432799,6.88000000,8.97000000,262216046,262216046,1782866756940030,False,True
171432800,6.88000000,7.62000000,262216047,262216047,1782866757270207,False,True
171432801,6.88000000,87.26000000,262216048,262216054,1782866762903273,False,True
171432802,6.88000000,2.31000000,262216055,262216057,1782866786507738,True,True
171432803,6.88000000,36.85000000,262216058,262216063,1782866808564501,False,True
171432804,6.87000000,1.16000000,262216064,262216064,1782866910773666,True,True
171432805,6.87000000,1.06000000,262216065,262216065,1782866945781286,True,True
171432806,6.87000000,1.23000000,262216066,262216066,1782866980774709,True,True
171432807,6.87000000,24.00000000,262216067,262216071,1782866988189223,True,True
171432808,6.87000000,1.29000000,262216072,262216072,1782867030775818,True,True
171432809,6.87000000,0.91000000,262216073,262216073,1782867060779981,True,True
171432810,6.87000000,1.17000000,262216074,262216074,1782867080783166,True,True
171432811,6.87000000,1.18000000,262216075,262216075,1782867115782310,True,True
171432812,6.87000000,0.98000000,262216076,262216076,1782867150773863,True,True
171432813,6.88000000,39.57000000,262216077,262216087,1782867163867611,False,True
171432814,6.88000000,7.27000000,262216088,262216088,1782867163875958,False,True
171432815,6.88000000,17.81000000,262216089,262216090,1782867163901543,False,True
171432816,6.88000000,13.89000000,262216091,262216091,1782867163912681,False,True
171432817,6.88000000,18.20000000,262216092,262216092,1782867163914726,False,True
171432818,6.88000000,2.66000000,262216093,262216093,1782867164073396,False,True
171432819,6.88000000,1.57000000,262216094,262216094,1782867164090261,False,True
171432820,6.88000000,1.46000000,262216095,262216095,1782867164113160,False,True
171432821,6.88000000,5.17000000,262216096,262216096,1782867164137616,False,True
171432822,6.88000000,19.52000000,262216097,262216103,1782867164139271,False,True
171432823,6.88000000,3.08000000,262216104,262216107,1782867207569245,True,True
171432824,6.88000000,1.54000000,262216108,262216109,1782867211488006,True,True
171432825,6.87000000,1.35000000,262216110,262216110,1782867230782177,True,True
171432826,6.87000000,1.17000000,262216111,262216111,1782867265774585,True,True
171432827,6.87000000,1.11000000,262216112,262216112,1782867305780804,True,True
171432828,6.87000000,1.18000000,262216113,262216113,1782867335781763,True,True
171432829,6.88000000,20.00000000,262216114,262216116,1782867360905450,False,True
171432830,6.87000000,1.39000000,262216117,262216117,1782867370780454,True,True
171432831,6.87000000,1.26000000,262216118,262216118,1782867415774018,True,True
171432832,6.87000000,1.20000000,262216119,262216119,1782867450779946,True,True
171432833,6.87000000,1.18000000,262216120,262216120,1782867490780695,True,True
171432834,6.87000000,1.30000000,262216121,262216121,1782867525774359,True,True
171432835,6.87000000,1.25000000,262216122,262216122,1782867560780205,True,True
171432836,6.87000000,4.22000000,262216123,262216123,1782867589417922,True,True
171432837,6.87000000,7.27000000,262216124,262216124,1782867592151387,True,True
171432838,6.87000000,7.27000000,262216125,262216125,1782867592151474,True,True
171432839,6.87000000,6.61000000,262216126,262216126,1782867592151721,True,True
171432840,6.87000000,6.61000000,262216127,262216127,1782867592151786,True,True
171432841,6.87000000,83.88000000,262216128,262216140,1782867592232223,True,True
171432842,6.87000000,0.77000000,262216141,262216141,1782867592233418,True,True
171432843,6.87000000,45.25000000,262216142,262216142,1782867592235015,False,True
171432844,6.87000000,39.00000000,262216143,262216144,1782867593866624,False,True
171432845,6.87000000,4.16000000,262216145,262216145,1782867593896410,False,True
171432846,6.87000000,3.00000000,262216146,262216146,1782867593926627,False,True
171432847,6.87000000,1.73000000,262216147,262216147,1782867593941741,False,True
171432848,6.87000000,5.06000000,262216148,262216148,1782867593976507,False,True
171432849,6.87000000,3.08000000,262216149,262216149,1782867593997370,False,True
171432850,6.86000000,1.19000000,262216150,262216150,1782867610782811,True,True
171432851,6.87000000,1.60000000,262216151,262216151,1782867614984194,False,True
171432852,6.87000000,43.61000000,262216152,262216152,1782867618938958,False,True
171432853,6.86000000,0.94000000,262216153,262216153,1782867635790064,True,True
171432854,6.86000000,1.32000000,262216154,262216154,1782867680790762,True,True
171432855,6.86000000,1.02000000,262216155,262216155,1782867720780693,True,True
171432856,6.87000000,178.00000000,262216156,262216167,1782867721998371,False,True
171432857,6.86000000,225.97000000,262216168,262216179,1782867752621642,True,True
171432858,6.86000000,5.00000000,262216180,262216180,1782867752622948,True,True
171432859,6.86000000,156.20000000,262216181,262216192,1782867752623080,True,True
171432860,6.86000000,45.95000000,262216193,262216194,1782867752624887,False,True
171432861,6.86000000,13.89000000,262216195,262216198,1782867772457130,False,True
171432862,6.86000000,13.89000000,262216199,262216199,1782867772462697,False,True
171432863,6.86000000,0.77000000,262216200,262216200,1782867772462931,False,True
171432864,6.86000000,8.87000000,262216201,262216208,1782867772465421,False,True
171432865,6.86000000,45.18000000,262216209,262216213,1782867843108697,True,True
171432866,6.86000000,1.54000000,262216214,262216215,1782867847535176,True,True
171432867,6.86000000,5.83000000,262216216,262216219,1782867855309639,False,True
171432868,6.85000000,1.20000000,262216220,262216221,1782867860781534,True,True
171432869,6.86000000,0.88000000,262216222,262216222,1782867860802028,False,True
171432870,6.85000000,1.08000000,262216223,262216223,1782867890782381,True,True
171432871,6.85000000,24.56000000,262216224,262216227,1782867900308100,True,True
171432872,6.85000000,1.13000000,262216228,262216228,1782867920780906,True,True
171432873,6.85000000,1.03000000,262216229,262216229,1782867955774374,True,True
171432874,6.85000000,1.23000000,262216230,262216230,1782867990773721,True,True
171432875,6.85000000,5.82000000,262216231,262216231,1782868004245330,True,True
171432876,6.85000000,1.26000000,262216232,262216232,1782868025780402,True,True
171432877,6.85000000,1.07000000,262216233,262216233,1782868037734985,True,True
171432878,6.86000000,1166.09000000,262216234,262216267,1782868045693161,False,True
171432879,6.86000000,576.43000000,262216268,262216282,1782868049439478,False,True
171432880,6.86000000,70.32000000,262216283,262216290,1782868053156092,False,True
171432881,6.86000000,12.15000000,262216291,262216291,1782868053159329,True,True
171432882,6.86000000,147.96000000,262216292,262216296,1782868054284065,True,True
171432883,6.86000000,6.42000000,262216297,262216298,1782868054285118,True,True
171432884,6.86000000,73.40000000,262216299,262216310,1782868056352438,False,True
171432885,6.87000000,505.68000000,262216311,262216327,1782868059673128,False,True
171432886,6.86000000,7.29000000,262216328,262216330,1782868074498218,True,True
171432887,6.86000000,12.84000000,262216331,262216334,1782868074498282,True,True
171432888,6.86000000,13.70000000,262216335,262216335,1782868074499575,True,True
171432889,6.86000000,7.29000000,262216336,262216336,1782868074499827,True,True
171432890,6.86000000,12.83000000,262216337,262216337,1782868074500111,True,True
171432891,6.86000000,5.76000000,262216338,262216340,1782868074501861,True,True
171432892,6.86000000,32.14000000,262216341,262216344,1782868081111370,False,True
171432893,6.86000000,1.54000000,262216345,262216346,1782868081120024,False,True
171432894,6.86000000,2.31000000,262216347,262216349,1782868082331472,True,True
171432895,6.86000000,0.81000000,262216350,262216351,1782868110534852,False,True
171432896,6.86000000,30.38000000,262216352,262216353,1782868162094390,False,True
171432897,6.85000000,1.15000000,262216354,262216354,1782868205780846,True,True
171432898,6.85000000,12.86000000,262216355,262216355,1782868224466588,True,True
171432899,6.85000000,12.86000000,262216356,262216356,1782868224466754,True,True
171432900,6.85000000,12.39000000,262216357,262216357,1782868224466765,True,True
171432901,6.85000000,161.87000000,262216358,262216372,1782868224468351,True,True
171432902,6.84000000,6.33000000,262216373,262216374,1782868224471700,True,True
171432903,6.84000000,2.45000000,262216375,262216375,1782868224471700,True,True
171432904,6.85000000,7.29000000,262216376,262216376,1782868224730081,False,True
171432905,6.85000000,15.39000000,262216377,262216380,1782868230370304,False,True
171432906,6.84000000,199.53000000,262216381,262216393,1782868239021228,True,True
171432907,6.84000000,17.13000000,262216394,262216397,1782868239022678,True,True
171432908,6.84000000,2.33000000,262216398,262216400,1782868239100630,True,True
171432909,6.83000000,1.88000000,262216401,262216402,1782868239135397,True,True
171432910,6.83000000,1.09000000,262216403,262216404,1782868240783154,True,True
171432911,6.84000000,111.63000000,262216405,262216415,1782868242092749,False,True
171432912,6.84000000,1.54000000,262216416,262216417,1782868242094209,False,True
171432913,6.84000000,60.61000000,262216418,262216423,1782868242566969,True,True
171432914,6.84000000,36.11000000,262216424,262216428,1782868242750649,True,True
171432915,6.84000000,0.79000000,262216429,262216429,1782868242751922,True,True
171432916,6.84000000,11.56000000,262216430,262216434,1782868243904773,False,True
171432917,6.84000000,4.75000000,262216435,262216440,1782868243923733,False,True
171432918,6.85000000,58.23000000,262216441,262216444,1782868243923733,False,True
171432919,6.85000000,51.42000000,262216445,262216447,1782868243924567,False,True
171432920,6.85000000,62.98000000,262216448,262216450,1782868243925876,False,True
171432921,6.84000000,5.90000000,262216451,262216453,1782868244780882,True,True
171432922,6.84000000,48.93000000,262216454,262216456,1782868244952938,True,True
171432923,6.84000000,5.60000000,262216457,262216461,1782868246689942,False,True
171432924,6.84000000,51.31000000,262216462,262216465,1782868246838372,True,True
171432925,6.84000000,1.54000000,262216466,262216467,1782868247076809,True,True
171432926,6.84000000,4.08000000,262216468,262216468,1782868247231977,False,True
171432927,6.83000000,43.84000000,262216469,262216486,1782868259735022,True,True
171432928,6.83000000,2.33000000,262216487,262216489,1782868259736390,True,True
171432929,6.82000000,1.60000000,262216490,262216491,1782868259773592,True,True
171432930,6.83000000,1.46000000,262216492,262216492,1782868260856860,False,True
171432931,6.83000000,3.22000000,262216493,262216493,1782868261929019,False,True
171432932,6.83000000,15.46000000,262216494,262216495,1782868262342872,False,True
171432933,6.83000000,19.17000000,262216496,262216505,1782868264014080,False,True
171432934,6.83000000,49.76000000,262216506,262216509,1782868264172018,True,True
171432935,6.83000000,1.54000000,262216510,262216511,1782868264192544,True,True
171432936,6.83000000,4.68000000,262216512,262216517,1782868264764208,False,True
171432937,6.84000000,21.89000000,262216518,262216520,1782868267608155,False,True
171432938,6.83000000,13.89000000,262216521,262216522,1782868268278250,True,True
171432939,6.83000000,41.71000000,262216523,262216527,1782868268287060,True,True
171432940,6.83000000,3.89000000,262216528,262216532,1782868268794025,False,True
171432941,6.83000000,3.12000000,262216533,262216536,1782868268818580,False,True
171432942,6.83000000,2.31000000,262216537,262216539,1782868268820047,False,True
171432943,6.83000000,42.00000000,262216540,262216543,1782868273703372,True,True
171432944,6.83000000,0.77000000,262216544,262216544,1782868273704594,True,True
171432945,6.83000000,55.64000000,262216545,262216554,1782868279884368,False,True
171432946,6.83000000,2.33000000,262216555,262216557,1782868279887866,False,True
171432947,6.83000000,1.56000000,262216558,262216559,1782868279887973,False,True
171432948,6.83000000,3.10000000,262216560,262216563,1782868279889206,False,True
171432949,6.83000000,1.54000000,262216564,262216565,1782868283482099,True,True
171432950,6.83000000,0.77000000,262216566,262216566,1782868283484963,True,True
171432951,6.83000000,1.54000000,262216567,262216568,1782868283560985,True,True
171432952,6.83000000,1.54000000,262216569,262216570,1782868283619324,True,True
171432953,6.83000000,9.56000000,262216571,262216576,1782868287255735,False,True
171432954,6.83000000,0.77000000,262216577,262216577,1782868287257087,False,True
171432955,6.83000000,0.79000000,262216578,262216579,1782868299163169,True,True
171432956,6.83000000,100.58000000,262216580,262216586,1782868303617282,True,True
171432957,6.83000000,1.54000000,262216587,262216588,1782868304610351,True,True
171432958,6.83000000,35.24000000,262216589,262216598,1782868319861820,False,True
171432959,6.83000000,0.77000000,262216599,262216599,1782868319863554,False,True
171432960,6.83000000,3.85000000,262216600,262216604,1782868342560816,True,True
171432961,6.82000000,27.82000000,262216605,262216616,1782868365013040,True,True
171432962,6.81000000,48.58000000,262216617,262216620,1782868365111613,True,True
171432963,6.81000000,33.99000000,262216621,262216625,1782868365112150,True,True
171432964,6.81000000,33.99000000,262216626,262216626,1782868365112610,True,True
171432965,6.81000000,33.99000000,262216627,262216627,1782868365112679,True,True
171432966,6.81000000,48.58000000,262216628,262216628,1782868365113112,True,True
171432967,6.81000000,33.99000000,262216629,262216631,1782868365114054,True,True
171432968,6.81000000,33.99000000,262216632,262216632,1782868365114674,True,True
171432969,6.81000000,33.99000000,262216633,262216634,1782868365115554,True,True
171432970,6.81000000,33.99000000,262216635,262216636,1782868365119341,True,True
171432971,6.81000000,30.35000000,262216637,262216639,1782868365138144,True,True
171432972,6.81000000,48.23000000,262216640,262216642,1782868365139564,True,True
171432973,6.81000000,34.55000000,262216643,262216645,1782868365244403,True,True
171432974,6.81000000,28.28000000,262216646,262216647,1782868365248484,True,True
171432975,6.81000000,54.90000000,262216648,262216651,1782868365291083,True,True
171432976,6.80000000,230.00000000,262216652,262216664,1782868366004839,True,True
171432977,6.80000000,460.00000000,262216665,262216675,1782868366005573,True,True
171432978,6.80000000,230.00000000,262216676,262216676,1782868366005606,True,True
171432979,6.80000000,104.93000000,262216677,262216681,1782868366006596,True,True
171432980,6.80000000,88.23000000,262216682,262216683,1782868366051777,False,True
171432981,6.80000000,169.79000000,262216684,262216689,1782868366072566,False,True
171432982,6.80000000,88.23000000,262216690,262216696,1782868366106015,False,True
171432983,6.79000000,8.87000000,262216697,262216698,1782868366163090,True,True
171432984,6.79000000,7.14000000,262216699,262216699,1782868366163090,True,True
171432985,6.80000000,164.51000000,262216700,262216713,1782868366513979,False,True
171432986,6.80000000,10.11000000,262216714,262216715,1782868368649716,False,True
171432987,6.79000000,37.22000000,262216716,262216728,1782868370016801,True,True
171432988,6.79000000,53.29000000,262216729,262216731,1782868370090500,True,True
171432989,6.79000000,52.53000000,262216732,262216740,1782868370261465,False,True
171432990,6.79000000,61.09000000,262216741,262216741,1782868370472164,True,True
171432991,6.79000000,28.99000000,262216742,262216744,1782868370474897,True,True
171432992,6.79000000,1.56000000,262216745,262216746,1782868370476214,True,True
171432993,6.79000000,5.87000000,262216747,262216747,1782868370638079,False,True
171432994,6.79000000,57.43000000,262216748,262216755,1782868370923249,False,True
171432995,6.79000000,6.92000000,262216756,262216761,1782868370926318,False,True
171432996,6.79000000,0.79000000,262216762,262216762,1782868370926389,False,True
171432997,6.80000000,2.20000000,262216763,262216763,1782868371534225,False,True
171432998,6.79000000,19.63000000,262216764,262216770,1782868372615112,True,True
171432999,6.79000000,26.43000000,262216771,262216778,1782868373511699,False,True
171433000,6.79000000,1.56000000,262216779,262216780,1782868373517354,False,True
171433001,6.79000000,2.35000000,262216781,262216783,1782868373518077,False,True
171433002,6.80000000,15.53000000,262216784,262216784,1782868374573338,False,True
171433003,6.80000000,100.00000000,262216785,262216792,1782868374915876,False,True
171433004,6.80000000,13.89000000,262216793,262216798,1782868374916190,False,True
171433005,6.80000000,1.29000000,262216799,262216800,1782868374917822,False,True
171433006,6.80000000,13.89000000,262216801,262216801,1782868375078266,True,True
171433007,6.80000000,38.33000000,262216802,262216808,1782868375080793,True,True
171433008,6.79000000,27.25000000,262216809,262216809,1782868375109772,True,True
171433009,6.79000000,7.66000000,262216810,262216810,1782868375341341,True,True
171433010,6.79000000,4.42000000,262216811,262216811,1782868375372500,True,True
171433011,6.79000000,4.42000000,262216812,262216812,1782868375372828,True,True
171433012,6.79000000,12.96000000,262216813,262216813,1782868379268205,True,True
171433013,6.79000000,51.14000000,262216814,262216814,1782868382128835,True,True
171433014,6.79000000,30.16000000,262216815,262216822,1782868382128922,True,True
171433015,6.79000000,2.31000000,262216823,262216825,1782868382130454,True,True
171433016,6.79000000,17.48000000,262216826,262216828,1782868385196910,False,True
171433017,6.78000000,26.65000000,262216829,262216840,1782868390427607,True,True
171433018,6.78000000,2.34000000,262216841,262216843,1782868390429248,True,True
171433019,6.78000000,51.26000000,262216844,262216848,1782868390959689,False,True
171433020,6.79000000,15.60000000,262216849,262216849,1782868391746731,False,True
171433021,6.78000000,3.08000000,262216850,262216853,1782868393930319,True,True
171433022,6.78000000,0.77000000,262216854,262216854,1782868393930725,True,True
171433023,6.77000000,32.72000000,262216855,262216856,1782868394344093,True,True
171433024,6.77000000,63.22000000,262216857,262216867,1782868394345946,True,True
171433025,6.76000000,7.81000000,262216868,262216869,1782868394350199,True,True
171433026,6.77000000,160.44000000,262216870,262216878,1782868394382103,False,True
171433027,6.77000000,0.79000000,262216879,262216879,1782868394389388,False,True
171433028,6.77000000,13.14000000,262216880,262216884,1782868394651363,False,True
171433029,6.77000000,6.20000000,262216885,262216885,1782868395346656,True,True
171433030,6.77000000,4.43000000,262216886,262216886,1782868395371606,True,True
171433031,6.77000000,4.43000000,262216887,262216887,1782868395374385,True,True
171433032,6.77000000,4.43000000,262216888,262216888,1782868395379092,True,True
171433033,6.77000000,4.65000000,262216889,262216894,1782868398292708,True,True
171433034,6.77000000,119.50000000,262216895,262216897,1782868399130271,False,True
171433035,6.77000000,0.79000000,262216898,262216898,1782868399132919,False,True
171433036,6.77000000,3.91000000,262216899,262216903,1782868399142573,False,True
171433037,6.77000000,1.54000000,262216904,262216905,1782868399145141,False,True
171433038,6.77000000,39.71000000,262216906,262216906,1782868399299506,True,True
171433039,6.77000000,17.94000000,262216907,262216909,1782868399300815,True,True
171433040,6.77000000,0.77000000,262216910,262216910,1782868399302074,True,True
171433041,6.77000000,251.12000000,262216911,262216918,1782868399732891,False,True
171433042,6.77000000,1.57000000,262216919,262216920,1782868399734340,False,True
171433043,6.77000000,2.31000000,262216921,262216923,1782868399735500,False,True
171433044,6.78000000,15.67000000,262216924,262216924,1782868400223493,False,True
171433045,6.77000000,31.21000000,262216925,262216929,1782868401057441,True,True
171433046,6.77000000,15.43000000,262216930,262216932,1782868401076836,True,True
171433047,6.77000000,3.91000000,262216933,262216937,1782868401311215,False,True
171433048,6.77000000,1.57000000,262216938,262216939,1782868401315214,False,True
171433049,6.77000000,1.57000000,262216940,262216941,1782868401318524,False,True
171433050,6.77000000,1.57000000,262216942,262216943,1782868401353234,False,True
171433051,6.77000000,3.14000000,262216944,262216947,1782868401417266,False,True
171433052,6.77000000,1.54000000,262216948,262216949,1782868401418877,False,True
171433053,6.78000000,1016.80000000,262216950,262216999,1782868401452706,False,True
171433054,6.78000000,87.81000000,262217000,262217002,1782868401454938,True,True
171433055,6.77000000,5.99000000,262217003,262217003,1782868401456008,True,True
171433056,6.78000000,30.78000000,262217004,262217012,1782868402700309,False,True
171433057,6.78000000,13.89000000,262217013,262217013,1782868402837398,True,True
171433058,6.78000000,1.47000000,262217014,262217014,1782868402839692,True,True
171433059,6.78000000,1.54000000,262217015,262217016,1782868402867373,True,True
171433060,6.78000000,1.54000000,262217017,262217018,1782868402927169,True,True
171433061,6.77000000,4.43000000,262217019,262217019,1782868405374219,True,True
171433062,6.77000000,4.43000000,262217020,262217020,1782868405379961,True,True
171433063,6.77000000,3.68000000,262217021,262217021,1782868406137768,True,True
171433064,6.78000000,45.39000000,262217022,262217035,1782868408534625,False,True
171433065,6.78000000,2.31000000,262217036,262217038,1782868408879991,True,True
171433066,6.78000000,3.08000000,262217039,262217042,1782868409380891,False,True
171433067,6.78000000,15.43000000,262217043,262217045,1782868409622241,True,True
171433068,6.78000000,1.54000000,262217046,262217047,1782868409918932,True,True
171433069,6.78000000,22.10000000,262217048,262217048,1782868412150646,False,True
171433070,6.78000000,230.00000000,262217049,262217056,1782868412152003,False,True
171433071,6.78000000,160.62000000,262217057,262217066,1782868412152076,False,True
171433072,6.78000000,1.47000000,262217067,262217068,1782868415060636,True,True
171433073,6.78000000,1.60000000,262217069,262217071,1782868416895784,True,True
171433074,6.78000000,66.42000000,262217072,262217075,1782868417319943,True,True
171433075,6.77000000,4.40000000,262217076,262217076,1782868417434599,True,True
171433076,6.78000000,65.53000000,262217077,262217082,1782868417460981,False,True
171433077,6.78000000,1.57000000,262217083,262217084,1782868417464271,False,True
171433078,6.78000000,3.91000000,262217085,262217089,1782868417739259,False,True
171433079,6.78000000,1.54000000,262217090,262217091,1782868418822436,True,True
171433080,6.78000000,1.54000000,262217092,262217093,1782868418831105,True,True
171433081,6.78000000,21.57000000,262217094,262217099,1782868420599292,False,True
171433082,6.78000000,83.40000000,262217100,262217102,1782868422112251,True,True
171433083,6.78000000,1.54000000,262217103,262217104,1782868422113893,True,True
171433084,6.78000000,63.73000000,262217105,262217111,1782868422581156,False,True
171433085,6.78000000,1.57000000,262217112,262217113,1782868422586355,False,True
171433086,6.78000000,1.57000000,262217114,262217115,1782868422590012,False,True
171433087,6.78000000,1.57000000,262217116,262217117,1782868422593947,False,True
171433088,6.78000000,3.94000000,262217118,262217122,1782868423063584,False,True
171433089,6.78000000,17.65000000,262217123,262217123,1782868424878555,True,True
171433090,6.78000000,4.52000000,262217124,262217124,1782868425353327,True,True
171433091,6.78000000,4.42000000,262217125,262217125,1782868425384637,True,True
171433092,6.79000000,33.80000000,262217126,262217140,1782868428758823,False,True
171433093,6.80000000,16.97000000,262217141,262217151,1782868431206204,False,True
171433094,6.80000000,0.77000000,262217152,262217152,1782868431207623,False,True
171433095,6.81000000,0.90000000,262217153,262217153,1782868431285499,False,True
171433096,6.80000000,7.69000000,262217154,262217154,1782868431378582,True,True
171433097,6.80000000,11.87000000,262217155,262217155,1782868431385303,True,True
171433098,6.80000000,8.25000000,262217156,262217156,1782868431391722,True,True
171433099,6.81000000,16.89000000,262217157,262217167,1782868437109089,False,True
171433100,6.81000000,1.54000000,262217168,262217169,1782868437110667,False,True
171433101,6.82000000,9.75000000,262217170,262217170,1782868441810349,False,True
171433102,6.82000000,73.82000000,262217171,262217185,1782868443072448,False,True
171433103,6.82000000,1.56000000,262217186,262217187,1782868443078210,False,True
171433104,6.82000000,1.56000000,262217188,262217189,1782868443079880,False,True
171433105,6.82000000,4.68000000,262217190,262217195,1782868443089471,False,True
171433106,6.82000000,3.87000000,262217196,262217200,1782868446904708,True,True
171433107,6.82000000,0.77000000,262217201,262217201,1782868446906459,True,True
171433108,6.81000000,13.10000000,262217202,262217202,1782868449785668,True,True
171433109,6.82000000,1.05000000,262217203,262217203,1782868450216148,False,True
171433110,6.81000000,114.60000000,262217204,262217213,1782868450753616,True,True
171433111,6.81000000,2.33000000,262217214,262217216,1782868450756734,True,True
171433112,6.81000000,56.15000000,262217217,262217218,1782868453078552,False,True
171433113,6.81000000,13.89000000,262217219,262217219,1782868460925766,False,True
171433114,6.81000000,5.45000000,262217220,262217226,1782868460929173,False,True
171433115,6.81000000,68.16000000,262217227,262217231,1782868461346770,True,True
171433116,6.81000000,2.35000000,262217232,262217232,1782868461532547,False,True
171433117,6.81000000,20.00000000,262217233,262217233,1782868462124628,False,True
171433118,6.80000000,59.92000000,262217234,262217243,1782868487002745,True,True
171433119,6.81000000,6.22000000,262217244,262217251,1782868498119799,False,True
171433120,6.82000000,37.22000000,262217252,262217266,1782868501424818,False,True
171433121,6.82000000,1.56000000,262217267,262217268,1782868501426620,False,True
171433122,6.82000000,2.35000000,262217269,262217271,1782868501433777,False,True
171433123,6.82000000,3.12000000,262217272,262217275,1782868501446303,False,True
171433124,6.82000000,3.12000000,262217276,262217279,1782868501463747,False,True
171433125,6.82000000,1.54000000,262217280,262217281,1782868501465071,False,True
171433126,6.82000000,43.76000000,262217282,262217282,1782868502274288,True,True
171433127,6.82000000,25.57000000,262217283,262217289,1782868503912798,False,True
171433128,6.82000000,1.56000000,262217290,262217291,1782868503917080,False,True
171433129,6.82000000,1.56000000,262217292,262217293,1782868503917336,False,True
171433130,6.82000000,1.54000000,262217294,262217295,1782868503918642,False,True
171433131,6.83000000,8.42000000,262217296,262217296,1782868504905307,False,True
171433132,6.82000000,4.68000000,262217297,262217302,1782868506821397,False,True
171433133,6.83000000,23.63000000,262217303,262217317,1782868510931569,False,True
171433134,6.83000000,1.56000000,262217318,262217319,1782868510938382,False,True
171433135,6.83000000,2.35000000,262217320,262217322,1782868510941198,False,True
171433136,6.83000000,4.68000000,262217323,262217328,1782868512314146,False,True
171433137,6.83000000,146.74000000,262217329,262217332,1782868513905844,True,True
171433138,6.84000000,36.93000000,262217333,262217337,1782868543190847,False,True
171433139,6.84000000,9.77000000,262217338,262217340,1782868543203119,False,True
171433140,6.84000000,1.78000000,262217341,262217343,1782868543214510,False,True
171433141,6.84000000,3.27000000,262217344,262217347,1782868543261404,False,True
171433142,6.84000000,2.23000000,262217348,262217348,1782868543289038,False,True
171433143,6.84000000,13.89000000,262217349,262217350,1782868544948195,False,True
171433144,6.84000000,14.51000000,262217351,262217361,1782868544953648,False,True
171433145,6.84000000,20.02000000,262217362,262217362,1782868546910879,True,True
171433146,6.84000000,3.87000000,262217363,262217367,1782868547694285,True,True
171433147,6.84000000,3.10000000,262217368,262217371,1782868548141861,True,True
171433148,6.83000000,1.10000000,262217372,262217373,1782868553798849,True,True
171433149,6.83000000,1.10000000,262217374,262217375,1782868553822459,True,True
171433150,6.83000000,217.43000000,262217376,262217382,1782868559698172,True,True
171433151,6.83000000,55.13000000,262217383,262217384,1782868564221102,True,True
171433152,6.83000000,167.36000000,262217385,262217385,1782868564221597,True,True
171433153,6.83000000,49.87000000,262217386,262217386,1782868564223871,True,True
171433154,6.83000000,476.59000000,262217387,262217395,1782868564292603,True,True
171433155,6.83000000,5.85000000,262217396,262217396,1782868568346043,False,True
171433156,6.82000000,12.59000000,262217397,262217405,1782868583614833,True,True
171433157,6.82000000,0.77000000,262217406,262217406,1782868583617194,True,True
171433158,6.82000000,1.47000000,262217407,262217407,1782868585229708,False,True
171433159,6.82000000,1.65000000,262217408,262217408,1782868585246543,False,True
171433160,6.82000000,3.12000000,262217409,262217412,1782868588003558,False,True
171433161,6.82000000,3.91000000,262217413,262217417,1782868589089041,False,True
171433162,6.82000000,1.92000000,262217418,262217420,1782868591880243,True,True
171433163,6.82000000,1.54000000,262217421,262217422,1782868591881955,True,True
171433164,6.82000000,39.68000000,262217423,262217429,1782868631965942,False,True
171433165,6.82000000,6.62000000,262217430,262217430,1782868631982121,False,True
171433166,6.82000000,4.73000000,262217431,262217431,1782868632010226,False,True
171433167,6.82000000,2.53000000,262217432,262217432,1782868632021181,False,True
171433168,6.82000000,3.27000000,262217433,262217433,1782868632035818,False,True
171433169,6.82000000,4.68000000,262217434,262217434,1782868632048902,False,True
171433170,6.82000000,2.11000000,262217435,262217435,1782868632062763,False,True
171433171,6.82000000,1.83000000,262217436,262217436,1782868632087081,False,True
171433172,6.82000000,2.05000000,262217437,262217437,1782868632098105,False,True
171433173,6.82000000,8.32000000,262217438,262217443,1782868632114174,False,True
171433174,6.82000000,2.31000000,262217444,262217446,1782868632758705,True,True
171433175,6.82000000,51.53000000,262217447,262217448,1782868633714803,False,True
171433176,6.82000000,57.68000000,262217449,262217455,1782868633714966,False,True
171433177,6.82000000,1.56000000,262217456,262217457,1782868633715102,False,True
171433178,6.82000000,1.54000000,262217458,262217459,1782868637772780,True,True
171433179,6.82000000,1.54000000,262217460,262217461,1782868637774389,True,True
171433180,6.82000000,3.89000000,262217462,262217466,1782868639863345,False,True
171433181,6.82000000,3.89000000,262217467,262217471,1782868639881162,False,True
171433182,6.82000000,2.31000000,262217472,262217474,1782868639882661,False,True
171433183,6.82000000,9.37000000,262217475,262217483,1782868671181949,False,True
171433184,6.82000000,3.12000000,262217484,262217487,1782868682999944,False,True
171433185,6.82000000,3.91000000,262217488,262217492,1782868683014326,False,True
171433186,6.83000000,27.90000000,262217493,262217504,1782868696300349,False,True
171433187,6.83000000,1.56000000,262217505,262217506,1782868696306752,False,True
171433188,6.83000000,2.35000000,262217507,262217509,1782868696308358,False,True
171433189,6.83000000,52.54000000,262217510,262217511,1782868702572686,True,True
171433190,6.83000000,6.10000000,262217512,262217518,1782868715104727,False,True
171433191,6.83000000,1.56000000,262217519,262217520,1782868715107996,False,True
171433192,6.83000000,1.56000000,262217521,262217522,1782868715121191,False,True
171433193,6.83000000,4.68000000,262217523,262217528,1782868715402045,False,True
171433194,6.83000000,20.00000000,262217529,262217531,1782868729571482,True,True
171433195,6.83000000,20.00000000,262217532,262217532,1782868734614848,True,True
171433196,6.84000000,35.10000000,262217533,262217546,1782868776324938,False,True
171433197,6.84000000,1.54000000,262217547,262217548,1782868776330652,False,True
171433198,6.84000000,5.82000000,262217549,262217549,1782868801577423,True,True
171433199,6.84000000,116.02000000,262217550,262217552,1782868821227977,True,True
171433200,6.83000000,1.17000000,262217553,262217553,1782868822917817,True,True
171433201,6.84000000,53.84000000,262217554,262217566,1782868835189702,False,True
171433202,6.84000000,0.77000000,262217567,262217567,1782868835192319,False,True
171433203,6.84000000,23.15000000,262217568,262217569,1782868905699827,True,True
171433204,6.84000000,13.89000000,262217570,262217574,1782868924033227,False,True
171433205,6.84000000,4.22000000,262217575,262217577,1782868924033841,False,True
171433206,6.84000000,8.59000000,262217578,262217578,1782868936538322,True,True
171433207,6.85000000,51.40000000,262217579,262217590,1782868951498256,False,True
171433208,6.85000000,127.33000000,262217591,262217594,1782868951499062,False,True
171433209,6.86000000,62.78000000,262217595,262217596,1782868951510642,False,True
171433210,6.86000000,2.93000000,262217597,262217597,1782868951518762,False,True
171433211,6.85000000,43.37000000,262217598,262217606,1782868963061240,False,True
171433212,6.85000000,0.77000000,262217607,262217607,1782868963064551,False,True
171433213,6.85000000,265.15000000,262217608,262217618,1782869005647852,False,True
171433214,6.84000000,0.79000000,262217619,262217619,1782869025734636,True,True
171433215,6.83000000,13.89000000,262217620,262217623,1782869089155869,True,True
171433216,6.83000000,128.26000000,262217624,262217628,1782869089163619,True,True
171433217,6.83000000,19.34000000,262217629,262217638,1782869096101588,False,True
171433218,6.83000000,3.89000000,262217639,262217643,1782869096114357,False,True
171433219,6.83000000,0.77000000,262217644,262217644,1782869096115752,False,True
171433220,6.83000000,5.45000000,262217645,262217651,1782869130775840,False,True
171433221,6.82000000,2.76000000,262217652,262217652,1782869154851024,True,True
171433222,6.83000000,6.36000000,262217653,262217659,1782869185677450,False,True
171433223,6.83000000,3.12000000,262217660,262217663,1782869185697851,False,True
171433224,6.83000000,0.79000000,262217664,262217664,1782869185699637,False,True
171433225,6.83000000,3.12000000,262217665,262217668,1782869185704707,False,True
171433226,6.83000000,3.12000000,262217669,262217672,1782869185712752,False,True
171433227,6.83000000,2.37000000,262217673,262217675,1782869185714449,False,True
171433228,6.83000000,3.14000000,262217676,262217677,1782869263778203,False,True
171433229,6.84000000,178.79000000,262217678,262217698,1782869360849551,False,True
171433230,6.84000000,12.66000000,262217699,262217699,1782869360946345,True,True
171433231,6.84000000,196.73000000,262217700,262217700,1782869362241462,True,True
171433232,6.84000000,46.45000000,262217701,262217701,1782869365572583,True,True
171433233,6.85000000,1260.68000000,262217702,262217757,1782869369587437,False,True
171433234,6.85000000,12.97000000,262217758,262217758,1782869369589109,True,True
171433235,6.85000000,340.33000000,262217759,262217761,1782869369589179,True,True
171433236,6.84000000,8.11000000,262217762,262217763,1782869369589858,True,True
171433237,6.84000000,12.97000000,262217764,262217766,1782869369590048,True,True
171433238,6.84000000,9.30000000,262217767,262217767,1782869369590816,True,True
171433239,6.84000000,37.26000000,262217768,262217768,1782869370711274,True,True
171433240,6.84000000,9.81000000,262217769,262217769,1782869396887782,True,True
171433241,6.85000000,13.89000000,262217770,262217774,1782869420887768,False,True
171433242,6.85000000,40.56000000,262217775,262217782,1782869420891326,False,True
171433243,6.85000000,3.00000000,262217783,262217784,1782869515459266,True,True
171433244,6.85000000,6.93000000,262217785,262217790,1782869520288200,False,True
171433245,6.85000000,1.56000000,262217791,262217792,1782869520289562,False,True
171433246,6.85000000,0.79000000,262217793,262217793,1782869614888511,True,True
171433247,6.84000000,0.92000000,262217794,262217794,1782869795781306,True,True
171433248,6.84000000,75.46000000,262217795,262217796,1782869812574896,True,True
171433249,6.84000000,3.65000000,262217797,262217797,1782869819652492,True,True
171433250,6.84000000,1.32000000,262217798,262217798,1782869820774119,True,True
171433251,6.84000000,0.93000000,262217799,262217799,1782869828811262,True,True
171433252,6.84000000,1.30000000,262217800,262217800,1782869865774064,True,True
171433253,6.84000000,1.31000000,262217801,262217801,1782869905774222,True,True
171433254,6.85000000,1.46000000,262217802,262217803,1782869908948266,False,True
171433255,6.85000000,5.12000000,262217804,262217809,1782869908977564,False,True
171433256,6.85000000,2.35000000,262217810,262217812,1782869908991042,False,True
171433257,6.85000000,85.25000000,262217813,262217820,1782869918275304,False,True
171433258,6.85000000,0.83000000,262217821,262217822,1782869918275417,False,True
171433259,6.86000000,61.85000000,262217823,262217835,1782869918278651,False,True
171433260,6.86000000,54.68000000,262217836,262217843,1782869918278958,False,True
171433261,6.86000000,11.45000000,262217844,262217844,1782869918305848,False,True
171433262,6.86000000,12.82000000,262217845,262217845,1782869918340056,False,True
171433263,6.86000000,174.02000000,262217846,262217847,1782869918341591,False,True
171433264,6.86000000,161.19000000,262217848,262217858,1782869918341719,False,True
171433265,6.86000000,11.45000000,262217859,262217859,1782869918342897,False,True
171433266,6.86000000,151.63000000,262217860,262217867,1782869919882360,False,True
171433267,6.86000000,13.89000000,262217868,262217873,1782869927632569,False,True
171433268,6.86000000,37.29000000,262217874,262217880,1782869927639005,False,True
171433269,6.86000000,6.64000000,262217881,262217881,1782869927649546,False,True
171433270,6.86000000,2.33000000,262217882,262217884,1782869927660985,False,True
171433271,6.86000000,1.54000000,262217885,262217886,1782869927662446,False,True
171433272,6.86000000,2.33000000,262217887,262217889,1782869930252502,False,True
171433273,6.86000000,1.54000000,262217890,262217891,1782869930254113,False,True
171433274,6.86000000,4.30000000,262217892,262217892,1782869931157670,True,True
171433275,6.86000000,1.10000000,262217893,262217894,1782869931758449,False,True
171433276,6.86000000,1.10000000,262217895,262217895,1782869931758686,False,True
171433277,6.86000000,1.10000000,262217896,262217896,1782869931759220,False,True
171433278,6.86000000,2.33000000,262217897,262217899,1782869931885202,False,True
171433279,6.86000000,0.77000000,262217900,262217900,1782869931886682,False,True
171433280,6.86000000,15.44000000,262217901,262217901,1782869937360697,True,True
171433281,6.87000000,17.24000000,262217902,262217911,1782869947618009,False,True
171433282,6.87000000,6.90000000,262217912,262217914,1782869947618011,False,True
171433283,6.87000000,23.72000000,262217915,262217915,1782869947619735,True,True
171433284,6.87000000,23.72000000,262217916,262217916,1782869947620099,True,True
171433285,6.88000000,55.93000000,262217917,262217918,1782869947621551,False,True
171433286,6.87000000,47.65000000,262217919,262217920,1782869947621841,True,True
171433287,6.87000000,161.19000000,262217921,262217922,1782869947626787,True,True
171433288,6.87000000,1.17000000,262217923,262217923,1782869948007750,True,True
171433289,6.88000000,23.71000000,262217924,262217929,1782869948628775,False,True
171433290,6.88000000,23.71000000,262217930,262217930,1782869948629084,False,True
171433291,6.88000000,12.23000000,262217931,262217937,1782869969136935,False,True
171433292,6.88000000,1.54000000,262217938,262217939,1782869969139837,False,True
171433293,6.89000000,58.43000000,262217940,262217946,1782869969142654,False,True
171433294,6.88000000,0.90000000,262217947,262217947,1782869970000935,True,True
171433295,6.89000000,155.00000000,262217948,262217958,1782869974186757,False,True
171433296,6.88000000,15.37000000,262217959,262217959,1782869974600339,True,True
171433297,6.88000000,63.62000000,262217960,262217965,1782869975703940,True,True
171433298,6.88000000,1.54000000,262217966,262217967,1782869975705676,True,True
171433299,6.88000000,13.89000000,262217968,262217968,1782869980813956,False,True
171433300,6.88000000,13.89000000,262217969,262217978,1782869981103290,False,True
171433301,6.88000000,0.85000000,262217979,262217980,1782869981108098,False,True
171433302,6.88000000,20.77000000,262217981,262217982,1782869997254833,True,True
171433303,6.88000000,0.77000000,262217983,262217983,1782869997256923,True,True
171433304,6.88000000,20.21000000,262217984,262217988,1782870051476454,False,True
171433305,6.88000000,16.37000000,262217989,262217997,1782870051489326,False,True
171433306,6.89000000,202.10000000,262217998,262218010,1782870068159665,False,True
171433307,6.89000000,1.74000000,262218011,262218011,1782870075873057,True,True
171433308,6.90000000,20.00000000,262218012,262218023,1782870087996292,False,True
171433309,6.89000000,0.78000000,262218024,262218024,1782870102770146,True,True
171433310,6.88000000,31.71000000,262218025,262218027,1782870134973031,True,True
171433311,6.88000000,56.57000000,262218028,262218030,1782870135008593,False,True
171433312,6.88000000,4.65000000,262218031,262218036,1782870136537454,False,True
171433313,6.88000000,55.71000000,262218037,262218037,1782870138204488,True,True
171433314,6.88000000,34.13000000,262218038,262218039,1782870150375399,True,True
171433315,6.88000000,29.10000000,262218040,262218040,1782870151023555,False,True
171433316,6.88000000,10.75000000,262218041,262218048,1782870151030632,False,True
171433317,6.88000000,89.87000000,262218049,262218049,1782870157711993,True,True
171433318,6.88000000,5.23000000,262218050,262218054,1782870163095600,False,True
171433319,6.88000000,3.90000000,262218055,262218059,1782870166791499,False,True
171433320,6.88000000,5.42000000,262218060,262218066,1782870183139075,False,True
171433321,6.88000000,3.09000000,262218067,262218070,1782870201638951,False,True
171433322,6.89000000,14.50000000,262218071,262218073,1782870230472011,False,True
171433323,6.89000000,59.13000000,262218074,262218081,1782870283679327,False,True
171433324,6.89000000,1.55000000,262218082,262218083,1782870283679443,False,True
171433325,6.89000000,4.65000000,262218084,262218084,1782870300715926,True,True
171433326,6.89000000,9.24000000,262218085,262218085,1782870300716185,True,True
171433327,6.89000000,6.77000000,262218086,262218087,1782870313360616,False,True
171433328,6.89000000,6.76000000,262218088,262218093,1782870333114809,False,True
171433329,6.89000000,0.78000000,262218094,262218094,1782870359802660,True,True
171433330,6.88000000,36.99000000,262218095,262218102,1782870397459183,True,True
171433331,6.88000000,10.66000000,262218103,262218103,1782870397515940,True,True
171433332,6.88000000,2.51000000,262218104,262218104,1782870397530023,True,True
171433333,6.88000000,4.96000000,262218105,262218105,1782870397549024,True,True
171433334,6.88000000,2.68000000,262218106,262218106,1782870397568022,True,True
171433335,6.88000000,3.31000000,262218107,262218107,1782870397600524,True,True
171433336,6.88000000,1.66000000,262218108,262218108,1782870397620126,True,True
171433337,6.88000000,5.61000000,262218109,262218109,1782870397652814,True,True
171433338,6.88000000,3.24000000,262218110,262218110,1782870397667771,True,True
171433339,6.88000000,4.34000000,262218111,262218111,1782870397707156,True,True
171433340,6.88000000,37.84000000,262218112,262218112,1782870398218428,True,True
171433341,6.88000000,6.02000000,262218113,262218113,1782870398239383,True,True
171433342,6.88000000,1.26000000,262218114,262218115,1782870400020758,True,True
171433343,6.87000000,17.33000000,262218116,262218124,1782870547050056,True,True
171433344,6.87000000,19.46000000,262218125,262218125,1782870547051469,True,True
171433345,6.87000000,143.72000000,262218126,262218140,1782870599479680,False,True
171433346,6.87000000,4.68000000,262218141,262218146,1782870599489069,False,True
171433347,6.87000000,64.59000000,262218147,262218158,1782870760882271,False,True
171433348,6.87000000,1.56000000,262218159,262218160,1782870760896583,False,True
171433349,6.87000000,1.56000000,262218161,262218162,1782870760912475,False,True
171433350,6.87000000,3.89000000,262218163,262218167,1782870760915522,False,True
171433351,6.88000000,138.06000000,262218168,262218179,1782870899163346,False,True
171433352,6.88000000,1.56000000,262218180,262218181,1782870899163349,False,True
171433353,6.89000000,0.91000000,262218182,262218183,1782870980118302,False,True
171433354,6.88000000,1.26000000,262218184,262218184,1782871005774180,True,True
171433355,6.88000000,1.45000000,262218185,262218185,1782871040787406,True,True
171433356,6.88000000,37.84000000,262218186,262218188,1782871076192411,True,True
171433357,6.88000000,14.35000000,262218189,262218190,1782871076194032,True,True
171433358,6.88000000,81.09000000,262218191,262218195,1782871101348165,False,True
171433359,6.87000000,1.22000000,262218196,262218196,1782871105774423,True,True
171433360,6.88000000,17.13000000,262218197,262218197,1782871139000944,False,True
171433361,6.87000000,1.30000000,262218198,262218198,1782871145780198,True,True
171433362,6.87000000,1.10000000,262218199,262218199,1782871165774133,True,True
171433363,6.88000000,13.89000000,262218200,262218211,1782871205879270,False,True
171433364,6.88000000,2.51000000,262218212,262218213,1782871205879406,False,True
171433365,6.88000000,2.00000000,262218214,262218214,1782871237989507,False,True
171433366,6.88000000,4.04000000,262218215,262218218,1782871258139656,False,True
171433367,6.88000000,70.06000000,262218219,262218222,1782871272138766,False,True
171433368,6.88000000,0.78000000,262218223,262218223,1782871272139013,False,True
171433369,6.88000000,68.26000000,262218224,262218226,1782871290494046,True,True
171433370,6.88000000,84.51000000,262218227,262218240,1782871370918492,False,True
171433371,6.88000000,36.40000000,262218241,262218243,1782871370919042,False,True
171433372,6.88000000,10.96000000,262218244,262218244,1782871474786119,True,True
171433373,6.87000000,0.92000000,262218245,262218245,1782871490773723,True,True
171433374,6.87000000,7.23000000,262218246,262218246,1782871494446341,True,True
171433375,6.87000000,1.49000000,262218247,262218247,1782871505782865,True,True
171433376,6.87000000,21.70000000,262218248,262218253,1782871546662050,True,True
171433377,6.86000000,4.33000000,262218254,262218254,1782871546683743,True,True
171433378,6.86000000,4.34000000,262218255,262218255,1782871558647638,True,True
171433379,6.86000000,1.15000000,262218256,262218256,1782871570781726,True,True
171433380,6.86000000,1.16000000,262218257,262218257,1782871600774434,True,True
171433381,6.86000000,1.16000000,262218258,262218258,1782871625780950,True,True
171433382,6.86000000,3.96000000,262218259,262218259,1782871633845911,True,True
171433383,6.86000000,0.89000000,262218260,262218260,1782871665774292,True,True
171433384,6.86000000,1.07000000,262218261,262218261,1782871680775187,True,True
171433385,6.86000000,2.21000000,262218262,262218262,1782871701517925,True,True
171433386,6.86000000,4.34000000,262218263,262218263,1782871706981387,True,True
171433387,6.86000000,1.22000000,262218264,262218264,1782871710774288,True,True
171433388,6.86000000,4.34000000,262218265,262218266,1782871712612610,True,True
171433389,6.86000000,4.34000000,262218267,262218267,1782871719257575,True,True
171433390,6.86000000,4.34000000,262218268,262218268,1782871738087618,True,True
171433391,6.86000000,1.39000000,262218269,262218269,1782871745773682,True,True
171433392,6.86000000,4.34000000,262218270,262218270,1782871746302256,True,True
171433393,6.86000000,0.88000000,262218271,262218271,1782871800774122,True,True
171433394,6.87000000,8.47000000,262218272,262218280,1782871804016816,False,True
171433395,6.87000000,6.91000000,262218281,262218287,1782871821989341,False,True
171433396,6.87000000,8.65000000,262218288,262218295,1782871879989359,False,True
171433397,6.87000000,6.23000000,262218296,262218302,1782871921005119,False,True
171433398,6.87000000,1.54000000,262218303,262218304,1782871921007006,False,True
171433399,6.88000000,46.38000000,262218305,262218314,1782871980723902,False,True
171433400,6.88000000,26.97000000,262218315,262218324,1782871987123061,False,True
171433401,6.88000000,2.33000000,262218325,262218327,1782871987126633,False,True
171433402,6.88000000,3.91000000,262218328,262218333,1782871987141040,False,True
171433403,6.88000000,7.97000000,262218334,262218340,1782872028316192,False,True
171433404,6.89000000,20.00000000,262218341,262218341,1782872061559932,False,True
171433405,6.89000000,20.00000000,262218342,262218342,1782872072758029,False,True
171433406,6.89000000,22.24000000,262218343,262218354,1782872148589503,False,True
171433407,6.89000000,67.23000000,262218355,262218355,1782872148623387,True,True
171433408,6.89000000,78.35000000,262218356,262218357,1782872148670344,True,True
171433409,6.89000000,59.48000000,262218358,262218360,1782872149129188,True,True
171433410,6.89000000,1.54000000,262218361,262218362,1782872149130373,True,True
171433411,6.89000000,7.42000000,262218363,262218369,1782872158514317,False,True
171433412,6.89000000,67.79000000,262218370,262218370,1782872158548077,True,True
171433413,6.89000000,119.82000000,262218371,262218374,1782872159028284,True,True
171433414,6.89000000,1.54000000,262218375,262218376,1782872159030671,True,True
171433415,6.88000000,1.26000000,262218377,262218377,1782872175328023,True,True
171433416,6.89000000,2.29000000,262218378,262218380,1782872176722874,False,True
171433417,6.89000000,1.09000000,262218381,262218383,1782872178667858,False,True
171433418,6.89000000,1.09000000,262218384,262218385,1782872178668076,False,True
171433419,6.89000000,1.09000000,262218386,262218387,1782872178668096,False,True
171433420,6.89000000,3.88000000,262218388,262218392,1782872178939095,False,True
171433421,6.89000000,2.31000000,262218393,262218395,1782872182724127,True,True
171433422,6.89000000,108.85000000,262218396,262218403,1782872196736426,False,True
171433423,6.89000000,7.31000000,262218404,262218410,1782872207746384,False,True
171433424,6.88000000,187.19000000,262218411,262218421,1782872376447703,True,True
171433425,6.88000000,2.32000000,262218422,262218424,1782872376458043,True,True
171433426,6.87000000,181.57000000,262218425,262218429,1782872376553501,True,True
171433427,6.88000000,594.22000000,262218430,262218448,1782872490673475,False,True
171433428,6.88000000,3.01000000,262218449,262218449,1782872490773814,True,True
171433429,6.89000000,1.09000000,262218450,262218451,1782872537938249,False,True
171433430,6.89000000,29.05000000,262218452,262218462,1782872537940797,False,True
171433431,6.89000000,85.90000000,262218463,262218463,1782872537978523,True,True
171433432,6.89000000,3.08000000,262218464,262218467,1782872562845201,True,True
171433433,6.89000000,0.77000000,262218468,262218468,1782872562846706,True,True
171433434,6.89000000,103.56000000,262218469,262218477,1782872569397427,False,True
171433435,6.89000000,16.37000000,262218478,262218482,1782872569397499,False,True
171433436,6.90000000,161.33000000,262218483,262218495,1782872582889074,False,True
171433437,6.90000000,29.35000000,262218496,262218506,1782872633671670,False,True
171433438,6.90000000,3.86000000,262218507,262218511,1782872642136037,True,True
171433439,6.89000000,11.38000000,262218512,262218512,1782872642136037,True,True
171433440,6.90000000,4.65000000,262218513,262218518,1782872643864077,False,True
171433441,6.90000000,2.31000000,262218519,262218521,1782872647199263,True,True
171433442,6.90000000,0.77000000,262218522,262218522,1782872647200555,True,True
171433443,6.90000000,8.79000000,262218523,262218531,1782872661139308,False,True
171433444,6.90000000,1.54000000,262218532,262218533,1782872668911296,True,True
171433445,6.90000000,0.77000000,262218534,262218534,1782872668912626,True,True
171433446,6.89000000,36.53000000,262218535,262218535,1782872772280659,True,True
171433447,6.89000000,21.45000000,262218536,262218542,1782872772291670,True,True
171433448,6.89000000,3.27000000,262218543,262218543,1782872772314582,True,True
171433449,6.89000000,2.08000000,262218544,262218544,1782872772344222,True,True
171433450,6.89000000,2.92000000,262218545,262218545,1782872772364326,True,True
171433451,6.89000000,3.68000000,262218546,262218546,1782872772386324,True,True
171433452,6.89000000,2.10000000,262218547,262218547,1782872772400910,True,True
171433453,6.89000000,2.97000000,262218548,262218548,1782872772439248,True,True
171433454,6.89000000,1.59000000,262218549,262218549,1782872772464196,True,True
171433455,6.89000000,1.61000000,262218550,262218550,1782872772475609,True,True
171433456,6.89000000,51.15000000,262218551,262218551,1782872773009662,True,True
171433457,6.89000000,2.72000000,262218552,262218552,1782872773031739,True,True
171433458,6.89000000,3.38000000,262218553,262218553,1782872773101043,True,True
171433459,6.89000000,2.98000000,262218554,262218554,1782872773114159,True,True
171433460,6.89000000,3.58000000,262218555,262218555,1782872773139266,True,True
171433461,6.89000000,1.82000000,262218556,262218556,1782872773169176,True,True
171433462,6.89000000,1.60000000,262218557,262218557,1782872773180746,True,True
171433463,6.89000000,3.42000000,262218558,262218558,1782872773195410,True,True
171433464,6.89000000,3.94000000,262218559,262218559,1782872773209522,True,True
171433465,6.89000000,4.32000000,262218560,262218560,1782872773239143,True,True
171433466,6.89000000,39.45000000,262218561,262218561,1782872774038888,True,True
171433467,6.89000000,4.69000000,262218562,262218562,1782872774067596,True,True
171433468,6.89000000,2.89000000,262218563,262218563,1782872774087358,True,True
171433469,6.89000000,11.07000000,262218564,262218564,1782872774160299,True,True
171433470,6.89000000,3.38000000,262218565,262218565,1782872774174112,True,True
171433471,6.89000000,3.81000000,262218566,262218566,1782872774188345,True,True
171433472,6.89000000,3.97000000,262218567,262218567,1782872774229831,True,True
171433473,6.89000000,5.74000000,262218568,262218568,1782872774273518,True,True
171433474,6.89000000,3.88000000,262218569,262218569,1782872774289286,True,True
171433475,6.89000000,5.38000000,262218570,262218570,1782872774318288,True,True
171433476,6.89000000,40.33000000,262218571,262218571,1782872775095962,True,True
171433477,6.89000000,7.85000000,262218572,262218572,1782872775149947,True,True
171433478,6.89000000,4.75000000,262218573,262218573,1782872775178315,True,True
171433479,6.89000000,2.73000000,262218574,262218575,1782872775196882,True,True
171433480,6.89000000,6.25000000,262218576,262218576,1782872775239805,True,True
171433481,6.89000000,16.92000000,262218577,262218581,1782872775239983,True,True
171433482,6.89000000,20.00000000,262218582,262218588,1782872784270407,False,True
171433483,6.89000000,3.53000000,262218589,262218589,1782872784271036,False,True
171433484,6.89000000,37.60000000,262218590,262218593,1782872784271548,False,True
171433485,6.90000000,368.02000000,262218594,262218610,1782872784271548,False,True
171433486,6.90000000,14.49000000,262218611,262218616,1782872800154645,False,True
171433487,6.90000000,4.79000000,262218617,262218622,1782872881851087,False,True
171433488,6.90000000,7.57000000,262218623,262218625,1782872884031175,False,True
171433489,6.90000000,13.89000000,262218626,262218626,1782872892084384,False,True
171433490,6.90000000,5.26000000,262218627,262218632,1782872893314155,False,True
171433491,6.91000000,6.10000000,262218633,262218633,1782873001880123,False,True
171433492,6.91000000,7.30000000,262218634,262218634,1782873030086455,False,True
171433493,6.91000000,21.51000000,262218635,262218648,1782873038175295,False,True
171433494,6.91000000,1.54000000,262218649,262218649,1782873040001864,True,True
171433495,6.92000000,0.86000000,262218650,262218650,1782873052093041,False,True
171433496,6.92000000,1.09000000,262218651,262218652,1782873083129669,False,True
171433497,6.92000000,1.09000000,262218653,262218653,1782873083129690,False,True
171433498,6.92000000,1.09000000,262218654,262218654,1782873083129711,False,True
171433499,6.92000000,25.12000000,262218655,262218671,1782873083314479,False,True
171433500,6.92000000,0.76000000,262218672,262218672,1782873090393160,True,True
171433501,6.92000000,3.08000000,262218673,262218676,1782873091448971,True,True
171433502,6.92000000,1.54000000,262218677,262218678,1782873091489549,True,True
171433503,6.92000000,9.03000000,262218679,262218686,1782873094139645,False,True
171433504,6.92000000,15.24000000,262218687,262218687,1782873094860489,True,True
171433505,6.92000000,3.08000000,262218688,262218691,1782873101544457,True,True
171433506,6.92000000,0.77000000,262218692,262218692,1782873101544751,True,True
171433507,6.92000000,3.86000000,262218693,262218697,1782873102664254,False,True
171433508,6.92000000,30.11000000,262218698,262218698,1782873105649989,True,True
171433509,6.92000000,16.20000000,262218699,262218702,1782873105651543,True,True
171433510,6.92000000,8.99000000,262218703,262218711,1782873157914438,False,True
171433511,6.92000000,1.54000000,262218712,262218713,1782873163812549,True,True
171433512,6.92000000,1.54000000,262218714,262218715,1782873163839453,True,True
171433513,6.92000000,3.00000000,262218716,262218718,1782873172807870,False,True
171433514,6.91000000,6.85000000,262218719,262218726,1782873191652021,True,True
171433515,6.91000000,1.54000000,262218727,262218728,1782873191664227,True,True
171433516,6.91000000,6.19000000,262218729,262218736,1782873220164260,False,True
171433517,6.92000000,20.97000000,262218737,262218746,1782873296839410,False,True
171433518,6.92000000,35.52000000,262218747,262218747,1782873302523295,True,True
171433519,6.92000000,3.85000000,262218748,262218752,1782873307889205,True,True
171433520,6.92000000,18.54000000,262218753,262218759,1782873308340467,False,True
171433521,6.92000000,1.00000000,262218760,262218760,1782873500718277,True,True
171433522,6.92000000,10.00000000,262218761,262218761,1782873510257958,True,True
171433523,6.93000000,17.63000000,262218762,262218775,1782873512189396,False,True
171433524,6.93000000,3.85000000,262218776,262218780,1782873545039430,True,True
171433525,6.93000000,7.11000000,262218781,262218788,1782873550314374,False,True
171433526,6.93000000,3.85000000,262218789,262218793,1782873562039330,True,True
171433527,6.93000000,77.18000000,262218794,262218803,1782873725413724,False,True
171433528,6.93000000,1.54000000,262218804,262218805,1782873725415456,False,True
171433529,6.93000000,1.12000000,262218806,262218806,1782873875784188,True,True
171433530,6.93000000,1.23000000,262218807,262218807,1782873905775126,True,True
171433531,6.93000000,10.00000000,262218808,262218808,1782873932006162,True,True
171433532,6.93000000,1.14000000,262218809,262218809,1782873950776232,True,True
171433533,6.94000000,41.99000000,262218810,262218823,1782873996580319,False,True
171433534,6.93000000,4.86000000,262218824,262218829,1782874022127623,True,True
171433535,6.93000000,1.54000000,262218830,262218831,1782874022129207,True,True
171433536,6.92000000,1.16000000,262218832,262218832,1782874060782048,True,True
171433537,6.92000000,1.27000000,262218833,262218833,1782874090787311,True,True
171433538,6.92000000,10.78000000,262218834,262218842,1782874091880819,True,True
171433539,6.92000000,1.54000000,262218843,262218844,1782874091920366,True,True
171433540,6.92000000,150.20000000,262218845,262218853,1782874094112059,False,True
171433541,6.93000000,13.89000000,262218854,262218854,1782874094236887,False,True
171433542,6.93000000,494.76000000,262218855,262218878,1782874094239888,False,True
171433543,6.93000000,3.61000000,262218879,262218879,1782874094412734,True,True
171433544,6.93000000,71.91000000,262218880,262218881,1782874094450197,True,True
171433545,6.93000000,60.20000000,262218882,262218887,1782874106715712,True,True
171433546,6.93000000,0.77000000,262218888,262218888,1782874106717792,True,True
171433547,6.92000000,4.30000000,262218889,262218889,1782874144918663,True,True
171433548,6.92000000,1.07000000,262218890,262218890,1782874175782118,True,True
171433549,6.92000000,1.25000000,262218891,262218891,1782874210791820,True,True
171433550,6.93000000,11.90000000,262218892,262218892,1782874220596939,False,True
171433551,6.92000000,1.41000000,262218893,262218893,1782874250774289,True,True
171433552,6.93000000,36.38000000,262218894,262218901,1782874260729699,False,True
171433553,6.93000000,5.67000000,262218902,262218904,1782874260731359,False,True
171433554,6.93000000,3.87000000,262218905,262218909,1782874260735565,False,True
171433555,6.93000000,2.31000000,262218910,262218912,1782874260737298,False,True
171433556,6.94000000,306.34000000,262218913,262218921,1782874322320655,False,True
171433557,6.93000000,3.08000000,262218922,262218925,1782874340417175,True,True
171433558,6.93000000,1.54000000,262218926,262218927,1782874340440444,True,True
171433559,6.92000000,1.10000000,262218928,262218928,1782874365782623,True,True
171433560,6.93000000,37.45000000,262218929,262218934,1782874382054453,False,True
171433561,6.93000000,11.35000000,262218935,262218938,1782874382064411,False,True
171433562,6.93000000,3.08000000,262218939,262218942,1782874386439123,True,True
171433563,6.92000000,1.17000000,262218943,262218944,1782874435773867,True,True
171433564,6.92000000,1.08000000,262218945,262218946,1782874443752055,True,True
171433565,6.92000000,1.01000000,262218947,262218947,1782874475789127,True,True
171433566,6.93000000,72.87000000,262218948,262218956,1782874494535505,False,True
171433567,6.93000000,1.44000000,262218957,262218958,1782874494538797,False,True
171433568,6.93000000,0.88000000,262218959,262218960,1782874494539395,False,True
171433569,6.93000000,5.39000000,262218961,262218967,1782874524638957,True,True
171433570,6.93000000,20.00000000,262218968,262218968,1782874538278637,False,True
171433571,6.93000000,20.00000000,262218969,262218969,1782874546776303,False,True
171433572,6.93000000,5.52000000,262218970,262218975,1782874557959811,False,True
171433573,6.93000000,3.08000000,262218976,262218979,1782874571438994,True,True
171433574,6.92000000,36.84000000,262218980,262218981,1782874581384504,True,True
171433575,6.93000000,7.87000000,262218982,262218984,1782874599665900,False,True
171433576,6.92000000,0.98000000,262218985,262218985,1782874625773719,True,True
171433577,6.92000000,1.16000000,262218986,262218986,1782874655781351,True,True
171433578,6.92000000,1.19000000,262218987,262218987,1782874690787952,True,True
171433579,6.92000000,145.95000000,262218988,262218989,1782874695654876,True,True
171433580,6.92000000,1.03000000,262218990,262218990,1782874730783465,True,True
171433581,6.92000000,1.51000000,262218991,262218991,1782874765773955,True,True
171433582,6.93000000,6.43000000,262218992,262218998,1782874807429913,False,True
171433583,6.93000000,2.31000000,262218999,262219001,1782874807431189,False,True
171433584,6.93000000,10.52000000,262219002,262219005,1782874813906410,True,True
171433585,6.93000000,1.54000000,262219006,262219007,1782874813914389,True,True
171433586,6.93000000,5.74000000,262219008,262219008,1782874813935721,False,True
171433587,6.93000000,31.09000000,262219009,262219014,1782874818350810,False,True
171433588,6.93000000,25.31000000,262219015,262219015,1782874818351015,False,True
171433589,6.93000000,1.54000000,262219016,262219017,1782874818352706,False,True
171433590,6.93000000,3.85000000,262219018,262219022,1782874877177678,True,True
171433591,6.93000000,2.31000000,262219023,262219025,1782874877189747,True,True
171433592,6.92000000,1.05000000,262219026,262219026,1782874905782734,True,True
171433593,6.93000000,14.43000000,262219027,262219030,1782874908556270,False,True
171433594,6.92000000,6.85000000,262219031,262219038,1782874918851338,True,True
171433595,6.92000000,7.24000000,262219039,262219046,1782874921459325,False,True
171433596,6.93000000,36.23000000,262219047,262219047,1782874984502158,False,True
171433597,6.93000000,5.43000000,262219048,262219053,1782874984514568,False,True
171433598,6.93000000,3.50000000,262219054,262219058,1782874984524639,False,True
171433599,6.93000000,1.66000000,262219059,262219061,1782874984526069,False,True
171433600,6.93000000,20.95000000,262219062,262219066,1782875001108073,True,True
171433601,6.94000000,14.63000000,262219067,262219073,1782875008740444,False,True
171433602,6.93000000,0.88000000,262219074,262219075,1782875095782533,True,True
171433603,6.93000000,1.21000000,262219076,262219077,1782875125774677,True,True
171433604,6.94000000,14.32000000,262219078,262219088,1782875144889475,False,True
171433605,6.94000000,15.17000000,262219089,262219089,1782875146874250,True,True
171433606,6.94000000,1.36000000,262219090,262219090,1782875190781851,True,True
171433607,6.95000000,7.67000000,262219091,262219092,1782875217086035,False,True
171433608,6.94000000,0.94000000,262219093,262219093,1782875235775000,True,True
171433609,6.94000000,1.34000000,262219094,262219094,1782875265782333,True,True
171433610,6.95000000,11.46000000,262219095,262219097,1782875282007185,False,True
171433611,6.95000000,12.28000000,262219098,262219107,1782875282010316,False,True
171433612,6.95000000,4.31000000,262219108,262219109,1782875288067157,False,True
171433613,6.94000000,36.60000000,262219110,262219114,1782875317981447,True,True
171433614,6.94000000,42.54000000,262219115,262219118,1782875317986797,True,True
171433615,6.94000000,8.87000000,262219119,262219127,1782875342930101,False,True
171433616,6.94000000,71.97000000,262219128,262219128,1782875343251988,True,True
171433617,6.94000000,3.08000000,262219129,262219132,1782875344350586,True,True
171433618,6.93000000,1.08000000,262219133,262219135,1782875465773868,True,True
171433619,6.93000000,460.00000000,262219136,262219140,1782875475791153,True,True
171433620,6.93000000,70.29000000,262219141,262219145,1782875475791212,True,True
171433621,6.93000000,1.54000000,262219146,262219147,1782875475793007,True,True
171433622,6.92000000,29.68000000,262219148,262219149,1782875484724338,True,True
171433623,6.93000000,14.43000000,262219150,262219154,1782875493009953,False,True
171433624,6.92000000,1.26000000,262219155,262219155,1782875495787926,True,True
171433625,6.92000000,1.66000000,262219156,262219156,1782875498609865,True,True
171433626,6.93000000,36.88000000,262219157,262219158,1782875539982432,False,True
171433627,6.93000000,17.88000000,262219159,262219160,1782875539995387,False,True
171433628,6.93000000,36.82000000,262219161,262219163,1782875545233846,False,True
171433629,6.93000000,3.10000000,262219164,262219164,1782875545254909,False,True
171433630,6.93000000,10.30000000,262219165,262219165,1782875545326360,False,True
171433631,6.93000000,13.74000000,262219166,262219166,1782875545418627,False,True
171433632,6.92000000,1.41000000,262219167,262219167,1782875545773700,True,True
171433633,6.93000000,38.01000000,262219168,262219174,1782875553845283,False,True
171433634,6.93000000,5.73000000,262219175,262219175,1782875553868869,False,True
171433635,6.92000000,89.67000000,262219176,262219178,1782875560530542,True,True
171433636,6.93000000,57.74000000,262219179,262219184,1782875571665456,False,True
171433637,6.93000000,57.77000000,262219185,262219187,1782875574622064,False,True
171433638,6.92000000,4.00000000,262219188,262219188,1782875634487899,True,True
171433639,6.92000000,4.30000000,262219189,262219189,1782875704390737,True,True
171433640,6.92000000,1.27000000,262219190,262219190,1782875745773708,True,True
171433641,6.92000000,4.30000000,262219191,262219191,1782875751047817,True,True
171433642,6.92000000,1.12000000,262219192,262219192,1782875785773602,True,True
171433643,6.92000000,4.30000000,262219193,262219193,1782875797605275,True,True
171433644,6.92000000,8.87000000,262219194,262219202,1782875804753440,True,True
171433645,6.92000000,1.54000000,262219203,262219204,1782875804756164,True,True
171433646,6.92000000,7.93000000,262219205,262219211,1782875811903992,False,True
171433647,6.93000000,31.13000000,262219212,262219215,1782875811904094,False,True
171433648,6.93000000,31.13000000,262219216,262219216,1782875811904462,False,True
171433649,6.93000000,31.13000000,262219217,262219221,1782875811906357,False,True
171433650,6.93000000,25.35000000,262219222,262219222,1782875811907253,False,True
171433651,6.93000000,13.04000000,262219223,262219223,1782875811907955,False,True
171433652,6.93000000,31.13000000,262219224,262219224,1782875811912845,False,True
171433653,6.92000000,3.08000000,262219225,262219228,1782875878183967,True,True
171433654,6.92000000,1.54000000,262219229,262219230,1782875878189397,True,True
171433655,6.91000000,4.30000000,262219231,262219231,1782875880872717,True,True
171433656,6.91000000,4.30000000,262219232,262219232,1782875917537665,True,True
171433657,6.91000000,4.30000000,262219233,262219233,1782875958356910,True,True
171433658,6.91000000,4.30000000,262219234,262219234,1782875988845892,True,True
171433659,6.91000000,4.30000000,262219235,262219235,1782876004877871,True,True
171433660,6.91000000,1.10000000,262219236,262219236,1782876010780228,True,True
171433661,6.91000000,4.30000000,262219237,262219242,1782876020074759,True,True
171433662,6.91000000,8.79000000,262219243,262219249,1782876024239291,True,True
171433663,6.90000000,4.30000000,262219250,262219250,1782876042576909,True,True
171433664,6.90000000,1.41000000,262219251,262219251,1782876045773250,True,True
171433665,6.90000000,4.30000000,262219252,262219252,1782876054685127,True,True
171433666,6.90000000,4.30000000,262219253,262219254,1782876057022101,True,True
171433667,6.91000000,33.73000000,262219255,262219258,1782876067564890,False,True
171433668,6.91000000,82.36000000,262219259,262219267,1782876070082961,False,True
171433669,6.91000000,0.77000000,262219268,262219268,1782876070084424,False,True
171433670,6.91000000,4.30000000,262219269,262219269,1782876114354371,True,True
171433671,6.91000000,1.24000000,262219270,262219270,1782876135774216,True,True
171433672,6.92000000,1.01000000,262219271,262219272,1782876147369405,False,True
171433673,6.91000000,1.00000000,262219273,262219273,1782876175773222,True,True
171433674,6.91000000,0.89000000,262219274,262219274,1782876205773180,True,True
171433675,6.91000000,1.45000000,262219275,262219275,1782876240782634,True,True
171433676,6.91000000,1.48000000,262219276,262219276,1782876275782076,True,True
171433677,6.92000000,104.99000000,262219277,262219289,1782876302712223,False,True
171433678,6.92000000,0.78000000,262219290,262219290,1782876302712541,False,True
171433679,6.92000000,94.96000000,262219291,262219292,1782876302746995,True,True
171433680,6.93000000,7.21000000,262219293,262219296,1782876318803770,False,True
171433681,6.92000000,3.08000000,262219297,262219300,1782876370249713,True,True
171433682,6.92000000,0.77000000,262219301,262219301,1782876370307478,True,True
171433683,6.92000000,1.54000000,262219302,262219303,1782876370310525,True,True
171433684,6.92000000,1.54000000,262219304,262219305,1782876370313850,True,True
171433685,6.91000000,1.15000000,262219306,262219306,1782876390773198,True,True
171433686,6.92000000,6.31000000,262219307,262219312,1782876415475342,False,True
171433687,6.92000000,9.57000000,262219313,262219320,1782876455280303,False,True
171433688,6.92000000,3.32000000,262219321,262219323,1782876455281848,False,True
171433689,6.93000000,18.24000000,262219324,262219325,1782876455281848,False,True
171433690,6.92000000,21.05000000,262219326,262219326,1782876472613758,True,True
171433691,6.92000000,1.07000000,262219327,262219327,1782876565774435,True,True
171433692,6.93000000,25.31000000,262219328,262219329,1782876599699387,False,True
171433693,6.93000000,31.09000000,262219330,262219330,1782876599699531,False,True
171433694,6.93000000,149.60000000,262219331,262219346,1782876599701404,False,True
171433695,6.93000000,1.35000000,262219347,262219347,1782876599703700,True,True
171433696,6.93000000,3.08000000,262219348,262219351,1782876615128928,True,True
171433697,6.93000000,1.54000000,262219352,262219353,1782876615130133,True,True
171433698,6.92000000,1.19000000,262219354,262219354,1782876635781157,True,True
171433699,6.92000000,1.42000000,262219355,262219355,1782876680781851,True,True
171433700,6.92000000,1.48000000,262219356,262219356,1782876715773940,True,True
171433701,6.92000000,1.09000000,262219357,262219358,1782876755781206,True,True
171433702,6.93000000,23.95000000,262219359,262219359,1782876755880774,False,True
171433703,6.92000000,1.33000000,262219360,262219362,1782876795773585,True,True
171433704,6.92000000,1.00000000,262219363,262219364,1782876807996185,True,True
171433705,6.93000000,30.33000000,262219365,262219372,1782876820206119,False,True
171433706,6.93000000,0.77000000,262219373,262219373,1782876820208192,False,True
171433707,6.93000000,3.08000000,262219374,262219377,1782876852239381,True,True
171433708,6.92000000,0.95000000,262219378,262219379,1782876885775344,True,True
171433709,6.92000000,1.42000000,262219380,262219381,1782876915773693,True,True
171433710,6.92000000,1.27000000,262219382,262219383,1782876955773490,True,True
171433711,6.93000000,148.18000000,262219384,262219397,1782876978026196,False,True
171433712,6.94000000,20.00000000,262219398,262219399,1782876978292991,False,True
171433713,6.94000000,13.89000000,262219400,262219408,1782876993071330,False,True
171433714,6.94000000,28.59000000,262219409,262219414,1782876993080767,False,True
171433715,6.95000000,31.04000000,262219415,262219416,1782876993083298,False,True
171433716,6.95000000,31.04000000,262219417,262219417,1782876993148231,False,True
171433717,6.95000000,31.00000000,262219418,262219428,1782877023731892,False,True
171433718,6.95000000,21.28000000,262219429,262219431,1782877023731903,False,True
171433719,6.96000000,3.96000000,262219432,262219434,1782877023731903,False,True
171433720,6.96000000,12.99000000,262219435,262219435,1782877023732221,False,True
171433721,6.96000000,13.89000000,262219436,262219439,1782877028494991,False,True
171433722,6.96000000,2.18000000,262219440,262219441,1782877028529822,False,True
171433723,6.96000000,50.00000000,262219442,262219443,1782877028530357,False,True
171433724,6.96000000,29.24000000,262219444,262219453,1782877028530420,False,True
171433725,6.96000000,266.37000000,262219454,262219459,1782877028742797,True,True
171433726,6.96000000,15.10000000,262219460,262219464,1782877038842646,True,True
171433727,6.96000000,8.84000000,262219465,262219472,1782877065017024,True,True
171433728,6.95000000,5.43000000,262219473,262219479,1782877081813856,True,True
171433729,6.94000000,1.22000000,262219480,262219481,1782877235781009,True,True
171433730,6.95000000,1.37000000,262219482,262219483,1782877252871273,False,True
171433731,6.94000000,1.00000000,262219484,262219484,1782877275774554,True,True
171433732,6.94000000,0.92000000,262219485,262219485,1782877310773527,True,True
171433733,6.94000000,1.07000000,262219486,262219487,1782877340781276,True,True
171433734,6.94000000,12.49000000,262219488,262219496,1782877362763916,True,True
171433735,6.94000000,1.54000000,262219497,262219498,1782877362765585,True,True
171433736,6.93000000,1.18000000,262219499,262219499,1782877375773858,True,True
171433737,6.93000000,0.91000000,262219500,262219500,1782877400781177,True,True
171433738,6.93000000,1.11000000,262219501,262219501,1782877425774660,True,True
171433739,6.94000000,15.73000000,262219502,262219514,1782877442770985,False,True
171433740,6.94000000,1.54000000,262219515,262219516,1782877442994955,True,True
171433741,6.94000000,1.54000000,262219517,262219518,1782877442996592,True,True
171433742,6.94000000,87.48000000,262219519,262219523,1782877476595820,False,True
171433743,6.94000000,12.41000000,262219524,262219534,1782877523720121,False,True
171433744,6.94000000,3.10000000,262219535,262219538,1782877523784386,False,True
171433745,6.94000000,3.10000000,262219539,262219542,1782877523795852,False,True
171433746,6.94000000,3.10000000,262219543,262219546,1782877523814213,False,True
171433747,6.94000000,3.10000000,262219547,262219550,1782877523827628,False,True
171433748,6.94000000,3.10000000,262219551,262219554,1782877523839350,False,True
171433749,6.94000000,3.10000000,262219555,262219558,1782877523851473,False,True
171433750,6.94000000,3.10000000,262219559,262219562,1782877523864379,False,True
171433751,6.94000000,3.10000000,262219563,262219566,1782877523876771,False,True
171433752,6.95000000,0.87000000,262219567,262219568,1782877536471104,False,True
171433753,6.94000000,1.46000000,262219569,262219570,1782877600780675,True,True
171433754,6.95000000,12.99000000,262219571,262219579,1782877621449927,False,True
171433755,6.95000000,26.77000000,262219580,262219584,1782877621450079,False,True
171433756,6.96000000,4.23000000,262219585,262219585,1782877621450079,False,True
171433757,6.95000000,116.55000000,262219586,262219587,1782877621485773,True,True
171433758,6.95000000,3.86000000,262219588,262219592,1782877632313483,True,True
171433759,6.95000000,7.07000000,262219593,262219597,1782877644297881,True,True
171433760,6.95000000,8.53000000,262219598,262219603,1782877675569062,True,True
171433761,6.95000000,1.55000000,262219604,262219605,1782877675572360,True,True
171433762,6.95000000,1.55000000,262219606,262219608,1782877675575419,True,True
171433763,6.95000000,0.77000000,262219609,262219609,1782877675664630,True,True
171433764,6.95000000,0.78000000,262219610,262219610,1782877675704674,True,True
171433765,6.95000000,2.32000000,262219611,262219613,1782877675707980,True,True
171433766,6.95000000,2.12000000,262219614,262219614,1782877680870626,False,True
171433767,6.94000000,1.25000000,262219615,262219617,1782877715780774,True,True
171433768,6.95000000,20.00000000,262219618,262219618,1782877753196157,False,True
171433769,6.94000000,1.27000000,262219619,262219620,1782877760781592,True,True
171433770,6.95000000,186.77000000,262219621,262219634,1782877760910991,False,True
171433771,6.95000000,57.62000000,262219635,262219635,1782877782345994,True,True
171433772,6.95000000,28.13000000,262219636,262219636,1782877782490566,True,True
171433773,6.95000000,1.26000000,262219637,262219637,1782877875774247,True,True
171433774,6.96000000,10.83000000,262219638,262219646,1782877891258209,False,True
171433775,6.96000000,3.10000000,262219647,262219650,1782877891280984,False,True
171433776,6.96000000,2.31000000,262219651,262219653,1782877891282589,False,True
171433777,6.96000000,49.00000000,262219654,262219656,1782877894469998,True,True
171433778,6.96000000,1.54000000,262219657,262219658,1782877894471650,True,True
171433779,6.96000000,16.11000000,262219659,262219673,1782877932776914,False,True
171433780,6.97000000,38.18000000,262219674,262219675,1782877972288450,False,True
171433781,6.96000000,1.46000000,262219676,262219677,1782877972667850,True,True
171433782,6.97000000,38.42000000,262219678,262219681,1782877973224231,False,True
171433783,6.97000000,4.02000000,262219682,262219682,1782877973252824,False,True
171433784,6.97000000,1.61000000,262219683,262219683,1782877973264256,False,True
171433785,6.97000000,2.18000000,262219684,262219684,1782877973289547,False,True
171433786,6.96000000,3.22000000,262219685,262219685,1782877973749515,True,True
171433787,6.96000000,4.25000000,262219686,262219686,1782878069787619,True,True
171433788,6.97000000,36.62000000,262219687,262219687,1782878076660856,False,True
171433789,6.97000000,2.41000000,262219688,262219688,1782878076683672,False,True
171433790,6.97000000,13.89000000,262219689,262219689,1782878076693362,False,True
171433791,6.97000000,6.66000000,262219690,262219690,1782878076709322,False,True
171433792,6.97000000,2.04000000,262219691,262219691,1782878076731580,False,True
171433793,6.97000000,3.06000000,262219692,262219692,1782878076744616,False,True
171433794,6.97000000,9.62000000,262219693,262219693,1782878076754737,False,True
171433795,6.97000000,5.25000000,262219694,262219694,1782878076766272,False,True
171433796,6.97000000,2.67000000,262219695,262219695,1782878076778108,False,True
171433797,6.97000000,5.36000000,262219696,262219696,1782878076789946,False,True
171433798,6.97000000,2.47000000,262219697,262219697,1782878076807154,False,True
171433799,6.97000000,24.54000000,262219698,262219698,1782878077150671,False,True
171433800,6.97000000,26.81000000,262219699,262219699,1782878077150785,False,True
171433801,6.97000000,31.14000000,262219700,262219700,1782878077153755,False,True
171433802,6.97000000,33.63000000,262219701,262219701,1782878077155099,False,True
171433803,6.97000000,53.35000000,262219702,262219702,1782878077160159,False,True
171433804,6.97000000,21.27000000,262219703,262219703,1782878077168248,False,True
171433805,6.97000000,19.51000000,262219704,262219704,1782878077174992,False,True
171433806,6.97000000,58.82000000,262219705,262219705,1782878077175882,False,True
171433807,6.97000000,1.08000000,262219706,262219706,1782878077178511,False,True
171433808,6.97000000,109.19000000,262219707,262219707,1782878077208813,False,True
171433809,6.97000000,13.89000000,262219708,262219708,1782878077211272,False,True
171433810,6.97000000,38.79000000,262219709,262219709,1782878077212771,False,True
171433811,6.97000000,47.98000000,262219710,262219710,1782878077215321,False,True
171433812,6.97000000,105.43000000,262219711,262219724,1782878077215720,False,True
171433813,6.97000000,12.47000000,262219725,262219729,1782878077217951,False,True
171433814,6.97000000,13.89000000,262219730,262219736,1782878088107033,True,True
171433815,6.97000000,1.54000000,262219737,262219738,1782878095432928,True,True
171433816,6.97000000,4.29000000,262219739,262219743,1782878096922845,False,True
171433817,6.97000000,3.08000000,262219744,262219747,1782878096933464,False,True
171433818,6.97000000,2.31000000,262219748,262219750,1782878096935283,False,True
171433819,6.97000000,2.31000000,262219751,262219753,1782878099564208,True,True
171433820,6.97000000,19.79000000,262219754,262219760,1782878119165780,False,True
171433821,6.97000000,1.54000000,262219761,262219762,1782878119168283,False,True
171433822,6.97000000,44.58000000,262219763,262219767,1782878131844805,True,True
171433823,6.97000000,1.54000000,262219768,262219769,1782878131854856,True,True
171433824,6.96000000,4.25000000,262219770,262219770,1782878133726413,True,True
171433825,6.96000000,4.19000000,262219771,262219773,1782878135364112,True,True
