40354208,0.06863000,218.90000000,64591147,64591147,1782864094284373,True,True
40354209,0.06862000,132.70000000,64591148,64591148,1782864094284373,True,True
40354210,0.06860000,9439.70000000,64591149,64591150,1782864140374835,False,True
40354211,0.06860000,3638.80000000,64591151,64591151,1782864140376084,False,True
40354212,0.06857000,11458.50000000,64591152,64591152,1782864153112509,False,True
40354213,0.06858000,3358.90000000,64591153,64591153,1782864153113825,False,True
40354214,0.06859000,219.00000000,64591154,64591154,1782864153114953,False,True
40354215,0.06854000,2812.00000000,64591155,64591156,1782864158700321,True,True
40354216,0.06853000,3538.60000000,64591157,64591157,1782864159126734,False,True
40354217,0.06852000,219.30000000,64591158,64591158,1782864159152062,True,True
40354218,0.06854000,1624.80000000,64591159,64591159,1782864159563215,False,True
40354219,0.06851000,7904.40000000,64591160,64591161,1782864165892375,True,True
40354220,0.06850000,8687.60000000,64591162,64591162,1782864166406164,False,True
40354221,0.06851000,1839.30000000,64591163,64591164,1782864166406164,False,True
40354222,0.06852000,1620.00000000,64591165,64591165,1782864166406164,False,True
40354223,0.06854000,573.70000000,64591166,64591166,1782864166406164,False,True
40354224,0.06850000,2768.90000000,64591167,64591170,1782864189701399,True,True
40354225,0.06850000,1620.00000000,64591171,64591171,1782864193527719,True,True
40354226,0.06849000,2756.10000000,64591172,64591173,1782864193527719,True,True
40354227,0.06848000,2812.00000000,64591174,64591175,1782864193527719,True,True
40354228,0.06847000,5097.00000000,64591176,64591176,1782864193527719,True,True
40354229,0.06846000,1614.90000000,64591177,64591178,1782864193527719,True,True
40354230,0.06845000,1620.00000000,64591179,64591179,1782864194306183,False,True
40354231,0.06846000,1839.40000000,64591180,64591181,1782864194306183,False,True
40354232,0.06847000,5279.70000000,64591182,64591183,1782864194306183,False,True
40354233,0.06848000,1620.00000000,64591184,64591184,1782864194306183,False,True
40354234,0.06849000,2485.90000000,64591185,64591186,1782864194306183,False,True
40354235,0.06845000,1620.00000000,64591187,64591187,1782864194345889,True,True
40354236,0.06844000,4916.90000000,64591188,64591189,1782864194345889,True,True
40354237,0.06843000,805.50000000,64591190,64591190,1782864194361636,True,True
40354238,0.06843000,983.30000000,64591191,64591191,1782864194361857,True,True
40354239,0.06843000,743.00000000,64591192,64591192,1782864194367336,True,True
40354240,0.06843000,885.40000000,64591193,64591194,1782864194431931,True,True
40354241,0.06842000,2.60000000,64591195,64591195,1782864194431931,True,True
40354242,0.06843000,1462.00000000,64591196,64591196,1782864194709577,True,True
40354243,0.06843000,1462.00000000,64591197,64591197,1782864194720421,True,True
40354244,0.06844000,1462.00000000,64591198,64591198,1782864194792625,True,True
40354245,0.06849000,219.30000000,64591199,64591199,1782864195211269,False,True
40354246,0.06850000,8727.30000000,64591200,64591201,1782864195211269,False,True
40354247,0.06850000,1626.00000000,64591202,64591202,1782864195222946,False,True
40354248,0.06850000,1000.00000000,64591203,64591203,1782864195424176,False,True
40354249,0.06847000,1620.00000000,64591204,64591204,1782864196140107,True,True
40354250,0.06846000,2735.70000000,64591205,64591211,1782864196140107,True,True
40354251,0.06845000,5262.20000000,64591212,64591214,1782864196140107,True,True
40354252,0.06847000,804.10000000,64591215,64591215,1782864202451752,False,True
40354253,0.06847000,804.10000000,64591216,64591216,1782864203347623,False,True
40354254,0.06845000,3185.00000000,64591217,64591227,1782864209648056,True,True
40354255,0.06844000,1839.50000000,64591228,64591229,1782864209648056,True,True
40354256,0.06841000,637.00000000,64591230,64591230,1782864209665444,True,True
40354257,0.06841000,561.80000000,64591231,64591233,1782864209665914,True,True
40354258,0.06841000,561.80000000,64591234,64591235,1782864209668379,True,True
40354259,0.06840000,368.60000000,64591236,64591237,1782864209780620,True,True
40354260,0.06839000,219.70000000,64591238,64591238,1782864209797657,True,True
40354261,0.06836000,809.00000000,64591239,64591239,1782864209857131,True,True
40354262,0.06835000,219.80000000,64591240,64591240,1782864210151100,True,True
40354263,0.06832000,1000.00000000,64591241,64591241,1782864210603736,False,True
40354264,0.06831000,1846.90000000,64591242,64591245,1782864211493000,True,True
40354265,0.06829000,1483.70000000,64591246,64591246,1782864211494685,True,True
40354266,0.06828000,1283.70000000,64591247,64591247,1782864211496361,True,True
40354267,0.06832000,751.00000000,64591248,64591249,1782864211797387,False,True
40354268,0.06832000,751.00000000,64591250,64591250,1782864211797391,False,True
40354269,0.06832000,284.00000000,64591251,64591251,1782864212854353,False,True
40354270,0.06832000,751.00000000,64591252,64591252,1782864212854477,False,True
40354271,0.06832000,599.00000000,64591253,64591253,1782864212854509,False,True
40354272,0.06832000,284.00000000,64591254,64591254,1782864212854586,False,True
40354273,0.06832000,435.00000000,64591255,64591255,1782864212854684,False,True
40354274,0.06831000,86.90000000,64591256,64591256,1782864212991076,True,True
40354275,0.06831000,455.10000000,64591257,64591257,1782864212997063,True,True
40354276,0.06830000,1000.00000000,64591258,64591258,1782864213354209,False,True
40354277,0.06830000,6319.90000000,64591259,64591259,1782864214291600,False,True
40354278,0.06830000,530.70000000,64591260,64591260,1782864214291719,False,True
40354279,0.06829000,1564.00000000,64591261,64591262,1782864215713112,True,True
40354280,0.06828000,2721.40000000,64591263,64591263,1782864215713112,True,True
40354281,0.06827000,1114.10000000,64591264,64591270,1782864215714697,True,True
40354282,0.06827000,774.00000000,64591271,64591271,1782864215716348,True,True
40354283,0.06826000,794.00000000,64591272,64591272,1782864215716348,True,True
40354284,0.06826000,298.00000000,64591273,64591274,1782864215838744,True,True
40354285,0.06826000,149.00000000,64591275,64591275,1782864215838749,True,True
40354286,0.06826000,298.00000000,64591276,64591277,1782864215839294,True,True
40354287,0.06826000,149.00000000,64591278,64591278,1782864215841300,True,True
40354288,0.06826000,241.00000000,64591279,64591279,1782864215843034,True,True
40354289,0.06826000,794.00000000,64591280,64591281,1782864215844075,True,True
40354290,0.06826000,533.00000000,64591282,64591282,1782864215844096,True,True
40354291,0.06826000,928.00000000,64591283,64591283,1782864216449692,False,True
40354292,0.06826000,915.00000000,64591284,64591284,1782864216449746,False,True
40354293,0.06826000,1467.00000000,64591285,64591285,1782864217346880,False,True
40354294,0.06826000,1467.00000000,64591286,64591286,1782864217346961,False,True
40354295,0.06826000,1176.00000000,64591287,64591287,1782864217346999,False,True
40354296,0.06827000,904.00000000,64591288,64591288,1782864218374839,False,True
40354297,0.06827000,892.00000000,64591289,64591289,1782864218374851,False,True
40354298,0.06827000,955.00000000,64591290,64591290,1782864218374857,False,True
40354299,0.06827000,4206.60000000,64591291,64591293,1782864218390085,True,True
40354300,0.06828000,1840.00000000,64591294,64591295,1782864218531260,False,True
40354301,0.06829000,5319.30000000,64591296,64591297,1782864218531260,False,True
40354302,0.06830000,575.70000000,64591298,64591298,1782864218531260,False,True
40354303,0.06830000,220.00000000,64591299,64591299,1782864218541739,False,True
40354304,0.06830000,3180.80000000,64591300,64591301,1782864218562102,False,True
40354305,0.06831000,1620.00000000,64591302,64591302,1782864218562102,False,True
40354306,0.06832000,2934.20000000,64591303,64591304,1782864218562102,False,True
40354307,0.06825000,1402.00000000,64591305,64591306,1782864224021954,True,True
40354308,0.06825000,975.00000000,64591307,64591307,1782864224110815,False,True
40354309,0.06824000,1433.00000000,64591308,64591308,1782864225359205,False,True
40354310,0.06824000,1433.00000000,64591309,64591309,1782864225359256,False,True
40354311,0.06824000,526.00000000,64591310,64591310,1782864225359431,False,True
40354312,0.06824000,1433.00000000,64591311,64591311,1782864225359452,False,True
40354313,0.06824000,1433.00000000,64591312,64591312,1782864225359474,False,True
40354314,0.06824000,1433.00000000,64591313,64591313,1782864225918799,False,True
40354315,0.06824000,652.00000000,64591314,64591314,1782864225920083,False,True
40354316,0.06824000,95.00000000,64591315,64591315,1782864226829885,False,True
40354317,0.06824000,781.00000000,64591316,64591316,1782864226830010,False,True
40354318,0.06824000,982.20000000,64591317,64591317,1782864233485721,False,True
40354319,0.06824000,4125.10000000,64591318,64591318,1782864233817174,False,True
40354320,0.06825000,220.10000000,64591319,64591319,1782864233817174,False,True
40354321,0.06826000,52.90000000,64591320,64591320,1782864233817174,False,True
40354322,0.06826000,974.60000000,64591321,64591321,1782864233852225,False,True
40354323,0.06827000,512.90000000,64591322,64591322,1782864234249299,False,True
40354324,0.06827000,2038.30000000,64591323,64591324,1782864234723904,False,True
40354325,0.06827000,220.10000000,64591325,64591325,1782864243427400,False,True
40354326,0.06826000,1734.00000000,64591326,64591328,1782864246677503,True,True
40354327,0.06825000,882.00000000,64591329,64591329,1782864246677528,True,True
40354328,0.06824000,4778.80000000,64591330,64591336,1782864246677528,True,True
40354329,0.06822000,3483.00000000,64591337,64591338,1782864246677739,True,True
40354330,0.06821000,1192.00000000,64591339,64591339,1782864246677739,True,True
40354331,0.06819000,1620.00000000,64591340,64591340,1782864246681067,True,True
40354332,0.06819000,2559.40000000,64591341,64591341,1782864246682952,False,True
40354333,0.06820000,1643.20000000,64591342,64591342,1782864246684562,False,True
40354334,0.06820000,1787.20000000,64591343,64591343,1782864246684595,False,True
40354335,0.06821000,599.50000000,64591344,64591344,1782864246686071,False,True
40354336,0.06821000,1488.00000000,64591345,64591345,1782864246692237,False,True
40354337,0.06825000,220.10000000,64591346,64591346,1782864247559285,False,True
40354338,0.06828000,1620.00000000,64591347,64591347,1782864279875591,False,True
40354339,0.06829000,4780.00000000,64591348,64591351,1782864279875591,False,True
40354340,0.06829000,1963.10000000,64591352,64591352,1782864280314435,False,True
40354341,0.06829000,2413.40000000,64591353,64591356,1782864290613029,False,True
40354342,0.06830000,12.30000000,64591357,64591357,1782864290613029,False,True
40354343,0.06840000,93.60000000,64591358,64591358,1782864296123188,False,True
40354344,0.06834000,4694.80000000,64591359,64591360,1782864297126940,True,True
40354345,0.06833000,915.00000000,64591361,64591361,1782864297128295,True,True
40354346,0.06833000,2551.70000000,64591362,64591362,1782864297128528,True,True
40354347,0.06832000,1620.00000000,64591363,64591363,1782864298295774,False,True
40354348,0.06833000,1587.40000000,64591364,64591364,1782864298295774,False,True
40354349,0.06836000,2955.60000000,64591365,64591365,1782864335590830,False,True
40354350,0.06833000,2581.80000000,64591366,64591366,1782864359728519,True,True
40354351,0.06835000,1600.20000000,64591367,64591367,1782864361353963,False,True
40354352,0.06830000,2965.20000000,64591368,64591368,1782864366206944,True,True
40354353,0.06829000,1062.00000000,64591369,64591370,1782864366208742,True,True
40354354,0.06829000,734.00000000,64591371,64591371,1782864366208931,True,True
40354355,0.06829000,1879.40000000,64591372,64591372,1782864366209113,True,True
40354356,0.06829000,2748.70000000,64591373,64591373,1782864366748791,False,True
40354357,0.06824000,1192.00000000,64591374,64591374,1782864377165442,True,True
40354358,0.06825000,557.00000000,64591375,64591375,1782864378013073,False,True
40354359,0.06821000,1192.00000000,64591376,64591376,1782864407134861,True,True
40354360,0.06820000,864.30000000,64591377,64591377,1782864407134861,True,True
40354361,0.06820000,793.70000000,64591378,64591378,1782864407153698,True,True
40354362,0.06820000,340.70000000,64591379,64591379,1782864407154906,True,True
40354363,0.06822000,6662.50000000,64591380,64591380,1782864407265090,False,True
40354364,0.06822000,997.90000000,64591381,64591381,1782864408060421,False,True
40354365,0.06822000,469.60000000,64591382,64591382,1782864416098935,False,True
40354366,0.06822000,3376.60000000,64591383,64591383,1782864418735582,False,True
40354367,0.06824000,1192.00000000,64591384,64591384,1782864418735698,False,True
40354368,0.06825000,220.10000000,64591385,64591385,1782864418736759,False,True
40354369,0.06825000,728.10000000,64591386,64591386,1782864418737453,False,True
40354370,0.06824000,3001.80000000,64591387,64591387,1782864418737488,False,True
40354371,0.06825000,1218.10000000,64591388,64591388,1782864418737488,False,True
40354372,0.06825000,1620.00000000,64591389,64591389,1782864418737966,False,True
40354373,0.06825000,1083.90000000,64591390,64591390,1782864418738667,False,True
40354374,0.06825000,3375.10000000,64591391,64591391,1782864418741827,False,True
40354375,0.06832000,1192.00000000,64591392,64591392,1782864418816882,False,True
40354376,0.06833000,1470.40000000,64591393,64591393,1782864418817670,False,True
40354377,0.06834000,1438.70000000,64591394,64591395,1782864418819424,False,True
40354378,0.06834000,1240.00000000,64591396,64591396,1782864418819575,False,True
40354379,0.06835000,1620.00000000,64591397,64591397,1782864423320169,True,True
40354380,0.06834000,3825.40000000,64591398,64591399,1782864423320169,True,True
40354381,0.06833000,378.80000000,64591400,64591400,1782864423320169,True,True
40354382,0.06833000,2004.90000000,64591401,64591402,1782864431918277,True,True
40354383,0.06833000,2004.90000000,64591403,64591403,1782864431918354,True,True
40354384,0.06833000,12.90000000,64591404,64591404,1782864431918367,True,True
40354385,0.06832000,1493.30000000,64591405,64591406,1782864431918367,True,True
40354386,0.06832000,1506.20000000,64591407,64591408,1782864431918389,True,True
40354387,0.06832000,2004.90000000,64591409,64591409,1782864431918433,True,True
40354388,0.06832000,550.90000000,64591410,64591410,1782864431919389,True,True
40354389,0.06831000,955.30000000,64591411,64591411,1782864431919389,True,True
40354390,0.06833000,1000.00000000,64591412,64591412,1782864432873664,False,True
40354391,0.06833000,2004.80000000,64591413,64591413,1782864432925387,False,True
40354392,0.06833000,2004.80000000,64591414,64591415,1782864432927908,False,True
40354393,0.06833000,2004.80000000,64591416,64591416,1782864432927915,False,True
40354394,0.06830000,167.20000000,64591417,64591417,1782864438177343,True,True
40354395,0.06833000,60.10000000,64591418,64591418,1782864442243299,False,True
40354396,0.06835000,921.20000000,64591419,64591419,1782864442243299,False,True
40354397,0.06835000,2490.00000000,64591420,64591420,1782864442636049,False,True
40354398,0.06835000,4361.80000000,64591421,64591422,1782864443075089,False,True
40354399,0.06836000,2811.80000000,64591423,64591423,1782864473286650,False,True
40354400,0.06836000,1595.70000000,64591424,64591425,1782864473768153,False,True
40354401,0.06837000,1192.00000000,64591426,64591426,1782864473768153,False,True
40354402,0.06838000,765.80000000,64591427,64591427,1782864473768153,False,True
40354403,0.06839000,1625.80000000,64591428,64591429,1782864481398606,False,True
40354404,0.06835000,804.50000000,64591430,64591430,1782864481467153,True,True
40354405,0.06835000,804.50000000,64591431,64591431,1782864481467580,True,True
40354406,0.06835000,11.00000000,64591432,64591432,1782864481467599,True,True
40354407,0.06834000,747.90000000,64591433,64591433,1782864481467599,True,True
40354408,0.06836000,1620.00000000,64591434,64591434,1782864519149534,False,True
40354409,0.06837000,545.70000000,64591435,64591435,1782864519149534,False,True
40354410,0.06838000,4685.00000000,64591436,64591437,1782864519589703,False,True
40354411,0.06842000,219.00000000,64591438,64591438,1782864520609023,False,True
40354412,0.06838000,1620.00000000,64591439,64591439,1782864524115056,True,True
40354413,0.06837000,3176.70000000,64591440,64591441,1782864524115056,True,True
40354414,0.06837000,2506.60000000,64591442,64591443,1782864537141128,True,True
40354415,0.06837000,585.70000000,64591444,64591444,1782864537705486,False,True
40354416,0.06837000,585.70000000,64591445,64591445,1782864539042482,False,True
40354417,0.06837000,5960.00000000,64591446,64591446,1782864541765626,False,True
40354418,0.06837000,1743.70000000,64591447,64591447,1782864541766821,False,True
40354419,0.06838000,219.70000000,64591448,64591448,1782864541766821,False,True
40354420,0.06837000,893.90000000,64591449,64591449,1782864544847958,True,True
40354421,0.06837000,893.90000000,64591450,64591450,1782864544849886,True,True
40354422,0.06837000,536.30000000,64591451,64591451,1782864557683144,True,True
40354423,0.06837000,2145.50000000,64591452,64591453,1782864561130394,True,True
40354424,0.06835000,1620.00000000,64591454,64591454,1782864561551816,False,True
40354425,0.06836000,2870.10000000,64591455,64591456,1782864561551816,False,True
40354426,0.06837000,1488.50000000,64591457,64591457,1782864561551816,False,True
40354427,0.06835000,1615.60000000,64591458,64591458,1782864562018013,False,True
40354428,0.06837000,5061.20000000,64591459,64591461,1782864594327014,False,True
40354429,0.06837000,2050.50000000,64591462,64591463,1782864594848836,False,True
40354430,0.06838000,799.60000000,64591464,64591464,1782864607131994,True,True
40354431,0.06839000,1620.00000000,64591465,64591465,1782864607175334,True,True
40354432,0.06838000,3859.60000000,64591466,64591467,1782864607175334,True,True
40354433,0.06835000,4273.40000000,64591468,64591469,1782864610199076,True,True
40354434,0.06834000,9201.20000000,64591470,64591474,1782864610199076,True,True
40354435,0.06837000,1620.00000000,64591475,64591475,1782864610230253,False,True
40354436,0.06840000,328.90000000,64591476,64591476,1782864611246619,False,True
40354437,0.06840000,6074.30000000,64591477,64591478,1782864611246718,False,True
40354438,0.06843000,1484.90000000,64591479,64591479,1782864611250887,False,True
40354439,0.06843000,652.90000000,64591480,64591480,1782864611270988,True,True
40354440,0.06844000,1620.00000000,64591481,64591481,1782864611284609,True,True
40354441,0.06843000,967.10000000,64591482,64591482,1782864611284609,True,True
40354442,0.06842000,2297.70000000,64591483,64591483,1782864611284609,True,True
40354443,0.06842000,899.50000000,64591484,64591484,1782864611285933,True,True
40354444,0.06845000,14000.00000000,64591485,64591485,1782864611299681,False,True
40354445,0.06845000,146.10000000,64591486,64591486,1782864611305071,False,True
40354446,0.06845000,667.00000000,64591487,64591487,1782864611426793,False,True
40354447,0.06843000,550.90000000,64591488,64591488,1782864611601957,True,True
40354448,0.06843000,1192.00000000,64591489,64591489,1782864612461929,True,True
40354449,0.06842000,3070.40000000,64591490,64591491,1782864612461929,True,True
40354450,0.06841000,1620.00000000,64591492,64591492,1782864612461929,True,True
40354451,0.06841000,3639.70000000,64591493,64591493,1782864612835838,True,True
40354452,0.06841000,3639.60000000,64591494,64591494,1782864612871553,True,True
40354453,0.06841000,7669.90000000,64591495,64591495,1782864612887914,True,True
40354454,0.06840000,4168.20000000,64591496,64591504,1782864613473298,True,True
40354455,0.06839000,1931.80000000,64591505,64591506,1782864613473298,True,True
40354456,0.06845000,7992.30000000,64591507,64591507,1782864613586159,False,True
40354457,0.06845000,1220.00000000,64591508,64591508,1782864613604627,True,True
40354458,0.06850000,26018.60000000,64591509,64591510,1782864613643609,False,True
40354459,0.06850000,1217.00000000,64591511,64591511,1782864613664567,True,True
40354460,0.06852000,1459.00000000,64591512,64591512,1782864613695755,False,True
40354461,0.06850000,2830.70000000,64591513,64591513,1782864613973425,True,True
40354462,0.06849000,2355.00000000,64591514,64591521,1782864613973425,True,True
40354463,0.06847000,2886.00000000,64591522,64591529,1782864614678686,True,True
40354464,0.06846000,17477.50000000,64591530,64591530,1782864614678686,True,True
40354465,0.06847000,85.00000000,64591531,64591531,1782864614790932,False,True
40354466,0.06847000,789.50000000,64591532,64591532,1782864615102994,False,True
40354467,0.06844000,1620.00000000,64591533,64591533,1782864615779577,True,True
40354468,0.06843000,3158.30000000,64591534,64591537,1782864615779577,True,True
40354469,0.06848000,1620.00000000,64591538,64591538,1782864617869044,True,True
40354470,0.06847000,4119.30000000,64591539,64591540,1782864617869044,True,True
40354471,0.06846000,13928.90000000,64591541,64591549,1782864617869044,True,True
40354472,0.06848000,423.90000000,64591550,64591550,1782864620542088,False,True
40354473,0.06844000,5634.00000000,64591551,64591561,1782864620975462,True,True
40354474,0.06847000,1043.00000000,64591562,64591568,1782864622344249,True,True
40354475,0.06846000,1620.00000000,64591569,64591569,1782864622344249,True,True
40354476,0.06845000,2812.00000000,64591570,64591571,1782864622344249,True,True
40354477,0.06844000,4824.30000000,64591572,64591573,1782864623123945,True,True
40354478,0.06850000,1613.90000000,64591574,64591574,1782864635791913,False,True
40354479,0.06845000,219.50000000,64591575,64591575,1782864655234181,True,True
40354480,0.06842000,1375.50000000,64591576,64591577,1782864655238497,True,True
40354481,0.06837000,410.90000000,64591578,64591579,1782864655404975,True,True
40354482,0.06836000,1620.00000000,64591580,64591580,1782864655515971,False,True
40354483,0.06837000,6248.20000000,64591581,64591583,1782864655515971,False,True
40354484,0.06838000,5134.80000000,64591584,64591585,1782864655515971,False,True
40354485,0.06837000,1589.90000000,64591586,64591586,1782864655519015,False,True
40354486,0.06838000,204.90000000,64591587,64591587,1782864655664199,False,True
40354487,0.06838000,1880.80000000,64591588,64591589,1782864658381786,False,True
40354488,0.06839000,79.50000000,64591590,64591590,1782864658381786,False,True
40354489,0.06839000,219.70000000,64591591,64591591,1782864658619221,False,True
40354490,0.06839000,219.70000000,64591592,64591592,1782864658636582,False,True
40354491,0.06843000,2209.10000000,64591593,64591593,1782864659618048,False,True
40354492,0.06839000,1620.00000000,64591594,64591594,1782864661467060,True,True
40354493,0.06838000,5282.30000000,64591595,64591597,1782864661467060,True,True
40354494,0.06837000,4431.40000000,64591598,64591601,1782864672441862,True,True
40354495,0.06836000,3104.60000000,64591602,64591603,1782864672441862,True,True
40354496,0.06838000,1620.00000000,64591604,64591604,1782864683506917,False,True
40354497,0.06839000,5.10000000,64591605,64591605,1782864683506917,False,True
40354498,0.06839000,1610.20000000,64591606,64591606,1782864683952206,False,True
40354499,0.06839000,3932.00000000,64591607,64591609,1782864684402723,False,True
40354500,0.06839000,219.70000000,64591610,64591610,1782864691048888,False,True
40354501,0.06841000,358.00000000,64591611,64591611,1782864691049682,False,True
40354502,0.06841000,358.00000000,64591612,64591612,1782864691049741,False,True
40354503,0.06841000,358.00000000,64591613,64591613,1782864691049942,False,True
40354504,0.06841000,478.90000000,64591614,64591615,1782864691050167,False,True
40354505,0.06843000,310.10000000,64591616,64591616,1782864691050167,False,True
40354506,0.06843000,226.00000000,64591617,64591617,1782864691051602,False,True
40354507,0.06845000,749.00000000,64591618,64591618,1782864691055808,False,True
40354508,0.06843000,3366.20000000,64591619,64591619,1782864691057284,False,True
40354509,0.06845000,3812.50000000,64591620,64591621,1782864691057284,False,True
40354510,0.06839000,861.40000000,64591622,64591622,1782864691069552,True,True
40354511,0.06839000,861.40000000,64591623,64591624,1782864691075889,True,True
40354512,0.06844000,1620.00000000,64591625,64591625,1782864691077497,False,True
40354513,0.06845000,1302.00000000,64591626,64591626,1782864691077497,False,True
40354514,0.06839000,1706.20000000,64591627,64591628,1782864691083537,True,True
40354515,0.06839000,4142.90000000,64591629,64591629,1782864691084899,False,True
40354516,0.06842000,110.00000000,64591630,64591630,1782864691090288,False,True
40354517,0.06839000,685.80000000,64591631,64591631,1782864691119167,True,True
40354518,0.06842000,360.10000000,64591632,64591632,1782864691443470,False,True
40354519,0.06841000,803.90000000,64591633,64591633,1782864692109951,True,True
40354520,0.06841000,803.90000000,64591634,64591634,1782864692109988,True,True
40354521,0.06841000,12.20000000,64591635,64591635,1782864692110328,True,True
40354522,0.06840000,791.70000000,64591636,64591636,1782864692110328,True,True
40354523,0.06840000,2619.30000000,64591637,64591639,1782864692111039,True,True
40354524,0.06839000,2086.20000000,64591640,64591641,1782864692111039,True,True
40354525,0.06839000,40.00000000,64591642,64591642,1782864692111332,True,True
40354526,0.06838000,3498.70000000,64591643,64591643,1782864692111332,True,True
40354527,0.06838000,523.80000000,64591644,64591645,1782864692130097,True,True
40354528,0.06841000,804.90000000,64591646,64591646,1782864692418728,False,True
40354529,0.06842000,803.80000000,64591647,64591647,1782864693118046,False,True
40354530,0.06842000,803.80000000,64591648,64591648,1782864693118910,False,True
40354531,0.06840000,538.30000000,64591649,64591649,1782864693141372,True,True
40354532,0.06840000,1081.70000000,64591650,64591650,1782864693156356,True,True
40354533,0.06839000,4161.00000000,64591651,64591652,1782864693156356,True,True
40354534,0.06839000,538.30000000,64591653,64591653,1782864693157485,False,True
40354535,0.06843000,538.00000000,64591654,64591654,1782864693160598,False,True
40354536,0.06838000,1620.00000000,64591655,64591655,1782864695677462,True,True
40354537,0.06837000,3031.70000000,64591656,64591658,1782864695677462,True,True
40354538,0.06837000,322.60000000,64591659,64591659,1782864695678611,False,True
40354539,0.06837000,571.40000000,64591660,64591660,1782864695678803,False,True
40354540,0.06841000,894.00000000,64591661,64591661,1782864695681410,False,True
40354541,0.06838000,453.80000000,64591662,64591662,1782864711439257,False,True
40354542,0.06838000,1714.40000000,64591663,64591663,1782864744038470,False,True
40354543,0.06838000,1714.40000000,64591664,64591664,1782864744038479,False,True
40354544,0.06838000,1714.40000000,64591665,64591665,1782864744038560,False,True
40354545,0.06838000,6158.50000000,64591666,64591668,1782864744073528,True,True
40354546,0.06846000,1620.00000000,64591669,64591669,1782864745974285,False,True
40354547,0.06847000,1521.50000000,64591670,64591670,1782864745974285,False,True
40354548,0.06847000,98.50000000,64591671,64591671,1782864746426352,False,True
40354549,0.06848000,2386.80000000,64591672,64591673,1782864746426352,False,True
40354550,0.06847000,2222.10000000,64591674,64591674,1782864748541290,False,True
40354551,0.06852000,1357.70000000,64591675,64591675,1782864748668757,False,True
40354552,0.06851000,215.70000000,64591676,64591676,1782864750715141,False,True
40354553,0.06853000,1605.60000000,64591677,64591677,1782864774827279,False,True
40354554,0.06854000,223.00000000,64591678,64591678,1782864775936673,False,True
40354555,0.06854000,503.00000000,64591679,64591679,1782864776336634,False,True
40354556,0.06854000,685.00000000,64591680,64591680,1782864776336904,False,True
40354557,0.06854000,71.60000000,64591681,64591681,1782864776337237,False,True
40354558,0.06855000,1481.30000000,64591682,64591682,1782864776338213,False,True
40354559,0.06857000,227.40000000,64591683,64591683,1782864776360567,False,True
40354560,0.06859000,498.60000000,64591684,64591684,1782864776360567,False,True
40354561,0.06859000,685.00000000,64591685,64591685,1782864776360594,False,True
40354562,0.06859000,297.40000000,64591686,64591686,1782864776365315,False,True
40354563,0.06861000,428.60000000,64591687,64591687,1782864776365315,False,True
40354564,0.06861000,685.00000000,64591688,64591688,1782864776365526,False,True
40354565,0.06863000,1001.80000000,64591689,64591689,1782864793752270,False,True
40354566,0.06863000,670.30000000,64591690,64591691,1782864801230936,False,True
40354567,0.06863000,219.00000000,64591692,64591692,1782864829892675,True,True
40354568,0.06863000,4338.70000000,64591693,64591693,1782864836927904,False,True
40354569,0.06863000,15.20000000,64591694,64591694,1782864836930424,False,True
40354570,0.06865000,705.80000000,64591695,64591695,1782864836930424,False,True
40354571,0.06865000,688.00000000,64591696,64591696,1782864836930660,False,True
40354572,0.06865000,84.60000000,64591697,64591697,1782864836930929,False,True
40354573,0.06866000,572.40000000,64591698,64591698,1782864836930929,False,True
40354574,0.06865000,588.80000000,64591699,64591700,1782864952976676,True,True
40354575,0.06863000,218.90000000,64591701,64591701,1782864953050244,True,True
40354576,0.06861000,1192.00000000,64591702,64591702,1782864953058542,True,True
40354577,0.06863000,218.90000000,64591703,64591703,1782864953854391,False,True
40354578,0.06865000,1478.00000000,64591704,64591704,1782864953855488,False,True
40354579,0.06867000,244.00000000,64591705,64591705,1782864953855488,False,True
40354580,0.06867000,1376.00000000,64591706,64591706,1782864953855537,False,True
40354581,0.06868000,346.00000000,64591707,64591707,1782864953855537,False,True
40354582,0.06868000,876.80000000,64591708,64591708,1782864953855561,False,True
40354583,0.06869000,845.20000000,64591709,64591709,1782864953855561,False,True
40354584,0.06869000,774.80000000,64591710,64591710,1782864953855812,False,True
40354585,0.06870000,947.20000000,64591711,64591711,1782864953855812,False,True
40354586,0.06870000,672.80000000,64591712,64591712,1782864953855842,False,True
40354587,0.06871000,1049.20000000,64591713,64591713,1782864953855842,False,True
40354588,0.06871000,549.00000000,64591714,64591715,1782864953856162,False,True
40354589,0.06871000,1173.00000000,64591716,64591716,1782864953856183,False,True
40354590,0.06865000,4160.30000000,64591717,64591717,1782864953859076,True,True
40354591,0.06865000,2250.00000000,64591718,64591719,1782864953859299,True,True
40354592,0.06865000,16589.70000000,64591720,64591722,1782864953859356,True,True
40354593,0.06862000,2192.00000000,64591723,64591724,1782864953859356,True,True
40354594,0.06861000,4961.00000000,64591725,64591725,1782864953859356,True,True
40354595,0.06860000,1192.00000000,64591726,64591726,1782864953861849,True,True
40354596,0.06859000,144.90000000,64591727,64591727,1782864953865331,True,True
40354597,0.06864000,218.00000000,64591728,64591728,1782864953868409,False,True
40354598,0.06864000,1620.00000000,64591729,64591729,1782864954036661,False,True
40354599,0.06864000,1620.00000000,64591730,64591730,1782864954060161,False,True
40354600,0.06862000,562.90000000,64591731,64591731,1782864955310532,False,True
40354601,0.06862000,3724.50000000,64591732,64591733,1782864957726176,False,True
40354602,0.06863000,262.10000000,64591734,64591734,1782864957726176,False,True
40354603,0.06862000,1607.80000000,64591735,64591735,1782865001004357,False,True
40354604,0.06864000,218.90000000,64591736,64591736,1782865020249792,False,True
40354605,0.06867000,1479.40000000,64591737,64591737,1782865022703989,False,True
40354606,0.06864000,5912.50000000,64591738,64591738,1782865077293817,False,True
40354607,0.06863000,11458.50000000,64591739,64591739,1782865101590399,False,True
40354608,0.06860000,219.00000000,64591740,64591740,1782865128313703,True,True
40354609,0.06856000,1192.00000000,64591741,64591741,1782865128321212,True,True
40354610,0.06854000,1620.00000000,64591742,64591742,1782865128322358,True,True
40354611,0.06859000,13524.20000000,64591743,64591743,1782865128995848,False,True
40354612,0.06860000,3031.00000000,64591744,64591746,1782865128995848,False,True
40354613,0.06861000,8754.70000000,64591747,64591748,1782865128995848,False,True
40354614,0.06857000,407.00000000,64591749,64591749,1782865136396604,True,True
40354615,0.06856000,10486.50000000,64591750,64591750,1782865136681545,False,True
40354616,0.06857000,219.10000000,64591751,64591751,1782865136681545,False,True
40354617,0.06858000,1620.00000000,64591752,64591752,1782865136681545,False,True
40354618,0.06859000,1297.80000000,64591753,64591753,1782865136681545,False,True
40354619,0.06853000,10486.50000000,64591754,64591754,1782865137599629,False,True
40354620,0.06856000,1839.10000000,64591755,64591756,1782865137599629,False,True
40354621,0.06858000,2826.60000000,64591757,64591757,1782865137599629,False,True
40354622,0.06854000,2823.30000000,64591758,64591762,1782865182821767,True,True
40354623,0.06856000,2391.80000000,64591763,64591763,1782865183616126,False,True
40354624,0.06858000,1411.10000000,64591764,64591765,1782865183924947,False,True
40354625,0.06859000,1620.00000000,64591766,64591766,1782865183924947,False,True
40354626,0.06860000,5790.70000000,64591767,64591768,1782865183924947,False,True
40354627,0.06861000,291.30000000,64591769,64591769,1782865183924947,False,True
40354628,0.06861000,900.70000000,64591770,64591770,1782865235335834,False,True
40354629,0.06862000,100.30000000,64591771,64591771,1782865235335834,False,True
40354630,0.06862000,943.00000000,64591772,64591772,1782865235335870,False,True
40354631,0.06862000,148.70000000,64591773,64591773,1782865235335957,False,True
40354632,0.06863000,799.30000000,64591774,64591774,1782865235335957,False,True
40354633,0.06865000,150.00000000,64591775,64591775,1782865235347800,False,True
40354634,0.06865000,150.00000000,64591776,64591776,1782865235348061,False,True
40354635,0.06865000,150.00000000,64591777,64591777,1782865235348066,False,True
40354636,0.06865000,150.00000000,64591778,64591778,1782865235348088,False,True
40354637,0.06865000,563.00000000,64591779,64591779,1782865313971807,False,True
40354638,0.06864000,219.00000000,64591780,64591780,1782865313995889,True,True
40354639,0.06868000,1449.00000000,64591781,64591781,1782865325288002,False,True
40354640,0.06870000,1042.00000000,64591782,64591782,1782865325290478,False,True
40354641,0.06870000,150.00000000,64591783,64591783,1782865325290727,False,True
40354642,0.06866000,218.90000000,64591784,64591784,1782865325290897,True,True
40354643,0.06873000,1477.80000000,64591785,64591785,1782865325292676,False,True
40354644,0.06874000,3372.20000000,64591786,64591786,1782865325292676,False,True
40354645,0.06878000,218.50000000,64591787,64591787,1782865365145561,True,True
40354646,0.06880000,218.50000000,64591788,64591788,1782865401694782,True,True
40354647,0.06879000,1620.00000000,64591789,64591789,1782865422268349,True,True
40354648,0.06878000,586.90000000,64591790,64591790,1782865422268349,True,True
40354649,0.06877000,235.20000000,64591791,64591792,1782865436171232,True,True
40354650,0.06877000,218.50000000,64591793,64591793,1782865447786120,True,True
40354651,0.06879000,218.40000000,64591794,64591794,1782865510915552,False,True
40354652,0.06881000,88.70000000,64591795,64591795,1782865510915552,False,True
40354653,0.06877000,100.00000000,64591796,64591796,1782865512568468,True,True
40354654,0.06877000,683.40000000,64591797,64591797,1782865513795527,True,True
40354655,0.06879000,161.00000000,64591798,64591798,1782865546414558,False,True
40354656,0.06880000,218.50000000,64591799,64591799,1782865548153073,True,True
40354657,0.06886000,1192.00000000,64591800,64591800,1782865561418768,False,True
40354658,0.06888000,317.80000000,64591801,64591801,1782865561418768,False,True
40354659,0.06888000,1017.20000000,64591802,64591802,1782865573557051,False,True
40354660,0.06889000,9447.20000000,64591803,64591803,1782865573557051,False,True
40354661,0.06886000,1192.00000000,64591804,64591804,1782865574054867,True,True
40354662,0.06885000,903.10000000,64591805,64591805,1782865574054867,True,True
40354663,0.06885000,5884.90000000,64591806,64591806,1782865581676780,True,True
40354664,0.06881000,1591.40000000,64591807,64591807,1782865587748176,True,True
40354665,0.06881000,7718.50000000,64591808,64591809,1782865587748186,True,True
40354666,0.06880000,217.60000000,64591810,64591810,1782865587749879,True,True
40354667,0.06880000,0.80000000,64591811,64591811,1782865587750285,True,True
40354668,0.06877000,218.50000000,64591812,64591812,1782865591223200,True,True
40354669,0.06878000,1414.10000000,64591813,64591813,1782865592188880,False,True
40354670,0.06879000,2314.40000000,64591814,64591815,1782865797228375,True,True
40354671,0.06878000,7006.00000000,64591816,64591817,1782865826258923,True,True
40354672,0.06873000,1192.00000000,64591818,64591818,1782865829405918,True,True
40354673,0.06876000,1476.30000000,64591819,64591819,1782865873857583,True,True
40354674,0.06874000,6787.60000000,64591820,64591820,1782865873882479,True,True
40354675,0.06873000,1476.60000000,64591821,64591821,1782865873886219,True,True
40354676,0.06872000,1476.30000000,64591822,64591822,1782865875361332,True,True
40354677,0.06870000,1192.00000000,64591823,64591823,1782865877965153,True,True
40354678,0.06870000,1617.30000000,64591824,64591824,1782865913890340,False,True
40354679,0.06872000,3341.10000000,64591825,64591825,1782865925798109,False,True
40354680,0.06877000,218.50000000,64591826,64591826,1782865944094646,True,True
40354681,0.06877000,218.50000000,64591827,64591827,1782865944242697,True,True
40354682,0.06877000,218.50000000,64591828,64591828,1782865944442789,True,True
40354683,0.06877000,218.50000000,64591829,64591829,1782865944643779,True,True
40354684,0.06877000,218.50000000,64591830,64591830,1782865944844742,True,True
40354685,0.06877000,218.50000000,64591831,64591831,1782865945041858,True,True
40354686,0.06877000,218.50000000,64591832,64591832,1782865945243194,True,True
40354687,0.06877000,2543.40000000,64591833,64591833,1782865948319007,True,True
40354688,0.06877000,218.50000000,64591834,64591834,1782865948319841,True,True
40354689,0.06877000,218.50000000,64591835,64591835,1782865948441632,True,True
40354690,0.06877000,218.50000000,64591836,64591836,1782865948542829,True,True
40354691,0.06877000,218.50000000,64591837,64591837,1782865948742132,True,True
40354692,0.06877000,218.50000000,64591838,64591838,1782865948843961,True,True
40354693,0.06877000,2319.00000000,64591839,64591839,1782865950235685,True,True
40354694,0.06877000,832.90000000,64591840,64591840,1782865958389594,True,True
40354695,0.06874000,105.00000000,64591841,64591841,1782865958390672,True,True
40354696,0.06874000,472.00000000,64591842,64591843,1782865958390683,True,True
40354697,0.06874000,676.00000000,64591844,64591844,1782865958390800,True,True
40354698,0.06874000,441.30000000,64591845,64591845,1782865958390820,True,True
40354699,0.06873000,258.70000000,64591846,64591846,1782865958390820,True,True
40354700,0.06873000,691.00000000,64591847,64591847,1782865958390828,True,True
40354701,0.06873000,694.00000000,64591848,64591848,1782865958390906,True,True
40354702,0.06873000,444.00000000,64591849,64591849,1782865958390970,True,True
40354703,0.06873000,329.50000000,64591850,64591850,1782865958391078,True,True
40354704,0.06871000,350.50000000,64591851,64591851,1782865958391078,True,True
40354705,0.06871000,447.00000000,64591852,64591852,1782865958391121,True,True
40354706,0.06871000,512.10000000,64591853,64591853,1782865958409230,True,True
40354707,0.06871000,3114.10000000,64591854,64591854,1782865960361110,True,True
40354708,0.06871000,3673.50000000,64591855,64591855,1782865960361224,True,True
40354709,0.06867000,3354.50000000,64591856,64591856,1782865977711117,False,True
40354710,0.06868000,533.00000000,64591857,64591857,1782865977729305,True,True
40354711,0.06868000,3396.60000000,64591858,64591858,1782865977781563,True,True
40354712,0.06869000,1835.30000000,64591859,64591860,1782865984462402,False,True
40354713,0.06873000,218.60000000,64591861,64591861,1782866030513623,False,True
40354714,0.06874000,1192.00000000,64591862,64591862,1782866030513668,False,True
40354715,0.06876000,1192.00000000,64591863,64591863,1782866094153941,False,True
40354716,0.06877000,218.50000000,64591864,64591864,1782866114415694,True,True
40354717,0.06877000,218.50000000,64591865,64591865,1782866114541953,True,True
40354718,0.06878000,218.50000000,64591866,64591866,1782866127843498,True,True
40354719,0.06877000,218.50000000,64591867,64591867,1782866128041845,True,True
40354720,0.06877000,218.50000000,64591868,64591868,1782866128242916,True,True
40354721,0.06877000,218.50000000,64591869,64591869,1782866128444749,True,True
40354722,0.06877000,218.50000000,64591870,64591870,1782866140142583,True,True
40354723,0.06877000,218.50000000,64591871,64591871,1782866140342598,True,True
40354724,0.06877000,218.50000000,64591872,64591872,1782866140642666,True,True
40354725,0.06877000,218.50000000,64591873,64591873,1782866140842940,True,True
40354726,0.06877000,218.50000000,64591874,64591874,1782866141042615,True,True
40354727,0.06877000,218.50000000,64591875,64591875,1782866141242820,True,True
40354728,0.06877000,218.50000000,64591876,64591876,1782866141342846,True,True
40354729,0.06877000,218.50000000,64591877,64591877,1782866141541998,True,True
40354730,0.06882000,3862.60000000,64591878,64591879,1782866193350616,False,True
40354731,0.06881000,480.90000000,64591880,64591880,1782866227565868,False,True
40354732,0.06879000,2664.60000000,64591881,64591881,1782866244278342,True,True
40354733,0.06879000,1719.30000000,64591882,64591882,1782866250984483,True,True
40354734,0.06878000,2552.20000000,64591883,64591883,1782866250985689,True,True
40354735,0.06877000,218.50000000,64591884,64591884,1782866250987583,True,True
40354736,0.06876000,218.50000000,64591885,64591885,1782866251041795,True,True
40354737,0.06876000,180.10000000,64591886,64591886,1782866342222301,True,True
40354738,0.06876000,765.90000000,64591887,64591887,1782866361460467,True,True
40354739,0.06874000,218.60000000,64591888,64591888,1782866361759778,True,True
40354740,0.06869000,6758.30000000,64591889,64591889,1782866393017281,True,True
40354741,0.06869000,3353.50000000,64591890,64591890,1782866408973118,False,True
40354742,0.06869000,1891.40000000,64591891,64591891,1782866458203369,True,True
40354743,0.06869000,4866.90000000,64591892,64591892,1782866463585121,True,True
40354744,0.06869000,1890.00000000,64591893,64591893,1782866486851985,False,True
40354745,0.06869000,267.20000000,64591894,64591894,1782866491172476,False,True
40354746,0.06876000,3350.10000000,64591895,64591895,1782866506978847,False,True
40354747,0.06879000,1477.90000000,64591896,64591896,1782866506981844,False,True
40354748,0.06880000,192.10000000,64591897,64591897,1782866506981844,False,True
40354749,0.06876000,3350.10000000,64591898,64591898,1782866506984178,False,True
40354750,0.06884000,2306.90000000,64591899,64591900,1782866507058162,False,True
40354751,0.06879000,1550.00000000,64591901,64591901,1782866508196051,False,True
40354752,0.06881000,4450.00000000,64591902,64591903,1782866527264258,False,True
40354753,0.06883000,2629.20000000,64591904,64591904,1782866536824150,True,True
40354754,0.06884000,4129.20000000,64591905,64591905,1782866557282048,True,True
40354755,0.06884000,2141.80000000,64591906,64591907,1782866557421493,False,True
40354756,0.06885000,1540.30000000,64591908,64591908,1782866557425466,False,True
40354757,0.06886000,639.70000000,64591909,64591909,1782866557425466,False,True
40354758,0.06886000,1620.00000000,64591910,64591910,1782866578884327,True,True
40354759,0.06885000,8.30000000,64591911,64591911,1782866578884327,True,True
40354760,0.06885000,1779.70000000,64591912,64591913,1782866598456319,True,True
40354761,0.06885000,2949.70000000,64591914,64591914,1782866614508566,True,True
40354762,0.06885000,2226.50000000,64591915,64591916,1782866695983465,True,True
40354763,0.06885000,6758.30000000,64591917,64591917,1782866730450971,True,True
40354764,0.06885000,2074.30000000,64591918,64591919,1782866741766074,False,True
40354765,0.06885000,2095.00000000,64591920,64591920,1782866742230336,True,True
40354766,0.06885000,187.90000000,64591921,64591921,1782866742390223,True,True
40354767,0.06881000,3986.10000000,64591922,64591923,1782866768341505,True,True
40354768,0.06883000,270.70000000,64591924,64591924,1782866804930055,False,True
40354769,0.06883000,320.70000000,64591925,64591925,1782866804937638,False,True
40354770,0.06884000,1833.20000000,64591926,64591926,1782866808125790,True,True
40354771,0.06886000,9278.60000000,64591927,64591929,1782866836999082,False,True
40354772,0.06894000,3431.10000000,64591930,64591931,1782866837523394,True,True
40354773,0.06889000,456.70000000,64591932,64591932,1782866845032062,True,True
40354774,0.06890000,218.10000000,64591933,64591933,1782866853454963,True,True
40354775,0.06891000,929.50000000,64591934,64591934,1782866857836499,False,True
40354776,0.06891000,2269.50000000,64591935,64591935,1782866857836671,False,True
40354777,0.06892000,2325.10000000,64591936,64591936,1782866859045061,True,True
40354778,0.06892000,2364.50000000,64591937,64591937,1782866869218319,True,True
40354779,0.06891000,3575.10000000,64591938,64591939,1782866869218319,True,True
40354780,0.06890000,4593.60000000,64591940,64591942,1782866869218319,True,True
40354781,0.06889000,2066.80000000,64591943,64591944,1782866869218319,True,True
40354782,0.06888000,218.10000000,64591945,64591945,1782866869285196,True,True
40354783,0.06886000,1192.00000000,64591946,64591946,1782866869285764,True,True
40354784,0.06885000,2548.50000000,64591947,64591948,1782866869554104,False,True
40354785,0.06886000,1041.50000000,64591949,64591949,1782866869554104,False,True
40354786,0.06886000,2330.30000000,64591950,64591950,1782866869556247,False,True
40354787,0.06886000,218.20000000,64591951,64591951,1782866869607647,False,True
40354788,0.06890000,218.10000000,64591952,64591952,1782866877549528,False,True
40354789,0.06892000,2421.90000000,64591953,64591954,1782866877549528,False,True
40354790,0.06891000,1263.40000000,64591955,64591956,1782866990351765,True,True
40354791,0.06892000,1668.60000000,64591957,64591958,1782867035580482,True,True
40354792,0.06895000,1500.00000000,64591959,64591959,1782867036470224,False,True
40354793,0.06892000,777.90000000,64591960,64591960,1782867062389485,True,True
40354794,0.06892000,1992.00000000,64591961,64591961,1782867073190654,True,True
40354795,0.06894000,555.70000000,64591962,64591962,1782867099152138,False,True
40354796,0.06894000,790.80000000,64591963,64591963,1782867099173229,True,True
40354797,0.06894000,3163.20000000,64591964,64591965,1782867099186375,True,True
40354798,0.06893000,3311.20000000,64591966,64591967,1782867099186375,True,True
40354799,0.06898000,1620.00000000,64591968,64591968,1782867116760132,False,True
40354800,0.06899000,9520.00000000,64591969,64591970,1782867116760132,False,True
40354801,0.06899000,3092.60000000,64591971,64591971,1782867116761481,False,True
40354802,0.06899000,3007.40000000,64591972,64591972,1782867116761716,False,True
40354803,0.06899000,1472.60000000,64591973,64591973,1782867116764192,False,True
40354804,0.06899000,4002.10000000,64591974,64591974,1782867116766625,False,True
40354805,0.06899000,7200.00000000,64591975,64591975,1782867116766659,False,True
40354806,0.06898000,541.30000000,64591976,64591976,1782867116772308,True,True
40354807,0.06900000,794.10000000,64591977,64591977,1782867116787535,True,True
40354808,0.06900000,825.90000000,64591978,64591978,1782867116796085,True,True
40354809,0.06899000,3970.90000000,64591979,64591980,1782867116796085,True,True
40354810,0.06898000,1149.70000000,64591981,64591982,1782867116796085,True,True
40354811,0.06900000,527.00000000,64591983,64591983,1782867116870668,True,True
40354812,0.06905000,1579.20000000,64591984,64591984,1782867116957581,False,True
40354813,0.06907000,1569.50000000,64591985,64591985,1782867116957715,False,True
40354814,0.06906000,766.60000000,64591986,64591986,1782867116972315,True,True
40354815,0.06906000,144.70000000,64591987,64591987,1782867117074540,True,True
40354816,0.06907000,467.40000000,64591988,64591988,1782867117161101,False,True
40354817,0.06907000,977.00000000,64591989,64591989,1782867117206973,False,True
40354818,0.06908000,2608.80000000,64591990,64591990,1782867117206973,False,True
40354819,0.06909000,2514.20000000,64591991,64591992,1782867117206973,False,True
40354820,0.06907000,1875.00000000,64591993,64591993,1782867117487628,True,True
40354821,0.06905000,324.10000000,64591994,64591994,1782867146158182,False,True
40354822,0.06908000,217.10000000,64591995,64591995,1782867147526119,False,True
40354823,0.06908000,1402.90000000,64591996,64591996,1782867153241223,False,True
40354824,0.06909000,3093.30000000,64591997,64591999,1782867153241223,False,True
40354825,0.06910000,2251.20000000,64592000,64592000,1782867153241223,False,True
40354826,0.06912000,1478.50000000,64592001,64592001,1782867153241765,False,True
40354827,0.06915000,1454.00000000,64592002,64592002,1782867167793060,False,True
40354828,0.06915000,2975.80000000,64592003,64592003,1782867167796057,False,True
40354829,0.06915000,1810.00000000,64592004,64592004,1782867167807552,False,True
40354830,0.06922000,1620.00000000,64592005,64592005,1782867186828214,False,True
40354831,0.06924000,4148.10000000,64592006,64592007,1782867186828214,False,True
40354832,0.06929000,2504.00000000,64592008,64592008,1782867186828740,False,True
40354833,0.06932000,184.00000000,64592009,64592009,1782867186828740,False,True
40354834,0.06932000,1626.00000000,64592010,64592010,1782867186831151,False,True
40354835,0.06933000,2542.10000000,64592011,64592011,1782867186831151,False,True
40354836,0.06934000,2542.10000000,64592012,64592012,1782867186831151,False,True
40354837,0.06934000,17477.50000000,64592013,64592013,1782867186833824,True,True
40354838,0.06931000,2542.10000000,64592014,64592014,1782867186836886,True,True
40354839,0.06931000,3540.80000000,64592015,64592015,1782867186837140,True,True
40354840,0.06931000,440.90000000,64592016,64592016,1782867186837280,True,True
40354841,0.06931000,428.20000000,64592017,64592017,1782867186837361,True,True
40354842,0.06931000,821.70000000,64592018,64592018,1782867186838118,True,True
40354843,0.06928000,8251.70000000,64592019,64592020,1782867186897898,False,True
40354844,0.06928000,1241.00000000,64592021,64592021,1782867187007297,False,True
40354845,0.06928000,1477.00000000,64592022,64592023,1782867187019819,False,True
40354846,0.06928000,205.80000000,64592024,64592024,1782867187209990,True,True
40354847,0.06930000,2490.40000000,64592025,64592025,1782867187236214,False,True
40354848,0.06931000,51.70000000,64592026,64592026,1782867187236214,False,True
40354849,0.06931000,1053.90000000,64592027,64592027,1782867187236219,False,True
40354850,0.06931000,1436.50000000,64592028,64592028,1782867187236232,False,True
40354851,0.06932000,1671.70000000,64592029,64592029,1782867187236232,False,True
40354852,0.06932000,628.60000000,64592030,64592030,1782867187236592,False,True
40354853,0.06935000,1275.40000000,64592031,64592031,1782867187237791,False,True
40354854,0.06935000,867.00000000,64592032,64592032,1782867187239020,False,True
40354855,0.06936000,1473.50000000,64592033,64592033,1782867187239020,False,True
40354856,0.06937000,1472.60000000,64592034,64592034,1782867187239839,False,True
40354857,0.06939000,309.00000000,64592035,64592035,1782867187240773,False,True
40354858,0.06940000,1057.60000000,64592036,64592036,1782867187253220,False,True
40354859,0.06940000,103.20000000,64592037,64592037,1782867187253784,False,True
40354860,0.06940000,2158.40000000,64592038,64592038,1782867187253825,False,True
40354861,0.06944000,2883.00000000,64592039,64592039,1782867187261334,False,True
40354862,0.06944000,509.00000000,64592040,64592040,1782867187271628,False,True
40354863,0.06943000,577.20000000,64592041,64592041,1782867187275234,True,True
40354864,0.06944000,85.00000000,64592042,64592043,1782867187275263,False,True
40354865,0.06944000,587.30000000,64592044,64592044,1782867187275388,False,True
40354866,0.06948000,148.00000000,64592045,64592045,1782867187276306,False,True
40354867,0.06952000,1893.40000000,64592046,64592047,1782867188124436,True,True
40354868,0.06944000,1242.60000000,64592048,64592048,1782867226078953,False,True
40354869,0.06937000,2394.60000000,64592049,64592049,1782867303985780,True,True
40354870,0.06936000,2327.50000000,64592050,64592050,1782867321192869,True,True
40354871,0.06936000,3697.80000000,64592051,64592051,1782867325302279,True,True
40354872,0.06935000,9787.20000000,64592052,64592052,1782867325302305,True,True
40354873,0.06935000,1442.00000000,64592053,64592053,1782867325308984,True,True
40354874,0.06935000,725.70000000,64592054,64592054,1782867325438725,True,True
40354875,0.06940000,2334.50000000,64592055,64592055,1782867326050131,True,True
40354876,0.06940000,2390.20000000,64592056,64592056,1782867326050246,True,True
40354877,0.06938000,739.90000000,64592057,64592057,1782867326050246,True,True
40354878,0.06938000,465.70000000,64592058,64592058,1782867326052044,True,True
40354879,0.06938000,1924.50000000,64592059,64592060,1782867326052099,True,True
40354880,0.06937000,1969.20000000,64592061,64592061,1782867326052099,True,True
40354881,0.06937000,770.20000000,64592062,64592062,1782867326053442,True,True
40354882,0.06936000,2710.90000000,64592063,64592063,1782867326058328,True,True
40354883,0.06935000,3253.20000000,64592064,64592064,1782867326061001,True,True
40354884,0.06935000,4381.50000000,64592065,64592065,1782867326061098,True,True
40354885,0.06935000,7200.00000000,64592066,64592066,1782867326061266,True,True
40354886,0.06935000,5361.40000000,64592067,64592068,1782867394600415,False,True
40354887,0.06935000,2542.10000000,64592069,64592070,1782867394603857,False,True
40354888,0.06935000,182.30000000,64592071,64592071,1782867406397094,False,True
40354889,0.06935000,202.00000000,64592072,64592072,1782867406398742,False,True
40354890,0.06935000,188.30000000,64592073,64592073,1782867427894372,False,True
40354891,0.06936000,216.60000000,64592074,64592074,1782867431420337,False,True
40354892,0.06938000,3158.80000000,64592075,64592075,1782867493098176,False,True
40354893,0.06935000,1508.20000000,64592076,64592076,1782867543578215,True,True
40354894,0.06939000,597.70000000,64592077,64592077,1782867643303522,False,True
40354895,0.06939000,6744.10000000,64592078,64592078,1782867669295459,True,True
40354896,0.06936000,806.60000000,64592079,64592081,1782867679560591,True,True
40354897,0.06936000,384.30000000,64592082,64592082,1782867679560929,True,True
40354898,0.06936000,6220.00000000,64592083,64592083,1782867679561975,True,True
40354899,0.06935000,1767.70000000,64592084,64592084,1782867688100241,True,True
40354900,0.06935000,148.00000000,64592085,64592085,1782867691082727,True,True
40354901,0.06935000,148.00000000,64592086,64592086,1782867692082709,True,True
40354902,0.06935000,109.00000000,64592087,64592087,1782867693082167,True,True
40354903,0.06937000,1620.00000000,64592088,64592088,1782867705895035,True,True
40354904,0.06937000,1596.50000000,64592089,64592089,1782867714658289,True,True
40354905,0.06935000,1277.10000000,64592090,64592091,1782867716271030,True,True
40354906,0.06934000,3105.70000000,64592092,64592092,1782867716271645,True,True
40354907,0.06933000,3403.90000000,64592093,64592093,1782867716271645,True,True
40354908,0.06932000,1192.00000000,64592094,64592094,1782867716271645,True,True
40354909,0.06930000,2654.60000000,64592095,64592096,1782867716272602,True,True
40354910,0.06929000,1192.00000000,64592097,64592097,1782867716272602,True,True
40354911,0.06928000,3083.90000000,64592098,64592099,1782867716274052,True,True
40354912,0.06928000,561.90000000,64592100,64592100,1782867716274056,True,True
40354913,0.06928000,1071.20000000,64592101,64592101,1782867716274071,True,True
40354914,0.06927000,26.80000000,64592102,64592102,1782867716274071,True,True
40354915,0.06929000,4534.40000000,64592103,64592103,1782867716275046,True,True
40354916,0.06927000,1437.10000000,64592104,64592104,1782867716275835,True,True
40354917,0.06924000,1068.00000000,64592105,64592105,1782867716276901,True,True
40354918,0.06924000,702.10000000,64592106,64592107,1782867716277136,True,True
40354919,0.06923000,802.90000000,64592108,64592108,1782867716277136,True,True
40354920,0.06923000,1467.00000000,64592109,64592109,1782867716285533,True,True
40354921,0.06920000,1467.00000000,64592110,64592110,1782867716295853,True,True
40354922,0.06917000,1467.00000000,64592111,64592111,1782867716341104,True,True
40354923,0.06914000,1467.00000000,64592112,64592112,1782867716362118,True,True
40354924,0.06912000,960.00000000,64592113,64592113,1782867716365115,True,True
40354925,0.06916000,1620.00000000,64592114,64592114,1782867716479673,False,True
40354926,0.06917000,1615.00000000,64592115,64592116,1782867716479673,False,True
40354927,0.06917000,143.20000000,64592117,64592117,1782867716482344,False,True
40354928,0.06918000,12013.00000000,64592118,64592118,1782867721714568,False,True
40354929,0.06918000,1467.70000000,64592119,64592119,1782867724052969,True,True
40354930,0.06916000,862.90000000,64592120,64592120,1782867724052969,True,True
40354931,0.06919000,217.10000000,64592121,64592121,1782867737832280,False,True
40354932,0.06921000,515.00000000,64592122,64592122,1782867737834045,False,True
40354933,0.06925000,564.50000000,64592123,64592123,1782867748387529,True,True
40354934,0.06926000,862.00000000,64592124,64592124,1782867754363221,True,True
40354935,0.06926000,689.60000000,64592125,64592125,1782867754378812,True,True
40354936,0.06927000,112.20000000,64592126,64592126,1782867778521665,True,True
40354937,0.06932000,103.00000000,64592127,64592127,1782867803630965,False,True
40354938,0.06929000,4515.00000000,64592128,64592128,1782867812706641,True,True
40354939,0.06923000,217.10000000,64592129,64592129,1782867812854610,True,True
40354940,0.06924000,587.60000000,64592130,64592130,1782867818310062,True,True
40354941,0.06924000,575.10000000,64592131,64592131,1782867818333859,True,True
40354942,0.06928000,3324.90000000,64592132,64592132,1782867820275521,False,True
40354943,0.06928000,5569.20000000,64592133,64592133,1782867850169177,True,True
40354944,0.06928000,527.80000000,64592134,64592135,1782867913909534,True,True
40354945,0.06928000,1362.60000000,64592136,64592136,1782867913928780,True,True
40354946,0.06926000,216.90000000,64592137,64592137,1782867913961368,True,True
40354947,0.06925000,1192.00000000,64592138,64592138,1782867913961368,True,True
40354948,0.06921000,2620.00000000,64592139,64592140,1782867913964121,True,True
40354949,0.06922000,1104.30000000,64592141,64592141,1782867923430236,False,True
40354950,0.06925000,217.00000000,64592142,64592142,1782868005874844,False,True
40354951,0.06927000,1464.90000000,64592143,64592143,1782868005878032,False,True
40354952,0.06929000,1975.10000000,64592144,64592144,1782868005878032,False,True
40354953,0.06929000,202.80000000,64592145,64592145,1782868005904602,False,True
40354954,0.06931000,106.80000000,64592146,64592146,1782868037787491,True,True
40354955,0.06933000,231.10000000,64592147,64592147,1782868040025193,False,True
40354956,0.06933000,1231.50000000,64592148,64592148,1782868040025724,False,True
40354957,0.06935000,1462.60000000,64592149,64592149,1782868040027477,False,True
40354958,0.06938000,17.40000000,64592150,64592150,1782868040027477,False,True
40354959,0.06938000,1445.20000000,64592151,64592151,1782868040028263,False,True
40354960,0.06941000,34.80000000,64592152,64592152,1782868040028263,False,True
40354961,0.06940000,1620.00000000,64592153,64592153,1782868040029473,False,True
40354962,0.06934000,126.40000000,64592154,64592154,1782868040915141,True,True
40354963,0.06938000,1231.00000000,64592155,64592155,1782868045349202,False,True
40354964,0.06939000,1231.00000000,64592156,64592157,1782868045398826,False,True
40354965,0.06933000,231.10000000,64592158,64592158,1782868129855448,True,True
40354966,0.06933000,242.40000000,64592159,64592159,1782868129855571,True,True
40354967,0.06933000,216.70000000,64592160,64592160,1782868129857028,True,True
40354968,0.06931000,1023.70000000,64592161,64592161,1782868168008626,False,True
40354969,0.06932000,1023.00000000,64592162,64592162,1782868168008758,False,True
40354970,0.06932000,1023.00000000,64592163,64592163,1782868168008882,False,True
40354971,0.06932000,1023.00000000,64592164,64592164,1782868168008885,False,True
40354972,0.06932000,1023.00000000,64592165,64592165,1782868168008888,False,True
40354973,0.06932000,268.30000000,64592166,64592166,1782868168009008,False,True
40354974,0.06934000,754.70000000,64592167,64592167,1782868168009008,False,True
40354975,0.06933000,1152.60000000,64592168,64592168,1782868176055853,False,True
40354976,0.06934000,289.70000000,64592169,64592169,1782868176055853,False,True
40354977,0.06931000,828.90000000,64592170,64592170,1782868200302237,True,True
40354978,0.06931000,791.10000000,64592171,64592171,1782868200307669,True,True
40354979,0.06930000,1167.00000000,64592172,64592172,1782868200307669,True,True
40354980,0.06933000,1411.60000000,64592173,64592173,1782868203361522,False,True
40354981,0.06934000,3856.90000000,64592174,64592175,1782868203361522,False,True
40354982,0.06935000,284.90000000,64592176,64592176,1782868203361522,False,True
40354983,0.06934000,710.80000000,64592177,64592177,1782868262029729,False,True
40354984,0.06934000,637.70000000,64592178,64592178,1782868262029877,False,True
40354985,0.06935000,907.10000000,64592179,64592179,1782868262029877,False,True
40354986,0.06938000,1464.40000000,64592180,64592180,1782868262034946,False,True
40354987,0.06940000,935.60000000,64592181,64592181,1782868262034946,False,True
40354988,0.06943000,157.00000000,64592182,64592182,1782868269125035,False,True
40354989,0.06943000,157.00000000,64592183,64592183,1782868269125259,False,True
40354990,0.06943000,118.00000000,64592184,64592184,1782868269184512,False,True
40354991,0.06943000,118.00000000,64592185,64592185,1782868269184671,False,True
40354992,0.06943000,704.10000000,64592186,64592186,1782868269186047,False,True
40354993,0.06946000,442.80000000,64592187,64592187,1782868269477292,False,True
40354994,0.06946000,12500.90000000,64592188,64592188,1782868300525952,True,True
40354995,0.06946000,143.90000000,64592189,64592189,1782868300529375,True,True
40354996,0.06947000,1183.10000000,64592190,64592190,1782868300957062,False,True
40354997,0.06948000,378.70000000,64592191,64592191,1782868300958597,False,True
40354998,0.06949000,2116.50000000,64592192,64592192,1782868300959924,False,True
40354999,0.06950000,1193.00000000,64592193,64592193,1782868300964160,False,True
40355000,0.06953000,1870.00000000,64592194,64592195,1782868300978507,False,True
40355001,0.06949000,1227.00000000,64592196,64592196,1782868300986190,True,True
40355002,0.06949000,5206.30000000,64592197,64592201,1782868300998400,True,True
40355003,0.06948000,329.50000000,64592202,64592202,1782868300998400,True,True
40355004,0.06950000,1041.20000000,64592203,64592203,1782868301075492,True,True
40355005,0.06950000,1934.00000000,64592204,64592205,1782868302047308,True,True
40355006,0.06949000,1620.00000000,64592206,64592206,1782868302047308,True,True
40355007,0.06948000,3635.90000000,64592207,64592208,1782868302047308,True,True
40355008,0.06946000,562.40000000,64592209,64592209,1782868303466301,True,True
40355009,0.06947000,2112.10000000,64592210,64592211,1782868312305638,True,True
40355010,0.06946000,2249.60000000,64592212,64592213,1782868312305638,True,True
40355011,0.06945000,1620.00000000,64592214,64592214,1782868312305638,True,True
40355012,0.06946000,1192.00000000,64592215,64592215,1782868335119471,True,True
40355013,0.06945000,1438.00000000,64592216,64592217,1782868346004973,True,True
40355014,0.06944000,3326.40000000,64592218,64592222,1782868346004973,True,True
40355015,0.06943000,216.40000000,64592223,64592223,1782868347313652,True,True
40355016,0.06942000,2620.00000000,64592224,64592225,1782868347313652,True,True
40355017,0.06941000,216.50000000,64592226,64592226,1782868359122209,True,True
40355018,0.06939000,1620.00000000,64592227,64592227,1782868359122209,True,True
40355019,0.06938000,1103.70000000,64592228,64592228,1782868359122209,True,True
40355020,0.06937000,216.10000000,64592229,64592229,1782868359141581,False,True
40355021,0.06937000,216.60000000,64592230,64592230,1782868359141711,False,True
40355022,0.06933000,2774.00000000,64592231,64592231,1782868360487977,False,True
40355023,0.06935000,2147.60000000,64592232,64592233,1782868360487977,False,True
40355024,0.06936000,4616.30000000,64592234,64592235,1782868360487977,False,True
40355025,0.06937000,2743.90000000,64592236,64592237,1782868360487977,False,True
40355026,0.06937000,216.70000000,64592238,64592238,1782868360490573,False,True
40355027,0.06938000,130.30000000,64592239,64592239,1782868360490573,False,True
40355028,0.06940000,347.00000000,64592240,64592240,1782868360490808,False,True
40355029,0.06940000,1273.00000000,64592241,64592241,1782868360492573,False,True
40355030,0.06941000,481.90000000,64592242,64592242,1782868360925517,False,True
40355031,0.06937000,262.00000000,64592243,64592243,1782868365466842,True,True
40355032,0.06932000,596.00000000,64592244,64592244,1782868367827948,False,True
40355033,0.06932000,542.20000000,64592245,64592245,1782868367828183,False,True
40355034,0.06933000,216.70000000,64592246,64592246,1782868367828468,False,True
40355035,0.06934000,187.00000000,64592247,64592247,1782868367911473,False,True
40355036,0.06934000,187.00000000,64592248,64592248,1782868367911637,False,True
40355037,0.06932000,1622.50000000,64592249,64592250,1782868370856349,False,True
40355038,0.06933000,4543.10000000,64592251,64592253,1782868370856349,False,True
40355039,0.06934000,4638.60000000,64592254,64592256,1782868370856349,False,True
40355040,0.06935000,546.00000000,64592257,64592257,1782868370863051,False,True
40355041,0.06934000,437.00000000,64592258,64592258,1782868372826716,False,True
40355042,0.06931000,216.80000000,64592259,64592259,1782868380753111,True,True
40355043,0.06930000,357.00000000,64592260,64592260,1782868392166231,True,True
40355044,0.06930000,286.00000000,64592261,64592261,1782868393195511,True,True
40355045,0.06929000,216.90000000,64592262,64592262,1782868394148130,True,True
40355046,0.06927000,1024.40000000,64592263,64592263,1782868394148130,True,True
40355047,0.06930000,286.00000000,64592264,64592264,1782868394152297,True,True
40355048,0.06930000,147.00000000,64592265,64592265,1782868394156675,True,True
40355049,0.06929000,562.00000000,64592266,64592266,1782868394422773,True,True
40355050,0.06929000,1836.90000000,64592267,64592268,1782868395605376,False,True
40355051,0.06930000,5846.60000000,64592269,64592271,1782868395605376,False,True
40355052,0.06931000,2812.00000000,64592272,64592273,1782868395605376,False,True
40355053,0.06932000,355.10000000,64592274,64592274,1782868395605376,False,True
40355054,0.06928000,217.00000000,64592275,64592275,1782868400127208,True,True
40355055,0.06928000,253.00000000,64592276,64592276,1782868400932551,True,True
40355056,0.06927000,470.00000000,64592277,64592277,1782868401586979,True,True
40355057,0.06927000,376.00000000,64592278,64592278,1782868402166644,True,True
40355058,0.06929000,576.00000000,64592279,64592279,1782868402658637,False,True
40355059,0.06929000,288.60000000,64592280,64592280,1782868422946363,False,True
40355060,0.06933000,3882.50000000,64592281,64592281,1782868432811142,False,True
40355061,0.06934000,909.90000000,64592282,64592282,1782868440702966,True,True
40355062,0.06940000,107.00000000,64592283,64592283,1782868451229269,False,True
40355063,0.06940000,218.00000000,64592284,64592284,1782868452807265,False,True
40355064,0.06940000,86.00000000,64592285,64592285,1782868452929244,False,True
40355065,0.06940000,336.00000000,64592286,64592286,1782868464729507,False,True
40355066,0.06940000,84.00000000,64592287,64592287,1782868465234858,False,True
40355067,0.06940000,87.00000000,64592288,64592288,1782868465530702,False,True
40355068,0.06940000,81.00000000,64592289,64592289,1782868467429463,False,True
40355069,0.06937000,815.00000000,64592290,64592290,1782868500714369,True,True
40355070,0.06936000,1460.10000000,64592291,64592291,1782868500714369,True,True
40355071,0.06938000,396.00000000,64592292,64592292,1782868500732460,True,True
40355072,0.06938000,239.00000000,64592293,64592293,1782868500763043,True,True
40355073,0.06939000,216.60000000,64592294,64592294,1782868507997993,True,True
40355074,0.06939000,216.60000000,64592295,64592295,1782868510934217,True,True
40355075,0.06947000,325.00000000,64592296,64592296,1782868511423900,False,True
40355076,0.06951000,563.00000000,64592297,64592297,1782868511470681,False,True
40355077,0.06947000,2302.10000000,64592298,64592298,1782868511771087,True,True
40355078,0.06946000,3082.60000000,64592299,64592300,1782868511771087,True,True
40355079,0.06945000,1167.00000000,64592301,64592301,1782868512276053,True,True
40355080,0.06943000,1033.30000000,64592302,64592302,1782868512276053,True,True
40355081,0.06945000,436.00000000,64592303,64592303,1782868512698104,True,True
40355082,0.06942000,352.00000000,64592304,64592304,1782868512700479,True,True
40355083,0.06940000,585.50000000,64592305,64592305,1782868535611066,False,True
40355084,0.06942000,7389.40000000,64592306,64592308,1782868535611066,False,True
40355085,0.06942000,118.00000000,64592309,64592309,1782868535613526,False,True
40355086,0.06939000,592.00000000,64592310,64592310,1782868560703696,True,True
40355087,0.06938000,436.00000000,64592311,64592312,1782868560706856,True,True
40355088,0.06937000,622.50000000,64592313,64592313,1782868560706856,True,True
40355089,0.06936000,2217.00000000,64592314,64592314,1782868560709873,True,True
40355090,0.06938000,1149.00000000,64592315,64592315,1782868560712400,True,True
40355091,0.06934000,2226.00000000,64592316,64592316,1782868565533929,True,True
40355092,0.06932000,238.00000000,64592317,64592317,1782868565634334,True,True
40355093,0.06930000,1341.00000000,64592318,64592318,1782868565736321,True,True
40355094,0.06926000,1134.00000000,64592319,64592319,1782868583602906,False,True
40355095,0.06926000,196.00000000,64592320,64592320,1782868584790732,False,True
40355096,0.06926000,151.00000000,64592321,64592321,1782868588760557,False,True
40355097,0.06926000,230.00000000,64592322,64592322,1782868602771841,False,True
40355098,0.06927000,111.00000000,64592323,64592323,1782868603225646,False,True
40355099,0.06927000,89.00000000,64592324,64592324,1782868603300250,False,True
40355100,0.06927000,230.00000000,64592325,64592325,1782868604980189,False,True
40355101,0.06924000,424.80000000,64592326,64592326,1782868616065207,True,True
40355102,0.06924000,61.20000000,64592327,64592327,1782868616065319,True,True
40355103,0.06922000,1620.00000000,64592328,64592328,1782868616069438,True,True
40355104,0.06922000,404.00000000,64592329,64592329,1782868616070801,True,True
40355105,0.06920000,572.30000000,64592330,64592330,1782868616089874,True,True
40355106,0.06924000,325.00000000,64592331,64592331,1782868616454868,False,True
40355107,0.06921000,863.80000000,64592332,64592332,1782868620725180,True,True
40355108,0.06920000,2058.20000000,64592333,64592333,1782868648650131,True,True
40355109,0.06920000,8212.50000000,64592334,64592334,1782868648652484,True,True
40355110,0.06916000,76.00000000,64592335,64592335,1782868648657122,True,True
40355111,0.06914000,431.00000000,64592336,64592336,1782868648658159,True,True
40355112,0.06914000,1034.10000000,64592337,64592337,1782868648737011,True,True
40355113,0.06914000,509.00000000,64592338,64592338,1782868648742327,True,True
40355114,0.06910000,281.20000000,64592339,64592339,1782868650179158,True,True
40355115,0.06912000,550.00000000,64592340,64592340,1782868650636704,False,True
40355116,0.06912000,217.40000000,64592341,64592341,1782868650639446,False,True
40355117,0.06915000,1322.60000000,64592342,64592342,1782868650639446,False,True
40355118,0.06915000,368.00000000,64592343,64592343,1782868650640518,False,True
40355119,0.06911000,253.00000000,64592344,64592344,1782868657369697,True,True
40355120,0.06913000,756.70000000,64592345,64592345,1782868677366921,True,True
40355121,0.06912000,1468.20000000,64592346,64592346,1782868677366921,True,True
40355122,0.06911000,1620.00000000,64592347,64592347,1782868677366921,True,True
40355123,0.06910000,4193.30000000,64592348,64592349,1782868677366921,True,True
40355124,0.06909000,2717.10000000,64592350,64592351,1782868677366921,True,True
40355125,0.06908000,2690.00000000,64592352,64592354,1782868677368308,True,True
40355126,0.06908000,1032.10000000,64592355,64592356,1782868677368384,True,True
40355127,0.06908000,1254.00000000,64592357,64592358,1782868677369338,True,True
40355128,0.06904000,1469.80000000,64592359,64592359,1782868677370606,True,True
40355129,0.06903000,1469.80000000,64592360,64592360,1782868677370736,True,True
40355130,0.06906000,217.60000000,64592361,64592361,1782868677720020,False,True
40355131,0.06907000,146.40000000,64592362,64592362,1782868677728165,False,True
40355132,0.06907000,71.10000000,64592363,64592363,1782868677728198,False,True
40355133,0.06908000,1756.80000000,64592364,64592364,1782868677737725,False,True
40355134,0.06909000,2995.60000000,64592365,64592365,1782868677737725,False,True
40355135,0.06909000,6738.00000000,64592366,64592366,1782868677777039,False,True
40355136,0.06908000,1449.10000000,64592367,64592367,1782868680696272,True,True
40355137,0.06910000,268.00000000,64592368,64592368,1782868686991636,True,True
40355138,0.06908000,21.10000000,64592369,64592369,1782868686991636,True,True
40355139,0.06906000,217.60000000,64592370,64592370,1782868686993066,True,True
40355140,0.06907000,217.50000000,64592371,64592371,1782868686993803,False,True
40355141,0.06907000,217.00000000,64592372,64592372,1782868686993848,False,True
40355142,0.06907000,21478.60000000,64592373,64592373,1782868686996719,False,True
40355143,0.06907000,7200.00000000,64592374,64592374,1782868686997953,False,True
40355144,0.06907000,86400.00000000,64592375,64592375,1782868686998320,False,True
40355145,0.06907000,14400.00000000,64592376,64592376,1782868686998409,False,True
40355146,0.06907000,14400.00000000,64592377,64592377,1782868686999352,False,True
40355147,0.06907000,7200.00000000,64592378,64592378,1782868686999447,False,True
40355148,0.06907000,1611.00000000,64592379,64592379,1782868686999915,False,True
40355149,0.06907000,97855.90000000,64592380,64592380,1782868687000153,False,True
40355150,0.06911000,1192.00000000,64592381,64592381,1782868687000428,False,True
40355151,0.06912000,3029.40000000,64592382,64592384,1782868687000428,False,True
40355152,0.06913000,1620.00000000,64592385,64592385,1782868687000428,False,True
40355153,0.06915000,1192.00000000,64592386,64592386,1782868687000428,False,True
40355154,0.06916000,17477.50000000,64592387,64592387,1782868687000428,False,True
40355155,0.06917000,1620.00000000,64592388,64592388,1782868687000428,False,True
40355156,0.06918000,2812.00000000,64592389,64592390,1782868687000428,False,True
40355157,0.06919000,19.10000000,64592391,64592391,1782868687000428,False,True
40355158,0.06919000,1451.10000000,64592392,64592392,1782868687000547,False,True
40355159,0.06920000,1620.00000000,64592393,64592393,1782868687000547,False,True
40355160,0.06921000,18669.50000000,64592394,64592395,1782868687000547,False,True
40355161,0.06922000,3086.40000000,64592396,64592397,1782868687000547,False,True
40355162,0.06923000,4032.70000000,64592398,64592399,1782868687000547,False,True
40355163,0.06924000,102.30000000,64592400,64592400,1782868687000547,False,True
40355164,0.06919000,1620.00000000,64592401,64592401,1782868687004745,False,True
40355165,0.06919000,1192.00000000,64592402,64592402,1782868708778377,False,True
40355166,0.06920000,585.60000000,64592403,64592403,1782868708778377,False,True
40355167,0.06917000,1610.00000000,64592404,64592404,1782868715934663,True,True
40355168,0.06919000,587.50000000,64592405,64592405,1782868724810101,False,True
40355169,0.06920000,535.00000000,64592406,64592406,1782868724810101,False,True
40355170,0.06921000,915.00000000,64592407,64592407,1782868724810101,False,True
40355171,0.06917000,1467.30000000,64592408,64592408,1782868736786612,True,True
40355172,0.06915000,1467.30000000,64592409,64592409,1782868736787820,True,True
40355173,0.06914000,1192.00000000,64592410,64592410,1782868736787820,True,True
40355174,0.06913000,1000.00000000,64592411,64592411,1782868736788030,True,True
40355175,0.06912000,468.80000000,64592412,64592412,1782868736788030,True,True
40355176,0.06912000,723.20000000,64592413,64592413,1782868736788117,True,True
40355177,0.06911000,1686.20000000,64592414,64592415,1782868736849306,True,True
40355178,0.06909000,1468.80000000,64592416,64592416,1782868736850473,True,True
40355179,0.06908000,5162.40000000,64592417,64592418,1782868736852044,True,True
40355180,0.06905000,2662.20000000,64592419,64592420,1782868736860039,True,True
40355181,0.06906000,1466.20000000,64592421,64592421,1782868736861761,True,True
40355182,0.06900000,1469.80000000,64592422,64592422,1782868736893657,True,True
40355183,0.06904000,217.60000000,64592423,64592423,1782868737857759,False,True
40355184,0.06906000,782.40000000,64592424,64592424,1782868737857759,False,True
40355185,0.06906000,1149.20000000,64592425,64592425,1782868739110280,True,True
40355186,0.06906000,2476.00000000,64592426,64592426,1782868739111506,True,True
40355187,0.06905000,15001.50000000,64592427,64592427,1782868739111506,True,True
40355188,0.06905000,217.70000000,64592428,64592428,1782868739117509,True,True
40355189,0.06903000,217.70000000,64592429,64592429,1782868739118661,True,True
40355190,0.06907000,101.00000000,64592430,64592430,1782868775397053,False,True
40355191,0.06907000,101.00000000,64592431,64592431,1782868775397187,False,True
40355192,0.06907000,101.00000000,64592432,64592433,1782868775397271,False,True
40355193,0.06907000,502.60000000,64592434,64592434,1782868775397650,False,True
40355194,0.06911000,101.00000000,64592435,64592435,1782868775399422,False,True
40355195,0.06906000,2812.00000000,64592436,64592437,1782868775881215,True,True
40355196,0.06905000,207.20000000,64592438,64592438,1782868775881215,True,True
40355197,0.06903000,217.70000000,64592439,64592439,1782868780338167,True,True
40355198,0.06902000,193.30000000,64592440,64592440,1782868785877490,True,True
40355199,0.06902000,428.70000000,64592441,64592441,1782868785880065,True,True
40355200,0.06899000,217.80000000,64592442,64592442,1782868795439670,True,True
40355201,0.06897000,1472.70000000,64592443,64592443,1782868795442887,True,True
40355202,0.06902000,1644.90000000,64592444,64592444,1782868796099043,False,True
40355203,0.06902000,4945.80000000,64592445,64592447,1782868796132904,False,True
40355204,0.06903000,805.40000000,64592448,64592448,1782868796132904,False,True
40355205,0.06897000,477.00000000,64592449,64592451,1782868801292230,True,True
40355206,0.06894000,1192.00000000,64592452,64592452,1782868801292435,True,True
40355207,0.06897000,210.30000000,64592453,64592453,1782868801947619,False,True
40355208,0.06897000,7.50000000,64592454,64592454,1782868801951731,False,True
40355209,0.06899000,3768.50000000,64592455,64592455,1782868801951731,False,True
40355210,0.06900000,1620.00000000,64592456,64592456,1782868801951731,False,True
40355211,0.06901000,4709.20000000,64592457,64592458,1782868801951731,False,True
40355212,0.06900000,242.90000000,64592459,64592459,1782868802514580,True,True
40355213,0.06900000,880.10000000,64592460,64592460,1782868802514859,True,True
40355214,0.06897000,17477.50000000,64592461,64592461,1782868802517538,True,True
40355215,0.06898000,284.00000000,64592462,64592462,1782868809862502,True,True
40355216,0.06898000,227.00000000,64592463,64592463,1782868809866623,True,True
40355217,0.06898000,181.00000000,64592464,64592464,1782868809871402,True,True
40355218,0.06897000,238.00000000,64592465,64592465,1782868856335731,True,True
40355219,0.06898000,144.00000000,64592466,64592466,1782868876814002,False,True
40355220,0.06895000,217.90000000,64592467,64592467,1782868899130855,True,True
40355221,0.06895000,589.20000000,64592468,64592468,1782868934921092,False,True
40355222,0.06896000,411.40000000,64592469,64592469,1782868934921092,False,True
40355223,0.06895000,271.80000000,64592470,64592470,1782868986615694,False,True
40355224,0.06895000,1509.10000000,64592471,64592472,1782868996238994,False,True
40355225,0.06896000,998.50000000,64592473,64592474,1782868996240368,False,True
40355226,0.06897000,1656.30000000,64592475,64592475,1782868996240368,False,True
40355227,0.06897000,998.50000000,64592476,64592476,1782868996240440,False,True
40355228,0.06898000,1048.00000000,64592477,64592477,1782868996240440,False,True
40355229,0.06899000,1192.00000000,64592478,64592478,1782868996241776,False,True
40355230,0.06908000,960.00000000,64592479,64592479,1782868996266954,False,True
40355231,0.06909000,8177.20000000,64592480,64592480,1782868996278004,False,True
40355232,0.06920000,203.00000000,64592481,64592481,1782868997270830,False,True
40355233,0.06924000,92.00000000,64592482,64592482,1782868997284664,True,True
40355234,0.06922000,2115.40000000,64592483,64592483,1782868997284664,True,True
40355235,0.06918000,1192.00000000,64592484,64592484,1782868997645029,True,True
40355236,0.06916000,1620.00000000,64592485,64592485,1782868997645029,True,True
40355237,0.06908000,360.20000000,64592486,64592486,1782868997648660,True,True
40355238,0.06911000,998.00000000,64592487,64592487,1782869001566555,False,True
40355239,0.06912000,998.00000000,64592488,64592488,1782869001606079,False,True
40355240,0.06910000,397.80000000,64592489,64592489,1782869040522260,True,True
40355241,0.06908000,173.60000000,64592490,64592490,1782869094714947,False,True
40355242,0.06911000,588.10000000,64592491,64592491,1782869133784842,False,True
40355243,0.06912000,1620.00000000,64592492,64592492,1782869133784842,False,True
40355244,0.06913000,1951.90000000,64592493,64592494,1782869133784842,False,True
40355245,0.06910000,496.80000000,64592495,64592495,1782869133791727,True,True
40355246,0.06911000,174.60000000,64592496,64592496,1782869151477000,True,True
40355247,0.06910000,270.50000000,64592497,64592497,1782869208915996,True,True
40355248,0.06910000,306.80000000,64592498,64592498,1782869224894495,True,True
40355249,0.06912000,587.90000000,64592499,64592499,1782869233239546,False,True
40355250,0.06914000,1262.10000000,64592500,64592500,1782869233239546,False,True
40355251,0.06912000,601.60000000,64592501,64592501,1782869258332989,True,True
40355252,0.06916000,599.00000000,64592502,64592502,1782869389464222,True,True
40355253,0.06915000,1458.40000000,64592503,64592503,1782869394488699,True,True
40355254,0.06916000,1620.00000000,64592504,64592504,1782869444501698,True,True
40355255,0.06915000,2672.90000000,64592505,64592505,1782869444501698,True,True
40355256,0.06914000,1620.00000000,64592506,64592506,1782869444501698,True,True
40355257,0.06913000,1837.30000000,64592507,64592508,1782869444501698,True,True
40355258,0.06912000,1620.00000000,64592509,64592509,1782869444501698,True,True
40355259,0.06911000,1083.70000000,64592510,64592510,1782869444501698,True,True
40355260,0.06911000,2353.20000000,64592511,64592511,1782869444801017,True,True
40355261,0.06903000,3595.10000000,64592512,64592512,1782869522456788,False,True
40355262,0.06901000,217.70000000,64592513,64592513,1782869547621672,False,True
40355263,0.06913000,1192.00000000,64592514,64592514,1782869555013161,False,True
40355264,0.06911000,1817.20000000,64592515,64592515,1782869560959260,False,True
40355265,0.06912000,1620.00000000,64592516,64592516,1782869560959260,False,True
40355266,0.06913000,1391.30000000,64592517,64592517,1782869560959260,False,True
40355267,0.06918000,1467.50000000,64592518,64592518,1782869560959597,False,True
40355268,0.06923000,189.70000000,64592519,64592519,1782869560963628,False,True
40355269,0.06921000,2701.80000000,64592520,64592520,1782869560964883,True,True
40355270,0.06922000,1620.00000000,64592521,64592521,1782869560965291,True,True
40355271,0.06921000,1081.80000000,64592522,64592522,1782869560965291,True,True
40355272,0.06922000,1192.90000000,64592523,64592523,1782869560965751,True,True
40355273,0.06922000,2223.30000000,64592524,64592524,1782869560968062,True,True
40355274,0.06919000,517.00000000,64592525,64592525,1782869560980226,True,True
40355275,0.06920000,1620.00000000,64592526,64592526,1782869561150933,False,True
40355276,0.06921000,1822.00000000,64592527,64592528,1782869561150933,False,True
40355277,0.06917000,919.00000000,64592529,64592529,1782869620516033,True,True
40355278,0.06916000,4584.20000000,64592530,64592530,1782869621442528,False,True
40355279,0.06917000,1192.00000000,64592531,64592531,1782869621442528,False,True
40355280,0.06918000,3552.90000000,64592532,64592532,1782869621442528,False,True
40355281,0.06918000,1275.50000000,64592533,64592533,1782869621445256,False,True
40355282,0.06920000,788.50000000,64592534,64592534,1782869621445256,False,True
40355283,0.06921000,2886.80000000,64592535,64592535,1782869621853105,False,True
40355284,0.06920000,584.90000000,64592536,64592536,1782869696862551,False,True
40355285,0.06919000,219.10000000,64592537,64592537,1782869701509086,True,True
40355286,0.06919000,91.40000000,64592538,64592538,1782869817822434,True,True
40355287,0.06919000,216.80000000,64592539,64592539,1782869854111189,True,True
40355288,0.06919000,2812.10000000,64592540,64592542,1782869924056241,True,True
40355289,0.06919000,1713.60000000,64592543,64592544,1782869924056392,True,True
40355290,0.06917000,1192.00000000,64592545,64592545,1782869924058946,True,True
40355291,0.06915000,187.00000000,64592546,64592546,1782869927871057,False,True
40355292,0.06915000,217.20000000,64592547,64592547,1782869936534740,False,True
40355293,0.06915000,216.80000000,64592548,64592548,1782869936535267,False,True
40355294,0.06915000,382.00000000,64592549,64592549,1782869940581282,False,True
40355295,0.06915000,184.00000000,64592550,64592550,1782869940581938,False,True
40355296,0.06915000,385.00000000,64592551,64592551,1782869940681363,False,True
40355297,0.06915000,2951.40000000,64592552,64592553,1782869943543670,False,True
40355298,0.06916000,203.00000000,64592554,64592554,1782869947307234,False,True
40355299,0.06916000,289.00000000,64592555,64592555,1782869947987629,False,True
40355300,0.06916000,1188.00000000,64592556,64592556,1782869947987741,False,True
40355301,0.06919000,1312.00000000,64592557,64592557,1782869969282374,False,True
40355302,0.06919000,1148.00000000,64592558,64592558,1782869970136034,False,True
40355303,0.06918000,140.00000000,64592559,64592559,1782869972106035,False,True
40355304,0.06918000,247.00000000,64592560,64592560,1782869976509220,False,True
40355305,0.06918000,925.00000000,64592561,64592561,1782869988078785,False,True
40355306,0.06918000,227.00000000,64592562,64592562,1782869988079070,False,True
40355307,0.06918000,737.00000000,64592563,64592563,1782869991029185,False,True
40355308,0.06918000,348.00000000,64592564,64592564,1782869991130160,False,True
40355309,0.06918000,146.00000000,64592565,64592565,1782869991130244,False,True
40355310,0.06918000,331.00000000,64592566,64592566,1782869992029430,False,True
40355311,0.06918000,1312.00000000,64592567,64592567,1782870000674845,False,True
40355312,0.06918000,1081.00000000,64592568,64592568,1782870000674924,False,True
40355313,0.06918000,211.00000000,64592569,64592569,1782870000712287,False,True
40355314,0.06919000,2040.00000000,64592570,64592570,1782870015414192,False,True
40355315,0.06919000,8446.50000000,64592571,64592571,1782870015415272,False,True
40355316,0.06926000,2763.00000000,64592572,64592572,1782870015416683,False,True
40355317,0.06926000,1271.70000000,64592573,64592573,1782870015419917,False,True
40355318,0.06928000,338.30000000,64592574,64592574,1782870015419917,False,True
40355319,0.06930000,1700.00000000,64592575,64592576,1782870038496832,False,True
40355320,0.06940000,1640.30000000,64592577,64592577,1782870070149581,True,True
40355321,0.06942000,3701.40000000,64592578,64592579,1782870147155788,False,True
40355322,0.06944000,1462.50000000,64592580,64592580,1782870147157094,False,True
40355323,0.06947000,189.50000000,64592581,64592581,1782870147158543,False,True
40355324,0.06948000,1462.30000000,64592582,64592582,1782870147158543,False,True
40355325,0.06946000,960.00000000,64592583,64592583,1782870147182738,True,True
40355326,0.06947000,1620.00000000,64592584,64592584,1782870147319406,False,True
40355327,0.06948000,2081.00000000,64592585,64592586,1782870147319406,False,True
40355328,0.06945000,1007.60000000,64592587,64592587,1782870147442235,True,True
40355329,0.06944000,2285.80000000,64592588,64592588,1782870147899725,True,True
40355330,0.06943000,2285.80000000,64592589,64592589,1782870147899725,True,True
40355331,0.06942000,3905.80000000,64592590,64592591,1782870147899725,True,True
40355332,0.06941000,3905.80000000,64592592,64592593,1782870147899725,True,True
40355333,0.06940000,1857.60000000,64592594,64592594,1782870147899725,True,True
40355334,0.06942000,1620.00000000,64592595,64592595,1782870171515406,False,True
40355335,0.06943000,3212.70000000,64592596,64592597,1782870171515406,False,True
40355336,0.06943000,905.30000000,64592598,64592598,1782870171517537,False,True
40355337,0.06941000,216.50000000,64592599,64592599,1782870171842557,True,True
40355338,0.06941000,216.50000000,64592600,64592600,1782870172043578,True,True
40355339,0.06941000,216.50000000,64592601,64592601,1782870172241992,True,True
40355340,0.06941000,216.50000000,64592602,64592602,1782870172641773,True,True
40355341,0.06946000,495.40000000,64592603,64592603,1782870185266084,True,True
40355342,0.06947000,3819.10000000,64592604,64592605,1782870209593603,True,True
40355343,0.06945000,1836.30000000,64592606,64592607,1782870209593603,True,True
40355344,0.06944000,3366.90000000,64592608,64592609,1782870209593603,True,True
40355345,0.06941000,391.40000000,64592610,64592610,1782870303961661,True,True
40355346,0.06934000,586.30000000,64592611,64592611,1782870347117477,False,True
40355347,0.06936000,3660.70000000,64592612,64592613,1782870347117477,False,True
40355348,0.06937000,2329.00000000,64592614,64592614,1782870347117477,False,True
40355349,0.06938000,632.40000000,64592615,64592615,1782870347117477,False,True
40355350,0.06937000,74.00000000,64592616,64592616,1782870453236286,False,True
40355351,0.06937000,74.00000000,64592617,64592617,1782870453236454,False,True
40355352,0.06935000,2165.90000000,64592618,64592618,1782870453311629,True,True
40355353,0.06934000,2165.90000000,64592619,64592619,1782870453313175,True,True
40355354,0.06933000,2653.60000000,64592620,64592621,1782870453313175,True,True
40355355,0.06934000,168.00000000,64592622,64592622,1782870453314619,True,True
40355356,0.06932000,3526.30000000,64592623,64592624,1782870453314619,True,True
40355357,0.06934000,168.00000000,64592625,64592625,1782870453315617,True,True
40355358,0.06931000,316.00000000,64592626,64592627,1782870453392330,True,True
40355359,0.06932000,149.00000000,64592628,64592628,1782870453417177,True,True
40355360,0.06932000,447.00000000,64592629,64592629,1782870453474262,False,True
40355361,0.06933000,216.70000000,64592630,64592630,1782870473748260,False,True
40355362,0.06934000,257.30000000,64592631,64592631,1782870473748260,False,True
40355363,0.06935000,455.00000000,64592632,64592632,1782870474291404,False,True
40355364,0.06935000,252.00000000,64592633,64592633,1782870474291672,False,True
40355365,0.06936000,678.00000000,64592634,64592635,1782870481189799,True,True
40355366,0.06936000,631.00000000,64592636,64592636,1782870481911754,True,True
40355367,0.06936000,370.30000000,64592637,64592637,1782870486184690,True,True
40355368,0.06937000,1645.90000000,64592638,64592638,1782870487972597,True,True
40355369,0.06935000,372.00000000,64592639,64592640,1782870487973769,True,True
40355370,0.06936000,203.00000000,64592641,64592641,1782870488020510,False,True
40355371,0.06936000,203.00000000,64592642,64592642,1782870488020557,False,True
40355372,0.06934000,966.00000000,64592643,64592644,1782870500506877,True,True
40355373,0.06936000,251.00000000,64592645,64592645,1782870516335329,False,True
40355374,0.06936000,223.00000000,64592646,64592646,1782870516335558,False,True
40355375,0.06938000,192.00000000,64592647,64592647,1782870516345961,False,True
40355376,0.06938000,160.00000000,64592648,64592648,1782870516672494,False,True
40355377,0.06938000,160.00000000,64592649,64592649,1782870516672573,False,True
40355378,0.06938000,119.00000000,64592650,64592650,1782870516960120,False,True
40355379,0.06938000,119.00000000,64592651,64592651,1782870516960257,False,True
40355380,0.06938000,357.00000000,64592652,64592652,1782870540626310,False,True
40355381,0.06938000,357.00000000,64592653,64592654,1782870540626431,False,True
40355382,0.06936000,2304.30000000,64592655,64592656,1782870613281237,True,True
40355383,0.06936000,292.00000000,64592657,64592658,1782870613293629,True,True
40355384,0.06932000,1192.00000000,64592659,64592659,1782870617510247,True,True
40355385,0.06931000,660.00000000,64592660,64592661,1782870617511848,True,True
40355386,0.06933000,203.00000000,64592662,64592662,1782870624366566,False,True
40355387,0.06933000,203.00000000,64592663,64592663,1782870624367118,False,True
40355388,0.06934000,105.00000000,64592664,64592664,1782870648971650,False,True
40355389,0.06934000,98.00000000,64592665,64592665,1782870650185575,False,True
40355390,0.06935000,203.00000000,64592666,64592666,1782870650185982,False,True
40355391,0.06935000,13.60000000,64592667,64592667,1782870650333557,False,True
40355392,0.06936000,3774.40000000,64592668,64592669,1782870650333557,False,True
40355393,0.06936000,414.00000000,64592670,64592670,1782870650352389,False,True
40355394,0.06936000,414.00000000,64592671,64592671,1782870650354314,False,True
40355395,0.06936000,10820.00000000,64592672,64592672,1782870651950842,False,True
40355396,0.06936000,784.00000000,64592673,64592673,1782870651951124,False,True
40355397,0.06936000,5401.00000000,64592674,64592674,1782870651951282,False,True
40355398,0.06936000,4469.50000000,64592675,64592675,1782870652013976,False,True
40355399,0.06936000,1338.00000000,64592676,64592676,1782870652014759,False,True
40355400,0.06936000,898.00000000,64592677,64592677,1782870652014762,False,True
40355401,0.06936000,2927.00000000,64592678,64592678,1782870652016324,False,True
40355402,0.06936000,691.00000000,64592679,64592679,1782870652016512,False,True
40355403,0.06936000,7007.00000000,64592680,64592680,1782870652016658,False,True
40355404,0.06936000,3922.00000000,64592681,64592681,1782870652016783,False,True
40355405,0.06936000,305.60000000,64592682,64592682,1782870652017331,False,True
40355406,0.06935000,2196.90000000,64592683,64592684,1782870652018504,True,True
40355407,0.06934000,3540.20000000,64592685,64592686,1782870652018658,True,True
40355408,0.06936000,1620.00000000,64592687,64592687,1782870652018686,False,True
40355409,0.06932000,1192.00000000,64592688,64592688,1782870652020001,True,True
40355410,0.06932000,1354.00000000,64592689,64592689,1782870652021804,True,True
40355411,0.06932000,1163.00000000,64592690,64592690,1782870652022456,True,True
40355412,0.06931000,3921.40000000,64592691,64592691,1782870652031428,True,True
40355413,0.06930000,11241.30000000,64592692,64592694,1782870652037145,True,True
40355414,0.06929000,348.00000000,64592695,64592695,1782870652044708,False,True
40355415,0.06929000,1620.00000000,64592696,64592696,1782870652055631,False,True
40355416,0.06929000,307.30000000,64592697,64592697,1782870652055670,False,True
40355417,0.06932000,411.00000000,64592698,64592698,1782870652133214,False,True
40355418,0.06932000,2348.20000000,64592699,64592699,1782870652237731,False,True
40355419,0.06933000,347.80000000,64592700,64592700,1782870652237731,False,True
40355420,0.06927000,1288.00000000,64592701,64592702,1782870652298642,True,True
40355421,0.06928000,794.30000000,64592703,64592703,1782870652338777,False,True
40355422,0.06925000,203.00000000,64592704,64592704,1782870659607504,False,True
40355423,0.06925000,203.00000000,64592705,64592705,1782870659607874,False,True
40355424,0.06926000,207.00000000,64592706,64592706,1782870688210654,False,True
40355425,0.06926000,9.90000000,64592707,64592707,1782870688211181,False,True
40355426,0.06928000,220.10000000,64592708,64592708,1782870688211181,False,True
40355427,0.06925000,313.50000000,64592709,64592710,1782870775451246,True,True
40355428,0.06924000,217.00000000,64592711,64592711,1782870776535362,True,True
40355429,0.06926000,216.90000000,64592712,64592712,1782870796113631,False,True
40355430,0.06927000,5169.70000000,64592713,64592715,1782870796113631,False,True
40355431,0.06928000,889.20000000,64592716,64592716,1782870796113631,False,True
40355432,0.06932000,1620.00000000,64592717,64592717,1782870921315271,True,True
40355433,0.06931000,216.80000000,64592718,64592718,1782870921516211,True,True
40355434,0.06928000,290.00000000,64592719,64592720,1782870967199177,True,True
40355435,0.06926000,469.00000000,64592721,64592721,1782870967202213,True,True
40355436,0.06923000,1767.60000000,64592722,64592723,1782870967205407,True,True
40355437,0.06922000,1620.00000000,64592724,64592724,1782870967205407,True,True
40355438,0.06921000,3087.30000000,64592725,64592726,1782870967205407,True,True
40355439,0.06920000,7425.10000000,64592727,64592728,1782870967205407,True,True
40355440,0.06919000,1656.80000000,64592729,64592730,1782870967219119,True,True
40355441,0.06918000,1464.70000000,64592731,64592731,1782870967221867,True,True
40355442,0.06918000,1579.00000000,64592732,64592732,1782870967223296,True,True
40355443,0.06919000,217.10000000,64592733,64592733,1782870967227736,False,True
40355444,0.06919000,217.00000000,64592734,64592734,1782870967227968,False,True
40355445,0.06919000,216.60000000,64592735,64592735,1782870967228118,False,True
40355446,0.06918000,592.00000000,64592736,64592736,1782870967264891,False,True
40355447,0.06918000,592.00000000,64592737,64592737,1782870967265147,False,True
40355448,0.06916000,1464.70000000,64592738,64592738,1782870967274760,True,True
40355449,0.06915000,2439.20000000,64592739,64592739,1782870967276702,True,True
40355450,0.06915000,346.00000000,64592740,64592740,1782870967278311,True,True
40355451,0.06914000,149.00000000,64592741,64592741,1782870967295334,True,True
40355452,0.06913000,27.90000000,64592742,64592742,1782870967295334,True,True
40355453,0.06913000,1403.00000000,64592743,64592743,1782870967296213,True,True
40355454,0.06913000,37.00000000,64592744,64592744,1782870967297053,True,True
40355455,0.06911000,700.00000000,64592745,64592746,1782870967302121,True,True
40355456,0.06911000,1391.80000000,64592747,64592747,1782870967302235,True,True
40355457,0.06910000,1466.80000000,64592748,64592748,1782870967303589,True,True
40355458,0.06907000,2001.40000000,64592749,64592749,1782870967309203,True,True
40355459,0.06908000,417.00000000,64592750,64592750,1782870967327835,True,True
40355460,0.06908000,417.00000000,64592751,64592751,1782870967328810,True,True
40355461,0.06907000,9808.90000000,64592752,64592752,1782870967429185,False,True
40355462,0.06908000,1620.00000000,64592753,64592753,1782870967429185,False,True
40355463,0.06909000,2081.00000000,64592754,64592755,1782870967429185,False,True
40355464,0.06908000,1430.00000000,64592756,64592756,1782870967431768,False,True
40355465,0.06908000,1430.00000000,64592757,64592757,1782870967431946,False,True
40355466,0.06911000,144.00000000,64592758,64592758,1782870967437094,False,True
40355467,0.06911000,1413.00000000,64592759,64592759,1782870967581372,False,True
40355468,0.06909000,1837.90000000,64592760,64592761,1782870967638267,True,True
40355469,0.06910000,16643.30000000,64592762,64592762,1782870967826013,False,True
40355470,0.06911000,280.40000000,64592763,64592764,1782870967826013,False,True
40355471,0.06912000,6632.00000000,64592765,64592766,1782870967826013,False,True
40355472,0.06911000,1620.00000000,64592767,64592767,1782870967828517,False,True
