57938179,0.52560000,24.00000000,105213498,105213499,1782864000556969,False,True
57938180,0.52570000,24.00000000,105213500,105213501,1782864002225718,False,True
57938181,0.52580000,9.70000000,105213502,105213502,1782864018987177,False,True
57938182,0.52590000,9.70000000,105213503,105213503,1782864018987177,False,True
57938183,0.52600000,18.70000000,105213504,105213505,1782864018987177,False,True
57938184,0.52600000,38.10000000,105213506,105213506,1782864019010209,False,True
57938185,0.52610000,9.70000000,105213507,105213507,1782864022570695,False,True
57938186,0.52610000,95.00000000,105213508,105213508,1782864022912606,True,True
57938187,0.52620000,9.70000000,105213509,105213509,1782864027996338,False,True
57938188,0.52630000,24.00000000,105213510,105213511,1782864047789574,False,True
57938189,0.52640000,14.00000000,105213512,105213513,1782864047789574,False,True
57938190,0.52640000,9.70000000,105213514,105213514,1782864050518376,False,True
57938191,0.52650000,28.30000000,105213515,105213516,1782864050518376,False,True
57938192,0.52630000,24.00000000,105213517,105213518,1782864052152369,True,True
57938193,0.52620000,24.00000000,105213519,105213520,1782864053265912,True,True
57938194,0.52610000,24.00000000,105213521,105213522,1782864092766807,True,True
57938195,0.52600000,9.70000000,105213523,105213523,1782864092882756,True,True
57938196,0.52590000,9.70000000,105213524,105213524,1782864093804380,True,True
57938197,0.52590000,1004.40000000,105213525,105213530,1782864111431890,True,True
57938198,0.52580000,275.70000000,105213531,105213534,1782864111433585,True,True
57938199,0.52570000,9.70000000,105213535,105213535,1782864111435949,True,True
57938200,0.52560000,9.70000000,105213536,105213536,1782864114278739,True,True
57938201,0.52550000,64.00000000,105213537,105213539,1782864114278739,True,True
57938202,0.52540000,730.00000000,105213540,105213544,1782864114278850,True,True
57938203,0.52540000,213.20000000,105213545,105213545,1782864114809550,False,True
57938204,0.52560000,9.70000000,105213546,105213546,1782864124803644,False,True
57938205,0.52570000,28.40000000,105213547,105213547,1782864124803644,False,True
57938206,0.52570000,38.10000000,105213548,105213548,1782864127576964,False,True
57938207,0.52550000,278.10000000,105213549,105213551,1782864140872727,True,True
57938208,0.52570000,24.00000000,105213552,105213553,1782864154360911,False,True
57938209,0.52580000,24.00000000,105213554,105213555,1782864155332102,False,True
57938210,0.52590000,142.00000000,105213556,105213558,1782864155346029,False,True
57938211,0.52600000,400.00000000,105213559,105213559,1782864155350453,False,True
57938212,0.52600000,64.00000000,105213560,105213562,1782864155357131,False,True
57938213,0.52590000,213.70000000,105213563,105213563,1782864155613855,True,True
57938214,0.52580000,293.90000000,105213564,105213565,1782864158450732,True,True
57938215,0.52580000,261.80000000,105213566,105213569,1782864159277595,True,True
57938216,0.52580000,10.70000000,105213570,105213570,1782864159449029,False,True
57938217,0.52570000,9.70000000,105213571,105213571,1782864171727152,True,True
57938218,0.52560000,9.70000000,105213572,105213572,1782864175453002,True,True
57938219,0.52550000,9.70000000,105213573,105213573,1782864175453002,True,True
57938220,0.52540000,9.70000000,105213574,105213574,1782864194033334,True,True
57938221,0.52530000,9.70000000,105213575,105213575,1782864194033334,True,True
57938222,0.52540000,24.00000000,105213576,105213577,1782864214061795,False,True
57938223,0.52550000,9.70000000,105213578,105213578,1782864220699141,False,True
57938224,0.52560000,24.00000000,105213579,105213580,1782864220743494,False,True
57938225,0.52570000,64.00000000,105213581,105213583,1782864222524051,False,True
57938226,0.52580000,9.70000000,105213584,105213584,1782864249662958,False,True
57938227,0.52590000,3.80000000,105213585,105213585,1782864249662958,False,True
57938228,0.52590000,90.50000000,105213586,105213587,1782864251371476,False,True
57938229,0.52600000,9.70000000,105213588,105213588,1782864252784175,False,True
57938230,0.52610000,28.30000000,105213589,105213591,1782864252784175,False,True
57938231,0.52610000,213.70000000,105213592,105213592,1782864279921658,True,True
57938232,0.52600000,321.60000000,105213593,105213597,1782864299150345,True,True
57938233,0.52620000,21.60000000,105213598,105213599,1782864300836976,False,True
57938234,0.52630000,9.70000000,105213600,105213600,1782864312224122,False,True
57938235,0.52640000,9.70000000,105213601,105213601,1782864312224122,False,True
57938236,0.52650000,18.60000000,105213602,105213603,1782864312224122,False,True
57938237,0.52650000,5.40000000,105213604,105213604,1782864312249253,False,True
57938238,0.52660000,32.60000000,105213605,105213606,1782864312249253,False,True
57938239,0.52650000,9.70000000,105213607,105213607,1782864328008529,True,True
57938240,0.52640000,9.70000000,105213608,105213608,1782864336622158,True,True
57938241,0.52630000,9.70000000,105213609,105213609,1782864375469037,True,True
57938242,0.52620000,9.70000000,105213610,105213610,1782864375469037,True,True
57938243,0.52610000,9.70000000,105213611,105213611,1782864408399418,True,True
57938244,0.52600000,9.70000000,105213612,105213612,1782864408399418,True,True
57938245,0.52590000,9.70000000,105213613,105213613,1782864412376516,True,True
57938246,0.52580000,9.70000000,105213614,105213614,1782864412376516,True,True
57938247,0.52590000,9.70000000,105213615,105213615,1782864430426608,False,True
57938248,0.52580000,9.70000000,105213616,105213616,1782864495335317,True,True
57938249,0.52570000,9.70000000,105213617,105213617,1782864557412680,True,True
57938250,0.52560000,9.70000000,105213618,105213618,1782864557412680,True,True
57938251,0.52570000,112.80000000,105213619,105213619,1782864560847960,False,True
57938252,0.52550000,9.70000000,105213620,105213620,1782864582091580,True,True
57938253,0.52540000,9.70000000,105213621,105213621,1782864582091580,True,True
57938254,0.52530000,9.70000000,105213622,105213622,1782864588588500,True,True
57938255,0.52520000,1009.70000000,105213623,105213624,1782864588588500,True,True
57938256,0.52510000,33.70000000,105213625,105213627,1782864588590928,True,True
57938257,0.52500000,159.70000000,105213628,105213629,1782864593668080,True,True
57938258,0.52490000,9.70000000,105213630,105213630,1782864602081965,True,True
57938259,0.52490000,99.10000000,105213631,105213631,1782864602692808,False,True
57938260,0.52480000,24.00000000,105213632,105213633,1782864605965448,True,True
57938261,0.52470000,223.40000000,105213634,105213635,1782864606103342,True,True
57938262,0.52470000,213.70000000,105213636,105213636,1782864607087345,False,True
57938263,0.52480000,28.50000000,105213637,105213637,1782864609805764,False,True
57938264,0.52470000,447.70000000,105213638,105213639,1782864611968268,True,True
57938265,0.52480000,9.70000000,105213640,105213640,1782864613310468,False,True
57938266,0.52490000,9.70000000,105213641,105213641,1782864613324800,False,True
57938267,0.52500000,28.40000000,105213642,105213644,1782864613324800,False,True
57938268,0.52510000,38.10000000,105213645,105213645,1782864613362565,False,True
57938269,0.52500000,363.70000000,105213646,105213647,1782864614120233,True,True
57938270,0.52490000,337.20000000,105213648,105213651,1782864614120233,True,True
57938271,0.52490000,209.50000000,105213652,105213652,1782864631435831,False,True
57938272,0.52500000,97.00000000,105213653,105213654,1782864641416452,False,True
57938273,0.52510000,0.10000000,105213655,105213655,1782864641416452,False,True
57938274,0.52510000,23.90000000,105213656,105213657,1782864650499151,False,True
57938275,0.52520000,9.70000000,105213658,105213658,1782864653219815,False,True
57938276,0.52530000,9.70000000,105213659,105213659,1782864658981005,False,True
57938277,0.52540000,9.70000000,105213660,105213660,1782864658981005,False,True
57938278,0.52520000,9.70000000,105213661,105213661,1782864711172085,True,True
57938279,0.52510000,230.00000000,105213662,105213663,1782864758559481,True,True
57938280,0.52510000,290.00000000,105213664,105213666,1782864758560577,True,True
57938281,0.52510000,582.50000000,105213667,105213670,1782864758566170,True,True
57938282,0.52500000,1017.80000000,105213671,105213674,1782864758571279,True,True
57938283,0.52500000,167.70000000,105213675,105213675,1782864758609717,True,True
57938284,0.52490000,9.60000000,105213676,105213676,1782864758651570,True,True
57938285,0.52490000,0.10000000,105213677,105213677,1782864778793499,True,True
57938286,0.52480000,9.70000000,105213678,105213678,1782864778793499,True,True
57938287,0.52470000,9.70000000,105213679,105213679,1782864778793499,True,True
57938288,0.52460000,49.70000000,105213680,105213681,1782864778905050,True,True
57938289,0.52470000,80.40000000,105213682,105213682,1782864784891246,False,True
57938290,0.52470000,80.40000000,105213683,105213683,1782864784891305,False,True
57938291,0.52470000,76.90000000,105213684,105213686,1782864784891347,False,True
57938292,0.52480000,3.50000000,105213687,105213687,1782864784891347,False,True
57938293,0.52480000,80.40000000,105213688,105213688,1782864784891383,False,True
57938294,0.52470000,9.70000000,105213689,105213689,1782864796299331,False,True
57938295,0.52480000,9.70000000,105213690,105213690,1782864812091504,False,True
57938296,0.52490000,9.70000000,105213691,105213691,1782864812091504,False,True
57938297,0.52500000,9.70000000,105213692,105213692,1782864817093284,False,True
57938298,0.52510000,9.70000000,105213693,105213693,1782864817093284,False,True
57938299,0.52520000,9.70000000,105213694,105213694,1782864835366430,False,True
57938300,0.52530000,9.70000000,105213695,105213695,1782864835366430,False,True
57938301,0.52540000,9.70000000,105213696,105213696,1782864835671432,False,True
57938302,0.52550000,9.30000000,105213697,105213697,1782864835671432,False,True
57938303,0.52550000,0.40000000,105213698,105213698,1782864835672418,False,True
57938304,0.52560000,18.60000000,105213699,105213700,1782864835672418,False,True
57938305,0.52550000,38.10000000,105213701,105213701,1782864839419986,True,True
57938306,0.52570000,53.00000000,105213702,105213703,1782864887274825,False,True
57938307,0.52560000,260.00000000,105213704,105213706,1782864893566047,True,True
57938308,0.52560000,1101.30000000,105213707,105213715,1782864893570971,True,True
57938309,0.52570000,9.70000000,105213716,105213716,1782864910601872,False,True
57938310,0.52580000,28.40000000,105213717,105213719,1782864910601872,False,True
57938311,0.52590000,9.70000000,105213720,105213720,1782864914360241,False,True
57938312,0.52600000,9.70000000,105213721,105213721,1782864914360241,False,True
57938313,0.52610000,18.70000000,105213722,105213723,1782864914360241,False,True
57938314,0.52610000,19.60000000,105213724,105213725,1782864914421260,False,True
57938315,0.52620000,48.50000000,105213726,105213726,1782864914421260,False,True
57938316,0.52620000,68.10000000,105213727,105213727,1782864914422106,False,True
57938317,0.52620000,64.00000000,105213728,105213730,1782864914423468,False,True
57938318,0.52630000,4.20000000,105213731,105213731,1782864914423468,False,True
57938319,0.52630000,68.10000000,105213732,105213732,1782864914423615,False,True
57938320,0.52630000,68.10000000,105213733,105213733,1782864914424418,False,True
57938321,0.52630000,68.10000000,105213734,105213734,1782864914435830,False,True
57938322,0.52610000,9.70000000,105213735,105213735,1782864922587008,True,True
57938323,0.52610000,17.30000000,105213736,105213736,1782864932975565,False,True
57938324,0.52600000,9.70000000,105213737,105213737,1782864944551898,True,True
57938325,0.52590000,9.70000000,105213738,105213738,1782864944551898,True,True
57938326,0.52580000,9.70000000,105213739,105213739,1782864947781904,True,True
57938327,0.52570000,9.70000000,105213740,105213740,1782864947781904,True,True
57938328,0.52560000,9.70000000,105213741,105213741,1782864948531034,True,True
57938329,0.52550000,64.00000000,105213742,105213744,1782864948531034,True,True
57938330,0.52540000,580.40000000,105213745,105213749,1782864960375790,True,True
57938331,0.52540000,266.80000000,105213750,105213751,1782864960377652,True,True
57938332,0.52560000,223.40000000,105213752,105213753,1782864962042220,False,True
57938333,0.52570000,9.70000000,105213754,105213754,1782865056345208,False,True
57938334,0.52580000,28.40000000,105213755,105213757,1782865056345208,False,True
57938335,0.52590000,24.00000000,105213758,105213759,1782865056606743,False,True
57938336,0.52600000,14.10000000,105213760,105213760,1782865056606743,False,True
57938337,0.52580000,9.70000000,105213761,105213761,1782865070185805,True,True
57938338,0.52570000,9.70000000,105213762,105213762,1782865070185805,True,True
57938339,0.52560000,9.70000000,105213763,105213763,1782865079341305,True,True
57938340,0.52550000,9.70000000,105213764,105213764,1782865079341305,True,True
57938341,0.52540000,9.70000000,105213765,105213765,1782865151049139,True,True
57938342,0.52530000,9.70000000,105213766,105213766,1782865151049139,True,True
57938343,0.52520000,9.70000000,105213767,105213767,1782865156476934,True,True
57938344,0.52510000,9.70000000,105213768,105213768,1782865156476934,True,True
57938345,0.52500000,9.70000000,105213769,105213769,1782865197783399,True,True
57938346,0.52490000,9.70000000,105213770,105213770,1782865197783399,True,True
57938347,0.52500000,9.70000000,105213771,105213771,1782865214165180,False,True
57938348,0.52510000,9.70000000,105213772,105213772,1782865214165180,False,True
57938349,0.52520000,18.70000000,105213773,105213774,1782865214165180,False,True
57938350,0.52520000,38.10000000,105213775,105213776,1782865214165190,False,True
57938351,0.52520000,38.10000000,105213777,105213777,1782865214165248,False,True
57938352,0.52520000,38.10000000,105213778,105213778,1782865214165254,False,True
57938353,0.52520000,38.10000000,105213779,105213779,1782865214165301,False,True
57938354,0.52520000,38.10000000,105213780,105213780,1782865214165305,False,True
57938355,0.52520000,38.10000000,105213781,105213782,1782865214165315,False,True
57938356,0.52520000,4.70000000,105213783,105213783,1782865214165396,False,True
57938357,0.52530000,33.40000000,105213784,105213784,1782865214165396,False,True
57938358,0.52530000,38.10000000,105213785,105213785,1782865214165409,False,True
57938359,0.52530000,38.10000000,105213786,105213786,1782865214165440,False,True
57938360,0.52530000,38.10000000,105213787,105213787,1782865214165445,False,True
57938361,0.52530000,38.10000000,105213788,105213788,1782865214165466,False,True
57938362,0.52530000,38.10000000,105213789,105213791,1782865214165647,False,True
57938363,0.52530000,38.10000000,105213792,105213793,1782865214183634,False,True
57938364,0.52530000,38.10000000,105213794,105213794,1782865214187109,False,True
57938365,0.52530000,38.10000000,105213795,105213795,1782865214187553,False,True
57938366,0.52530000,24.00000000,105213796,105213797,1782865222961096,False,True
57938367,0.52540000,9.70000000,105213798,105213798,1782865235280122,False,True
57938368,0.52530000,9.70000000,105213799,105213799,1782865281873899,True,True
57938369,0.52520000,9.70000000,105213800,105213800,1782865281873899,True,True
57938370,0.52510000,9.70000000,105213801,105213801,1782865292370689,True,True
57938371,0.52500000,9.70000000,105213802,105213802,1782865292370689,True,True
57938372,0.52490000,9.70000000,105213803,105213803,1782865299505636,True,True
57938373,0.52480000,9.70000000,105213804,105213804,1782865299505636,True,True
57938374,0.52470000,320.00000000,105213805,105213806,1782865312599832,True,True
57938375,0.52460000,9.70000000,105213807,105213807,1782865312681703,True,True
57938376,0.52450000,49.70000000,105213808,105213809,1782865312681703,True,True
57938377,0.52440000,9.70000000,105213810,105213810,1782865316514606,True,True
57938378,0.52430000,49.70000000,105213811,105213812,1782865316514606,True,True
57938379,0.52420000,118.10000000,105213813,105213815,1782865318073199,True,True
57938380,0.52410000,89.30000000,105213816,105213817,1782865318073199,True,True
57938381,0.52410000,84.90000000,105213818,105213818,1782865320698067,False,True
57938382,0.52400000,23.40000000,105213819,105213820,1782865352212699,True,True
57938383,0.52390000,9.70000000,105213821,105213821,1782865352212699,True,True
57938384,0.52380000,289.80000000,105213822,105213824,1782865352212699,True,True
57938385,0.52370000,980.00000000,105213825,105213827,1782865352212699,True,True
57938386,0.52360000,1017.70000000,105213828,105213834,1782865352212699,True,True
57938387,0.52350000,2345.90000000,105213835,105213839,1782865352212699,True,True
57938388,0.52340000,5340.50000000,105213840,105213844,1782865352212699,True,True
57938389,0.52370000,950.00000000,105213845,105213845,1782865352222087,False,True
57938390,0.52370000,850.00000000,105213846,105213846,1782865352223620,False,True
57938391,0.52370000,18.40000000,105213847,105213847,1782865352223875,False,True
57938392,0.52370000,89.80000000,105213848,105213848,1782865352225134,False,True
57938393,0.52380000,9.80000000,105213849,105213849,1782865358227118,False,True
57938394,0.52380000,9.80000000,105213850,105213850,1782865380071313,False,True
57938395,0.52390000,9.80000000,105213851,105213851,1782865380071313,False,True
57938396,0.52390000,90.10000000,105213852,105213852,1782865380709878,False,True
57938397,0.52380000,9.80000000,105213853,105213853,1782865401086527,True,True
57938398,0.52390000,9.80000000,105213854,105213854,1782865413614559,False,True
57938399,0.52380000,242.50000000,105213855,105213857,1782865436648065,True,True
57938400,0.52370000,1037.50000000,105213858,105213862,1782865436648065,True,True
57938401,0.52390000,101.80000000,105213863,105213863,1782865439884400,False,True
57938402,0.52380000,290.10000000,105213864,105213865,1782865444969758,True,True
57938403,0.52380000,223.50000000,105213866,105213867,1782865463985788,True,True
57938404,0.52370000,9.80000000,105213868,105213868,1782865534492633,True,True
57938405,0.52370000,1046.60000000,105213869,105213872,1782865535961443,False,True
57938406,0.52360000,9.80000000,105213873,105213873,1782865537761724,True,True
57938407,0.52350000,237.90000000,105213874,105213876,1782865537761724,True,True
57938408,0.52340000,1122.30000000,105213877,105213880,1782865537761724,True,True
57938409,0.52340000,40.00000000,105213881,105213881,1782865537802955,True,True
57938410,0.52330000,333.10000000,105213882,105213886,1782865537802955,True,True
57938411,0.52340000,112.80000000,105213887,105213887,1782865539560106,False,True
57938412,0.52330000,280.00000000,105213888,105213888,1782865539909937,True,True
57938413,0.52330000,221.90000000,105213889,105213890,1782865539910904,True,True
57938414,0.52320000,981.00000000,105213891,105213893,1782865539929070,True,True
57938415,0.52310000,64.00000000,105213894,105213896,1782865539937444,True,True
57938416,0.52300000,437.90000000,105213897,105213902,1782865539937444,True,True
57938417,0.52290000,1200.00000000,105213903,105213906,1782865539976092,True,True
57938418,0.52290000,1797.10000000,105213907,105213908,1782865540012009,True,True
57938419,0.52280000,224.10000000,105213909,105213911,1782865540051452,True,True
57938420,0.52270000,24.10000000,105213912,105213913,1782865540176479,True,True
57938421,0.52270000,213.70000000,105213914,105213914,1782865540491807,True,True
57938422,0.52270000,96.20000000,105213915,105213915,1782865540580845,False,True
57938423,0.52280000,19.10000000,105213916,105213917,1782865542196393,False,True
57938424,0.52280000,61.20000000,105213918,105213918,1782865542588970,False,True
57938425,0.52280000,503.20000000,105213919,105213919,1782865543297512,False,True
57938426,0.52280000,28.70000000,105213920,105213920,1782865544910460,False,True
57938427,0.52280000,28.70000000,105213921,105213921,1782865545345004,False,True
57938428,0.52280000,306.30000000,105213922,105213922,1782865546841767,False,True
57938429,0.52280000,151.10000000,105213923,105213923,1782865550273494,False,True
57938430,0.52270000,213.70000000,105213924,105213924,1782865554586081,True,True
57938431,0.52270000,150.00000000,105213925,105213925,1782865562174779,True,True
57938432,0.52260000,64.10000000,105213926,105213928,1782865562188408,True,True
57938433,0.52270000,38.30000000,105213929,105213930,1782865563061202,False,True
57938434,0.52260000,190.00000000,105213931,105213931,1782865581669059,True,True
57938435,0.52250000,346.70000000,105213932,105213934,1782865582054116,True,True
57938436,0.52250000,337.00000000,105213935,105213936,1782865582059475,True,True
57938437,0.52250000,36.40000000,105213937,105213937,1782865582081460,False,True
57938438,0.52240000,223.40000000,105213938,105213939,1782865582081940,True,True
57938439,0.52240000,213.70000000,105213940,105213940,1782865582086929,True,True
57938440,0.52240000,505.50000000,105213941,105213943,1782865582093933,True,True
57938441,0.52230000,263.40000000,105213944,105213946,1782865582322807,True,True
57938442,0.52240000,36.40000000,105213947,105213947,1782865582636154,False,True
57938443,0.52250000,36.40000000,105213948,105213948,1782865583446939,False,True
57938444,0.52230000,223.50000000,105213949,105213950,1782865588038401,True,True
57938445,0.52230000,168.60000000,105213951,105213952,1782865588488853,False,True
57938446,0.52230000,168.60000000,105213953,105213953,1782865588489030,False,True
57938447,0.52230000,168.60000000,105213954,105213954,1782865588489085,False,True
57938448,0.52230000,168.60000000,105213955,105213955,1782865588489558,False,True
57938449,0.52230000,168.60000000,105213956,105213956,1782865588489629,False,True
57938450,0.52230000,168.60000000,105213957,105213957,1782865588489692,False,True
57938451,0.52230000,740.00000000,105213958,105213958,1782865588492628,False,True
57938452,0.52230000,420.00000000,105213959,105213959,1782865588492830,False,True
57938453,0.52230000,168.60000000,105213960,105213960,1782865588495554,False,True
57938454,0.52230000,580.00000000,105213961,105213961,1782865588496081,False,True
57938455,0.52230000,70.50000000,105213962,105213962,1782865588496102,False,True
57938456,0.52230000,168.60000000,105213963,105213963,1782865588496466,False,True
57938457,0.52230000,10.80000000,105213964,105213964,1782865588750771,False,True
57938458,0.52230000,16.80000000,105213965,105213965,1782865589080712,False,True
57938459,0.52230000,16.80000000,105213966,105213966,1782865591083207,False,True
57938460,0.52220000,420.00000000,105213967,105213969,1782865618298766,True,True
57938461,0.52220000,980.00000000,105213970,105213974,1782865618298767,True,True
57938462,0.52220000,450.00000000,105213975,105213977,1782865618303944,True,True
57938463,0.52220000,7.90000000,105213978,105213978,1782865618305262,True,True
57938464,0.52220000,19.90000000,105213979,105213979,1782865620600171,False,True
57938465,0.52220000,168.60000000,105213980,105213980,1782865620600342,False,True
57938466,0.52220000,168.60000000,105213981,105213981,1782865620600348,False,True
57938467,0.52220000,168.60000000,105213982,105213982,1782865620600741,False,True
57938468,0.52220000,10.30000000,105213983,105213983,1782865620611472,False,True
57938469,0.52220000,10.90000000,105213984,105213984,1782865620677525,False,True
57938470,0.52220000,10.90000000,105213985,105213985,1782865620680827,False,True
57938471,0.52220000,160.70000000,105213986,105213986,1782865620692156,False,True
57938472,0.52220000,31.20000000,105213987,105213987,1782865620692178,False,True
57938473,0.52220000,116.60000000,105213988,105213988,1782865620692504,False,True
57938474,0.52220000,18.00000000,105213989,105213989,1782865620708160,False,True
57938475,0.52220000,96.30000000,105213990,105213990,1782865620744886,False,True
57938476,0.52220000,168.70000000,105213991,105213991,1782865620746064,False,True
57938477,0.52220000,119.40000000,105213992,105213992,1782865620746610,False,True
57938478,0.52220000,72.40000000,105213993,105213993,1782865620746649,False,True
57938479,0.52220000,168.70000000,105213994,105213994,1782865620746973,False,True
57938480,0.52220000,168.70000000,105213995,105213995,1782865620747465,False,True
57938481,0.52220000,168.70000000,105213996,105213996,1782865620748558,False,True
57938482,0.52220000,21.70000000,105213997,105213997,1782865623324972,False,True
57938483,0.52220000,36.30000000,105213998,105213998,1782865624747931,False,True
57938484,0.52220000,420.00000000,105213999,105213999,1782865626485178,False,True
57938485,0.52220000,1780.00000000,105214000,105214000,1782865626485211,False,True
57938486,0.52220000,596.80000000,105214001,105214001,1782865626485453,False,True
57938487,0.52230000,19.10000000,105214002,105214002,1782865627919259,False,True
57938488,0.52230000,410.00000000,105214003,105214003,1782865632478662,False,True
57938489,0.52230000,900.00000000,105214004,105214004,1782865632544583,False,True
57938490,0.52230000,243.10000000,105214005,105214006,1782865632544696,False,True
57938491,0.52240000,9.80000000,105214007,105214007,1782865636165280,False,True
57938492,0.52250000,296.80000000,105214008,105214009,1782865636165280,False,True
57938493,0.52260000,1473.40000000,105214010,105214011,1782865636165280,False,True
57938494,0.52260000,168.60000000,105214012,105214012,1782865660084733,False,True
57938495,0.52260000,11.10000000,105214013,105214013,1782865676855664,False,True
57938496,0.52260000,19.60000000,105214014,105214014,1782865676858933,False,True
57938497,0.52260000,0.50000000,105214015,105214015,1782865680652665,False,True
57938498,0.52270000,9.80000000,105214016,105214016,1782865694598655,False,True
57938499,0.52280000,9.80000000,105214017,105214017,1782865694598655,False,True
57938500,0.52290000,145.20000000,105214018,105214020,1782865694598655,False,True
57938501,0.52300000,38.30000000,105214021,105214023,1782865694599031,False,True
57938502,0.52300000,17.30000000,105214024,105214024,1782865695082285,False,True
57938503,0.52300000,49.50000000,105214025,105214026,1782865695386134,False,True
57938504,0.52300000,49.50000000,105214027,105214027,1782865695386258,False,True
57938505,0.52300000,30.60000000,105214028,105214028,1782865695386458,False,True
57938506,0.52310000,18.90000000,105214029,105214029,1782865695386458,False,True
57938507,0.52310000,49.50000000,105214030,105214030,1782865695386565,False,True
57938508,0.52310000,49.50000000,105214031,105214031,1782865695386820,False,True
57938509,0.52310000,49.40000000,105214032,105214035,1782865695389282,False,True
57938510,0.52310000,93.60000000,105214036,105214036,1782865800881088,False,True
57938511,0.52310000,89.60000000,105214037,105214037,1782865835978287,False,True
57938512,0.52310000,11.20000000,105214038,105214038,1782865836381021,False,True
57938513,0.52310000,161.30000000,105214039,105214039,1782865838188430,False,True
57938514,0.52310000,161.30000000,105214040,105214040,1782865838188447,False,True
57938515,0.52310000,161.30000000,105214041,105214041,1782865838188465,False,True
57938516,0.52310000,152.00000000,105214042,105214042,1782865838188753,False,True
57938517,0.52320000,9.30000000,105214043,105214043,1782865838188753,False,True
57938518,0.52320000,14.90000000,105214044,105214045,1782865838188807,False,True
57938519,0.52330000,146.40000000,105214046,105214048,1782865838188807,False,True
57938520,0.52330000,161.30000000,105214049,105214049,1782865838188933,False,True
57938521,0.52340000,14.10000000,105214050,105214051,1782865844777959,False,True
57938522,0.52350000,9.80000000,105214052,105214052,1782865854085363,False,True
57938523,0.52360000,4.00000000,105214053,105214053,1782865854085363,False,True
57938524,0.52360000,12.90000000,105214054,105214055,1782865856083813,False,True
57938525,0.52360000,17.30000000,105214056,105214057,1782865857085411,False,True
57938526,0.52360000,57.30000000,105214058,105214058,1782865857092571,False,True
57938527,0.52360000,168.20000000,105214059,105214059,1782865857092735,False,True
57938528,0.52360000,57.30000000,105214060,105214060,1782865857092820,False,True
57938529,0.52360000,168.20000000,105214061,105214061,1782865857093272,False,True
57938530,0.52370000,168.20000000,105214062,105214065,1782865857094372,False,True
57938531,0.52370000,168.20000000,105214066,105214066,1782865857094510,False,True
57938532,0.52370000,13.20000000,105214067,105214067,1782865859082997,False,True
57938533,0.52380000,9.80000000,105214068,105214068,1782865860701473,False,True
57938534,0.52390000,9.80000000,105214069,105214069,1782865860701473,False,True
57938535,0.52400000,18.60000000,105214070,105214071,1782865860701473,False,True
57938536,0.52400000,38.20000000,105214072,105214072,1782865860701830,False,True
57938537,0.52400000,25.50000000,105214073,105214073,1782865860716867,False,True
57938538,0.52400000,10.60000000,105214074,105214074,1782865860730851,False,True
57938539,0.52400000,38.20000000,105214075,105214077,1782865860741128,False,True
57938540,0.52400000,65.90000000,105214078,105214078,1782865861382259,False,True
57938541,0.52410000,9.80000000,105214079,105214079,1782865868083323,False,True
57938542,0.52420000,11.70000000,105214080,105214081,1782865868083323,False,True
57938543,0.52430000,9.80000000,105214082,105214082,1782865871075247,False,True
57938544,0.52440000,9.80000000,105214083,105214083,1782865871075247,False,True
57938545,0.52450000,18.60000000,105214084,105214085,1782865871075247,False,True
57938546,0.52450000,38.20000000,105214086,105214086,1782865871081085,False,True
57938547,0.52450000,38.20000000,105214087,105214087,1782865871090564,False,True
57938548,0.52450000,168.00000000,105214088,105214088,1782865871432749,False,True
57938549,0.52450000,168.00000000,105214089,105214089,1782865871433097,False,True
57938550,0.52450000,168.00000000,105214090,105214090,1782865871433441,False,True
57938551,0.52450000,168.00000000,105214091,105214091,1782865871433946,False,True
57938552,0.52450000,168.00000000,105214092,105214092,1782865871434583,False,True
57938553,0.52450000,168.00000000,105214093,105214093,1782865871434872,False,True
57938554,0.52450000,14.40000000,105214094,105214094,1782865872524194,False,True
57938555,0.52450000,14.40000000,105214095,105214095,1782865872524195,False,True
57938556,0.52450000,14.40000000,105214096,105214096,1782865872524393,False,True
57938557,0.52450000,38.20000000,105214097,105214097,1782865872536956,False,True
57938558,0.52450000,38.20000000,105214098,105214098,1782865872540259,False,True
57938559,0.52450000,38.20000000,105214099,105214099,1782865872546600,False,True
57938560,0.52450000,38.20000000,105214100,105214100,1782865872547827,False,True
57938561,0.52450000,38.20000000,105214101,105214101,1782865872548403,False,True
57938562,0.52450000,38.20000000,105214102,105214102,1782865872551166,False,True
57938563,0.52450000,38.20000000,105214103,105214103,1782865872557797,False,True
57938564,0.52450000,38.20000000,105214104,105214104,1782865872558101,False,True
57938565,0.52450000,38.20000000,105214105,105214105,1782865872561112,False,True
57938566,0.52450000,14.20000000,105214106,105214106,1782865872564165,False,True
57938567,0.52460000,9.70000000,105214107,105214107,1782865872564568,False,True
57938568,0.52470000,24.10000000,105214108,105214109,1782865872564568,False,True
57938569,0.52480000,4.40000000,105214110,105214110,1782865872564568,False,True
57938570,0.52480000,38.20000000,105214111,105214111,1782865872566901,False,True
57938571,0.52480000,38.20000000,105214112,105214112,1782865872570122,False,True
57938572,0.52480000,38.20000000,105214113,105214113,1782865872573183,False,True
57938573,0.52480000,38.20000000,105214114,105214114,1782865872574049,False,True
57938574,0.52480000,38.20000000,105214115,105214115,1782865872574890,False,True
57938575,0.52480000,38.20000000,105214116,105214118,1782865872578537,False,True
57938576,0.52480000,25.90000000,105214119,105214119,1782865872586144,False,True
57938577,0.52490000,12.30000000,105214120,105214120,1782865872586144,False,True
57938578,0.52490000,38.20000000,105214121,105214121,1782865872598129,False,True
57938579,0.52480000,96.20000000,105214122,105214122,1782865873083784,True,True
57938580,0.52470000,9.70000000,105214123,105214123,1782865873463412,True,True
57938581,0.52460000,135.70000000,105214124,105214125,1782865873871181,True,True
57938582,0.52450000,49.70000000,105214126,105214127,1782865875079322,True,True
57938583,0.52440000,9.70000000,105214128,105214128,1782865876231757,True,True
57938584,0.52430000,9.70000000,105214129,105214129,1782865877700354,True,True
57938585,0.52420000,9.70000000,105214130,105214130,1782865883060790,True,True
57938586,0.52410000,9.80000000,105214131,105214131,1782865883060790,True,True
57938587,0.52400000,49.80000000,105214132,105214133,1782865883125757,True,True
57938588,0.52400000,363.70000000,105214134,105214135,1782865911261328,True,True
57938589,0.52390000,103.40000000,105214136,105214137,1782865911261328,True,True
57938590,0.52380000,9.80000000,105214138,105214138,1782865916900989,True,True
57938591,0.52370000,9.80000000,105214139,105214139,1782865916900989,True,True
57938592,0.52370000,99.30000000,105214140,105214140,1782865920696973,False,True
57938593,0.52370000,9.50000000,105214141,105214141,1782865929777879,False,True
57938594,0.52360000,9.80000000,105214142,105214142,1782865941671011,True,True
57938595,0.52350000,9.80000000,105214143,105214143,1782865941671011,True,True
57938596,0.52360000,9.80000000,105214144,105214144,1782865950808139,False,True
57938597,0.52370000,9.80000000,105214145,105214145,1782865952185743,False,True
57938598,0.52380000,38.20000000,105214146,105214146,1782865952187379,False,True
57938599,0.52380000,24.20000000,105214147,105214148,1782865952194536,False,True
57938600,0.52390000,14.00000000,105214149,105214149,1782865952194536,False,True
57938601,0.52390000,38.20000000,105214150,105214150,1782865952197548,False,True
57938602,0.52390000,38.20000000,105214151,105214151,1782865952198218,False,True
57938603,0.52390000,38.20000000,105214152,105214154,1782865952207905,False,True
57938604,0.52390000,26.00000000,105214155,105214155,1782865952209179,False,True
57938605,0.52400000,12.20000000,105214156,105214156,1782865952209179,False,True
57938606,0.52400000,38.20000000,105214157,105214157,1782865952209950,False,True
57938607,0.52400000,38.20000000,105214158,105214158,1782865952210745,False,True
57938608,0.52400000,38.20000000,105214159,105214159,1782865952217851,False,True
57938609,0.52400000,38.20000000,105214160,105214160,1782865952226781,False,True
57938610,0.52400000,9.80000000,105214161,105214161,1782865980654554,False,True
57938611,0.52410000,9.80000000,105214162,105214162,1782866019387830,False,True
57938612,0.52420000,24.20000000,105214163,105214164,1782866019387830,False,True
57938613,0.52430000,4.20000000,105214165,105214165,1782866019387830,False,True
57938614,0.52430000,38.20000000,105214166,105214169,1782866019387971,False,True
57938615,0.52430000,38.20000000,105214170,105214170,1782866019388093,False,True
57938616,0.52430000,38.20000000,105214171,105214171,1782866019388183,False,True
57938617,0.52430000,38.20000000,105214172,105214172,1782866019388203,False,True
57938618,0.52430000,38.20000000,105214173,105214173,1782866019388283,False,True
57938619,0.52430000,38.20000000,105214174,105214174,1782866019388774,False,True
57938620,0.52430000,38.20000000,105214175,105214175,1782866019388811,False,True
57938621,0.52430000,38.20000000,105214176,105214176,1782866019388924,False,True
57938622,0.52430000,38.20000000,105214177,105214177,1782866019388974,False,True
57938623,0.52430000,38.20000000,105214178,105214178,1782866019389012,False,True
57938624,0.52430000,38.20000000,105214179,105214179,1782866019389087,False,True
57938625,0.52430000,38.20000000,105214180,105214180,1782866019389287,False,True
57938626,0.52430000,38.20000000,105214181,105214181,1782866019389515,False,True
57938627,0.52430000,38.20000000,105214182,105214182,1782866019389537,False,True
57938628,0.52430000,38.20000000,105214183,105214183,1782866019409642,False,True
57938629,0.52430000,38.20000000,105214184,105214184,1782866019411012,False,True
57938630,0.52430000,38.20000000,105214185,105214185,1782866019412304,False,True
57938631,0.52420000,213.70000000,105214186,105214186,1782866021005400,True,True
57938632,0.52440000,9.80000000,105214187,105214187,1782866029284345,False,True
57938633,0.52450000,28.40000000,105214188,105214190,1782866029284345,False,True
57938634,0.52450000,16.20000000,105214191,105214191,1782866029284896,False,True
57938635,0.52450000,38.20000000,105214192,105214192,1782866029284916,False,True
57938636,0.52460000,9.70000000,105214193,105214193,1782866088641044,False,True
57938637,0.52470000,180.80000000,105214194,105214195,1782866088641044,False,True
57938638,0.52460000,9.70000000,105214196,105214196,1782866114123659,True,True
57938639,0.52450000,118.20000000,105214197,105214198,1782866119645655,True,True
57938640,0.52450000,1357.90000000,105214199,105214201,1782866119694810,True,True
57938641,0.52450000,432.90000000,105214202,105214204,1782866119784726,True,True
57938642,0.52450000,932.90000000,105214205,105214206,1782866119784859,True,True
57938643,0.52450000,374.10000000,105214207,105214207,1782866119934497,True,True
57938644,0.52440000,159.70000000,105214208,105214209,1782866119934497,True,True
57938645,0.52430000,348.40000000,105214210,105214212,1782866119934497,True,True
57938646,0.52430000,180.00000000,105214213,105214216,1782866119934619,True,True
57938647,0.52430000,67.10000000,105214217,105214217,1782866119936682,True,True
57938648,0.52430000,67.10000000,105214218,105214218,1782866120072834,True,True
57938649,0.52440000,370.00000000,105214219,105214219,1782866124045577,True,True
57938650,0.52440000,956.00000000,105214220,105214222,1782866124046853,True,True
57938651,0.52430000,9.70000000,105214223,105214223,1782866127054646,True,True
57938652,0.52420000,9.70000000,105214224,105214224,1782866129073292,True,True
57938653,0.52410000,9.80000000,105214225,105214225,1782866133487439,True,True
57938654,0.52400000,9.80000000,105214226,105214226,1782866138681664,True,True
57938655,0.52390000,144.20000000,105214227,105214228,1782866157498131,True,True
57938656,0.52380000,22.00000000,105214229,105214230,1782866174921805,True,True
57938657,0.52400000,20.00000000,105214231,105214232,1782866183893747,False,True
57938658,0.52390000,126.50000000,105214233,105214233,1782866220650232,False,True
57938659,0.52400000,9.80000000,105214234,105214234,1782866236316744,False,True
57938660,0.52410000,9.80000000,105214235,105214235,1782866236340168,False,True
57938661,0.52420000,28.40000000,105214236,105214236,1782866236340168,False,True
57938662,0.52420000,9.80000000,105214237,105214237,1782866284535471,False,True
57938663,0.52430000,9.80000000,105214238,105214238,1782866284535471,False,True
57938664,0.52440000,9.80000000,105214239,105214239,1782866284536806,False,True
57938665,0.52450000,28.40000000,105214240,105214240,1782866284536806,False,True
57938666,0.52450000,9.80000000,105214241,105214241,1782866293445282,False,True
57938667,0.52460000,9.70000000,105214242,105214242,1782866293445282,False,True
57938668,0.52470000,18.70000000,105214243,105214243,1782866293445282,False,True
57938669,0.52450000,9.70000000,105214244,105214244,1782866316536869,True,True
57938670,0.52440000,9.70000000,105214245,105214245,1782866325939258,True,True
57938671,0.52430000,9.70000000,105214246,105214246,1782866325939258,True,True
57938672,0.52420000,49.70000000,105214247,105214248,1782866326971094,True,True
57938673,0.52410000,31.00000000,105214249,105214250,1782866327098171,True,True
57938674,0.52400000,9.80000000,105214251,105214251,1782866344019604,True,True
57938675,0.52390000,5.30000000,105214252,105214252,1782866344019604,True,True
57938676,0.52400000,9.80000000,105214253,105214253,1782866407223377,True,True
57938677,0.52390000,18.90000000,105214254,105214255,1782866407223377,True,True
57938678,0.52400000,9.80000000,105214256,105214256,1782866441769018,False,True
57938679,0.52410000,9.80000000,105214257,105214257,1782866441801121,False,True
57938680,0.52420000,28.40000000,105214258,105214258,1782866441801121,False,True
57938681,0.52410000,19.10000000,105214259,105214259,1782866442324978,True,True
57938682,0.52400000,9.80000000,105214260,105214260,1782866466750398,True,True
57938683,0.52390000,24.20000000,105214261,105214262,1782866466750398,True,True
57938684,0.52400000,80.60000000,105214263,105214263,1782866520646664,False,True
57938685,0.52390000,362.20000000,105214264,105214264,1782866556931756,True,True
57938686,0.52390000,325.10000000,105214265,105214265,1782866556933056,True,True
57938687,0.52390000,18.60000000,105214266,105214266,1782866556956081,True,True
57938688,0.52390000,460.20000000,105214267,105214267,1782866556973186,True,True
57938689,0.52400000,38.20000000,105214268,105214269,1782866575581411,False,True
57938690,0.52410000,38.20000000,105214270,105214272,1782866575605194,False,True
57938691,0.52420000,103.50000000,105214273,105214275,1782866580596199,False,True
57938692,0.52430000,9.80000000,105214276,105214276,1782866686272963,False,True
57938693,0.52440000,9.80000000,105214277,105214277,1782866686272963,False,True
57938694,0.52450000,18.60000000,105214278,105214279,1782866686272963,False,True
57938695,0.52450000,5.60000000,105214280,105214280,1782866686273047,False,True
57938696,0.52460000,32.60000000,105214281,105214281,1782866686273047,False,True
57938697,0.52460000,38.20000000,105214282,105214282,1782866686273199,False,True
57938698,0.52460000,38.20000000,105214283,105214283,1782866686273316,False,True
57938699,0.52460000,38.20000000,105214284,105214284,1782866686273332,False,True
57938700,0.52460000,38.20000000,105214285,105214285,1782866686273339,False,True
57938701,0.52460000,38.20000000,105214286,105214287,1782866686273366,False,True
57938702,0.52460000,38.20000000,105214288,105214288,1782866686273596,False,True
57938703,0.52460000,38.20000000,105214289,105214289,1782866686273639,False,True
57938704,0.52460000,38.20000000,105214290,105214290,1782866686273679,False,True
57938705,0.52460000,38.20000000,105214291,105214291,1782866686273854,False,True
57938706,0.52460000,38.20000000,105214292,105214292,1782866686273888,False,True
57938707,0.52460000,38.20000000,105214293,105214293,1782866686273914,False,True
57938708,0.52460000,38.20000000,105214294,105214295,1782866686274602,False,True
57938709,0.52460000,38.20000000,105214296,105214296,1782866686274877,False,True
57938710,0.52460000,38.20000000,105214297,105214297,1782866686293645,False,True
57938711,0.52460000,38.20000000,105214298,105214298,1782866686300162,False,True
57938712,0.52460000,38.20000000,105214299,105214299,1782866686302913,False,True
57938713,0.52460000,38.20000000,105214300,105214300,1782866686353194,False,True
57938714,0.52450000,14.40000000,105214301,105214301,1782866741487504,False,True
57938715,0.52460000,9.70000000,105214302,105214302,1782866749243203,False,True
57938716,0.52460000,213.60000000,105214303,105214303,1782866749311466,False,True
57938717,0.52470000,38.30000000,105214304,105214305,1782866761936848,False,True
57938718,0.52480000,9.70000000,105214306,105214306,1782866765201703,False,True
57938719,0.52490000,9.70000000,105214307,105214307,1782866765239074,False,True
57938720,0.52500000,28.40000000,105214308,105214309,1782866765239074,False,True
57938721,0.52490000,19.10000000,105214310,105214310,1782866765526827,True,True
57938722,0.52500000,9.70000000,105214311,105214311,1782866769503914,False,True
57938723,0.52510000,9.70000000,105214312,105214312,1782866769550101,False,True
57938724,0.52520000,28.40000000,105214313,105214313,1782866769550101,False,True
57938725,0.52500000,9.70000000,105214314,105214314,1782866784525901,True,True
57938726,0.52490000,9.70000000,105214315,105214315,1782866786499170,True,True
57938727,0.52480000,38.30000000,105214316,105214318,1782866786499170,True,True
57938728,0.52490000,9.70000000,105214319,105214319,1782866825092485,False,True
57938729,0.52500000,24.00000000,105214320,105214321,1782866828653938,False,True
57938730,0.52490000,9.70000000,105214322,105214322,1782866835647906,True,True
57938731,0.52480000,9.70000000,105214323,105214323,1782866888649719,True,True
57938732,0.52470000,9.70000000,105214324,105214324,1782866888649719,True,True
57938733,0.52480000,9.70000000,105214325,105214325,1782866944666742,False,True
57938734,0.52480000,21.30000000,105214326,105214326,1782866958838707,True,True
57938735,0.52470000,9.70000000,105214327,105214327,1782866975382657,True,True
57938736,0.52480000,9.70000000,105214328,105214328,1782867024955003,False,True
57938737,0.52490000,9.70000000,105214329,105214329,1782867076542001,False,True
57938738,0.52500000,9.70000000,105214330,105214330,1782867076542001,False,True
57938739,0.52510000,9.70000000,105214331,105214331,1782867093276802,False,True
57938740,0.52520000,9.70000000,105214332,105214332,1782867105335931,False,True
57938741,0.52530000,9.70000000,105214333,105214333,1782867105335931,False,True
57938742,0.52540000,9.70000000,105214334,105214334,1782867111144361,False,True
57938743,0.52550000,9.70000000,105214335,105214335,1782867111144361,False,True
57938744,0.52550000,50.10000000,105214336,105214336,1782867111647987,True,True
57938745,0.52560000,9.70000000,105214337,105214337,1782867124260424,False,True
57938746,0.52570000,28.40000000,105214338,105214339,1782867124260424,False,True
57938747,0.52570000,38.10000000,105214340,105214340,1782867143074179,False,True
57938748,0.52570000,9.60000000,105214341,105214341,1782867162169029,False,True
57938749,0.52580000,9.70000000,105214342,105214342,1782867162169029,False,True
57938750,0.52590000,18.80000000,105214343,105214344,1782867162169029,False,True
57938751,0.52590000,33.50000000,105214345,105214345,1782867163865037,False,True
57938752,0.52590000,61.60000000,105214346,105214346,1782867163866445,False,True
57938753,0.52590000,179.90000000,105214347,105214347,1782867164128985,False,True
57938754,0.52600000,63.80000000,105214348,105214349,1782867164811738,False,True
57938755,0.52610000,38.00000000,105214350,105214351,1782867178193832,False,True
57938756,0.52610000,6.70000000,105214352,105214352,1782867178195139,False,True
57938757,0.52600000,9.70000000,105214353,105214353,1782867207784853,True,True
57938758,0.52590000,77.70000000,105214354,105214355,1782867252062316,True,True
57938759,0.52580000,24.00000000,105214356,105214357,1782867252132420,True,True
57938760,0.52570000,214.00000000,105214358,105214361,1782867252136865,True,True
57938761,0.52560000,9.70000000,105214362,105214362,1782867253039244,True,True
57938762,0.52550000,223.40000000,105214363,105214364,1782867279498343,True,True
57938763,0.52540000,1422.80000000,105214365,105214368,1782867279498343,True,True
57938764,0.52530000,1926.70000000,105214369,105214371,1782867279498343,True,True
57938765,0.52520000,477.70000000,105214372,105214376,1782867279498343,True,True
57938766,0.52510000,1305.10000000,105214377,105214382,1782867279498343,True,True
57938767,0.52540000,9.70000000,105214383,105214383,1782867309172999,False,True
57938768,0.52550000,28.40000000,105214384,105214386,1782867309172999,False,True
57938769,0.52550000,38.10000000,105214387,105214387,1782867309173008,False,True
57938770,0.52550000,38.10000000,105214388,105214388,1782867309173128,False,True
57938771,0.52550000,21.40000000,105214389,105214389,1782867309173163,False,True
57938772,0.52560000,16.70000000,105214390,105214390,1782867309173163,False,True
57938773,0.52560000,38.10000000,105214391,105214391,1782867309173318,False,True
57938774,0.52560000,24.40000000,105214392,105214392,1782867309173564,False,True
57938775,0.52550000,33.20000000,105214393,105214393,1782867310859109,False,True
57938776,0.52560000,9.70000000,105214394,105214394,1782867326349362,False,True
57938777,0.52570000,9.70000000,105214395,105214395,1782867330973580,False,True
57938778,0.52580000,28.40000000,105214396,105214398,1782867330973580,False,True
57938779,0.52580000,9.90000000,105214399,105214399,1782867330973835,False,True
57938780,0.52590000,28.20000000,105214400,105214402,1782867330973835,False,True
57938781,0.52590000,38.10000000,105214403,105214403,1782867330973921,False,True
57938782,0.52590000,38.10000000,105214404,105214404,1782867330974261,False,True
57938783,0.52590000,38.10000000,105214405,105214405,1782867330974316,False,True
57938784,0.52590000,38.10000000,105214406,105214406,1782867330974370,False,True
57938785,0.52590000,38.10000000,105214407,105214407,1782867330974396,False,True
57938786,0.52590000,38.10000000,105214408,105214408,1782867330974430,False,True
57938787,0.52590000,38.10000000,105214409,105214409,1782867330974465,False,True
57938788,0.52590000,38.10000000,105214410,105214410,1782867330974546,False,True
57938789,0.52590000,38.10000000,105214411,105214411,1782867330974571,False,True
57938790,0.52590000,14.40000000,105214412,105214412,1782867330974678,False,True
57938791,0.52600000,23.70000000,105214413,105214413,1782867330974678,False,True
57938792,0.52600000,38.10000000,105214414,105214414,1782867330974688,False,True
57938793,0.52600000,38.10000000,105214415,105214415,1782867330974882,False,True
57938794,0.52600000,38.10000000,105214416,105214416,1782867330975195,False,True
57938795,0.52600000,38.10000000,105214417,105214417,1782867330992115,False,True
57938796,0.52600000,38.10000000,105214418,105214419,1782867330995997,False,True
57938797,0.52600000,38.10000000,105214420,105214422,1782867330996632,False,True
57938798,0.52600000,38.10000000,105214423,105214423,1782867330998406,False,True
57938799,0.52590000,192.50000000,105214424,105214424,1782867339870982,True,True
57938800,0.52600000,150.00000000,105214425,105214425,1782867374785013,False,True
57938801,0.52600000,42.30000000,105214426,105214426,1782867391696852,True,True
57938802,0.52590000,9.70000000,105214427,105214427,1782867394350372,True,True
57938803,0.52590000,57.00000000,105214428,105214428,1782867469976890,False,True
57938804,0.52590000,224.20000000,105214429,105214429,1782867481310182,False,True
57938805,0.52600000,9.70000000,105214430,105214430,1782867481312354,False,True
57938806,0.52610000,28.40000000,105214431,105214433,1782867481312354,False,True
57938807,0.52610000,36.70000000,105214434,105214435,1782867481312380,False,True
57938808,0.52620000,1.40000000,105214436,105214436,1782867481312380,False,True
57938809,0.52620000,38.10000000,105214437,105214439,1782867481312397,False,True
57938810,0.52620000,38.10000000,105214440,105214440,1782867481312459,False,True
57938811,0.52620000,38.10000000,105214441,105214441,1782867481312576,False,True
57938812,0.52620000,38.10000000,105214442,105214442,1782867481312627,False,True
57938813,0.52620000,38.10000000,105214443,105214443,1782867481312648,False,True
57938814,0.52620000,38.10000000,105214444,105214444,1782867481312713,False,True
57938815,0.52620000,38.10000000,105214445,105214446,1782867481312723,False,True
57938816,0.52620000,38.10000000,105214447,105214448,1782867481312785,False,True
57938817,0.52620000,38.10000000,105214449,105214449,1782867481312865,False,True
57938818,0.52620000,38.10000000,105214450,105214450,1782867481312905,False,True
57938819,0.52620000,38.10000000,105214451,105214451,1782867481312956,False,True
57938820,0.52620000,38.10000000,105214452,105214452,1782867481312976,False,True
57938821,0.52620000,38.10000000,105214453,105214453,1782867481313207,False,True
57938822,0.52620000,38.10000000,105214454,105214454,1782867481313865,False,True
57938823,0.52620000,38.10000000,105214455,105214455,1782867481331341,False,True
57938824,0.52620000,38.10000000,105214456,105214456,1782867481334174,False,True
57938825,0.52620000,38.10000000,105214457,105214457,1782867481335448,False,True
57938826,0.52620000,38.10000000,105214458,105214458,1782867481337075,False,True
57938827,0.52610000,9.70000000,105214459,105214459,1782867492885724,True,True
57938828,0.52600000,9.70000000,105214460,105214460,1782867517011751,True,True
57938829,0.52590000,9.70000000,105214461,105214461,1782867517011751,True,True
57938830,0.52580000,9.70000000,105214462,105214462,1782867540659246,True,True
57938831,0.52570000,9.70000000,105214463,105214463,1782867555510054,True,True
57938832,0.52560000,9.70000000,105214464,105214464,1782867555510054,True,True
57938833,0.52570000,9.70000000,105214465,105214465,1782867603927784,False,True
57938834,0.52580000,9.70000000,105214466,105214466,1782867603927784,False,True
57938835,0.52590000,18.70000000,105214467,105214468,1782867603927784,False,True
57938836,0.52590000,5.30000000,105214469,105214469,1782867631949338,False,True
57938837,0.52600000,24.00000000,105214470,105214471,1782867631949338,False,True
57938838,0.52610000,355.10000000,105214472,105214476,1782867631949338,False,True
57938839,0.52620000,1817.80000000,105214477,105214478,1782867631949338,False,True
57938840,0.52620000,277.70000000,105214479,105214482,1782867639378898,False,True
57938841,0.52630000,1593.80000000,105214483,105214486,1782867639378898,False,True
57938842,0.52610000,9.70000000,105214487,105214487,1782867656201274,True,True
57938843,0.52600000,9.70000000,105214488,105214488,1782867656201274,True,True
57938844,0.52590000,105.90000000,105214489,105214490,1782867678290669,True,True
57938845,0.52580000,9.70000000,105214491,105214491,1782867692412690,True,True
57938846,0.52570000,9.70000000,105214492,105214492,1782867692412690,True,True
57938847,0.52580000,9.70000000,105214493,105214493,1782867720437174,False,True
57938848,0.52580000,19.00000000,105214494,105214494,1782867721242899,True,True
57938849,0.52590000,24.00000000,105214495,105214496,1782867727441520,False,True
57938850,0.52580000,9.70000000,105214497,105214497,1782867735190710,True,True
57938851,0.52570000,9.70000000,105214498,105214498,1782867735190710,True,True
57938852,0.52560000,9.70000000,105214499,105214499,1782867735923028,True,True
57938853,0.52550000,9.70000000,105214500,105214500,1782867745015690,True,True
57938854,0.52540000,9.70000000,105214501,105214501,1782867745015690,True,True
57938855,0.52530000,47.70000000,105214502,105214503,1782867745155898,True,True
57938856,0.52520000,9.70000000,105214504,105214504,1782867751611080,True,True
57938857,0.52510000,9.70000000,105214505,105214505,1782867751611080,True,True
57938858,0.52510000,159.70000000,105214506,105214507,1782867765327876,True,True
57938859,0.52500000,128.30000000,105214508,105214509,1782867765327876,True,True
57938860,0.52500000,9.70000000,105214510,105214510,1782867843122353,True,True
57938861,0.52490000,24.00000000,105214511,105214512,1782867843122353,True,True
57938862,0.52480000,9.70000000,105214513,105214513,1782867852376009,True,True
57938863,0.52470000,9.70000000,105214514,105214514,1782867852376009,True,True
57938864,0.52460000,9.70000000,105214515,105214515,1782867855734310,True,True
57938865,0.52450000,38.30000000,105214516,105214518,1782867855734310,True,True
57938866,0.52440000,47.80000000,105214519,105214520,1782867856041857,True,True
57938867,0.52430000,9.70000000,105214521,105214521,1782867895814712,True,True
57938868,0.52420000,9.70000000,105214522,105214522,1782867895814712,True,True
57938869,0.52410000,9.80000000,105214523,105214523,1782867906509652,True,True
57938870,0.52400000,9.80000000,105214524,105214524,1782867906509652,True,True
57938871,0.52390000,9.80000000,105214525,105214525,1782867911033644,True,True
57938872,0.52380000,9.80000000,105214526,105214526,1782867911033644,True,True
57938873,0.52370000,9.80000000,105214527,105214527,1782867915917818,True,True
57938874,0.52360000,9.80000000,105214528,105214528,1782867915917818,True,True
57938875,0.52350000,9.80000000,105214529,105214529,1782867917118986,True,True
57938876,0.52340000,9.80000000,105214530,105214530,1782867917118986,True,True
57938877,0.52330000,9.80000000,105214531,105214531,1782867936452135,True,True
57938878,0.52320000,9.80000000,105214532,105214532,1782867936452135,True,True
57938879,0.52330000,9.80000000,105214533,105214533,1782867954985143,False,True
57938880,0.52340000,9.80000000,105214534,105214534,1782867959842545,False,True
57938881,0.52350000,9.80000000,105214535,105214535,1782867959842545,False,True
57938882,0.52360000,9.80000000,105214536,105214536,1782867960138669,False,True
57938883,0.52370000,170.80000000,105214537,105214539,1782867961707821,False,True
57938884,0.52350000,9.80000000,105214540,105214540,1782867989996479,True,True
57938885,0.52340000,9.80000000,105214541,105214541,1782867997553820,True,True
57938886,0.52330000,9.80000000,105214542,105214542,1782867997553820,True,True
57938887,0.52320000,9.80000000,105214543,105214543,1782868023681066,True,True
57938888,0.52310000,9.80000000,105214544,105214544,1782868023681066,True,True
57938889,0.52300000,44.80000000,105214545,105214546,1782868023747350,True,True
57938890,0.52290000,9.80000000,105214547,105214547,1782868029541758,True,True
57938891,0.52280000,24.20000000,105214548,105214549,1782868029541758,True,True
57938892,0.52270000,1250.10000000,105214550,105214555,1782868029541758,True,True
57938893,0.52260000,2666.00000000,105214556,105214560,1782868029541758,True,True
57938894,0.52250000,3827.90000000,105214561,105214566,1782868029541758,True,True
57938895,0.52240000,1762.90000000,105214567,105214568,1782868029541758,True,True
57938896,0.52260000,495.80000000,105214569,105214571,1782868033190245,True,True
57938897,0.52250000,3274.10000000,105214572,105214578,1782868033190245,True,True
57938898,0.52240000,2363.60000000,105214579,105214586,1782868033190245,True,True
57938899,0.52270000,393.40000000,105214587,105214589,1782868036008455,True,True
57938900,0.52260000,3345.20000000,105214590,105214595,1782868036008455,True,True
57938901,0.52250000,1646.10000000,105214596,105214607,1782868036008455,True,True
57938902,0.52240000,748.80000000,105214608,105214612,1782868036008455,True,True
57938903,0.52250000,3244.90000000,105214613,105214620,1782868039006227,True,True
57938904,0.52240000,3745.00000000,105214621,105214622,1782868039006227,True,True
57938905,0.52230000,527.90000000,105214623,105214626,1782868039006227,True,True
57938906,0.52220000,4749.20000000,105214627,105214632,1782868039006227,True,True
57938907,0.52260000,213.70000000,105214633,105214633,1782868043786239,False,True
57938908,0.52270000,0.60000000,105214634,105214634,1782868043786239,False,True
57938909,0.52270000,9.20000000,105214635,105214635,1782868048142465,False,True
57938910,0.52280000,103.50000000,105214636,105214636,1782868048142465,False,True
57938911,0.52280000,9.80000000,105214637,105214637,1782868058230902,False,True
57938912,0.52270000,263.80000000,105214638,105214640,1782868067203533,True,True
57938913,0.52280000,24.20000000,105214641,105214642,1782868088617874,False,True
57938914,0.52290000,102.00000000,105214643,105214644,1782868088617874,False,True
57938915,0.52270000,9.80000000,105214645,105214645,1782868094325807,True,True
57938916,0.52260000,24.20000000,105214646,105214647,1782868094325807,True,True
57938917,0.52250000,9.80000000,105214648,105214648,1782868108679046,True,True
57938918,0.52250000,109.20000000,105214649,105214650,1782868108682955,True,True
57938919,0.52240000,9.80000000,105214651,105214651,1782868108824431,True,True
57938920,0.52240000,105.00000000,105214652,105214652,1782868109635087,False,True
57938921,0.52240000,59.40000000,105214653,105214653,1782868109636187,False,True
57938922,0.52230000,346.80000000,105214654,105214656,1782868114713188,True,True
57938923,0.52230000,337.00000000,105214657,105214658,1782868114713665,True,True
57938924,0.52230000,36.40000000,105214659,105214659,1782868115547635,False,True
57938925,0.52220000,385.30000000,105214660,105214663,1782868115553276,True,True
57938926,0.52220000,196.10000000,105214664,105214665,1782868115555118,True,True
57938927,0.52220000,223.70000000,105214666,105214667,1782868115558057,True,True
57938928,0.52240000,174.20000000,105214668,105214670,1782868120415798,False,True
57938929,0.52250000,36.40000000,105214671,105214671,1782868120415798,False,True
57938930,0.52220000,852.80000000,105214672,105214677,1782868131401823,True,True
57938931,0.52210000,892.70000000,105214678,105214684,1782868132513249,True,True
57938932,0.52210000,36.40000000,105214685,105214685,1782868132789988,False,True
57938933,0.52210000,36.40000000,105214686,105214686,1782868133608728,False,True
57938934,0.52220000,111.70000000,105214687,105214687,1782868134698716,False,True
57938935,0.52220000,9.80000000,105214688,105214688,1782868143520183,False,True
57938936,0.52230000,24.20000000,105214689,105214690,1782868191553551,False,True
57938937,0.52240000,144.40000000,105214691,105214693,1782868191553551,False,True
57938938,0.52240000,168.70000000,105214694,105214695,1782868191553712,False,True
57938939,0.52240000,24.80000000,105214696,105214696,1782868191553718,False,True
57938940,0.52250000,143.80000000,105214697,105214701,1782868191553718,False,True
57938941,0.52250000,168.60000000,105214702,105214703,1782868191553942,False,True
57938942,0.52250000,168.60000000,105214704,105214704,1782868191554098,False,True
57938943,0.52250000,168.60000000,105214705,105214705,1782868191554229,False,True
57938944,0.52230000,9.80000000,105214706,105214706,1782868215181915,True,True
57938945,0.52220000,9.80000000,105214707,105214707,1782868215725071,True,True
57938946,0.52210000,113.80000000,105214708,105214708,1782868215807207,True,True
57938947,0.52210000,9.80000000,105214709,105214709,1782868215812309,True,True
57938948,0.52200000,719.90000000,105214710,105214716,1782868215829113,True,True
57938949,0.52190000,9.70000000,105214717,105214717,1782868217146253,True,True
57938950,0.52180000,9.70000000,105214718,105214718,1782868217220583,True,True
57938951,0.52170000,9.70000000,105214719,105214719,1782868217220583,True,True
57938952,0.52160000,76.40000000,105214720,105214721,1782868217252639,True,True
57938953,0.52160000,867.90000000,105214722,105214724,1782868219121110,False,True
57938954,0.52150000,9.70000000,105214725,105214725,1782868224395476,True,True
57938955,0.52140000,9.70000000,105214726,105214726,1782868224396747,True,True
57938956,0.52140000,18.00000000,105214727,105214727,1782868224422119,False,True
57938957,0.52130000,9.70000000,105214728,105214728,1782868227891906,True,True
57938958,0.52120000,9.70000000,105214729,105214729,1782868235225501,True,True
57938959,0.52110000,64.10000000,105214730,105214732,1782868235225501,True,True
57938960,0.52100000,280.00000000,105214733,105214734,1782868235250783,True,True
57938961,0.52100000,333.80000000,105214735,105214735,1782868235257976,True,True
57938962,0.52100000,55.70000000,105214736,105214736,1782868235746183,False,True
57938963,0.52100000,94.10000000,105214737,105214737,1782868235850949,False,True
57938964,0.52100000,36.50000000,105214738,105214738,1782868236640061,False,True
57938965,0.52090000,207.50000000,105214739,105214741,1782868238354169,True,True
57938966,0.52080000,141.00000000,105214742,105214743,1782868238865522,True,True
57938967,0.52070000,341.10000000,105214744,105214748,1782868238892977,True,True
57938968,0.52070000,300.90000000,105214749,105214750,1782868238903085,True,True
57938969,0.52070000,150.00000000,105214751,105214751,1782868238927325,True,True
57938970,0.52060000,373.40000000,105214752,105214754,1782868238927325,True,True
57938971,0.52050000,474.30000000,105214755,105214759,1782868238927366,True,True
57938972,0.52050000,346.70000000,105214760,105214760,1782868238927594,True,True
57938973,0.52040000,548.10000000,105214761,105214764,1782868239086293,True,True
57938974,0.52030000,9.70000000,105214765,105214765,1782868239177224,True,True
57938975,0.52040000,99.70000000,105214766,105214766,1782868239228246,False,True
57938976,0.52040000,99.70000000,105214767,105214767,1782868239228667,False,True
57938977,0.52030000,213.70000000,105214768,105214768,1782868239984794,True,True
57938978,0.52030000,213.70000000,105214769,105214769,1782868239987655,True,True
57938979,0.52040000,62.20000000,105214770,105214771,1782868240030310,False,True
57938980,0.52040000,62.10000000,105214772,105214772,1782868240036549,False,True
57938981,0.52030000,213.70000000,105214773,105214773,1782868240070557,True,True
57938982,0.52030000,92.30000000,105214774,105214774,1782868240103071,False,True
57938983,0.52040000,24.30000000,105214775,105214776,1782868241236126,False,True
57938984,0.52050000,31.40000000,105214777,105214777,1782868241236126,False,True
57938985,0.52030000,75.00000000,105214778,105214778,1782868242360695,False,True
57938986,0.52030000,23.00000000,105214779,105214779,1782868245856827,False,True
57938987,0.52020000,9.70000000,105214780,105214780,1782868247545757,True,True
57938988,0.52010000,9.70000000,105214781,105214781,1782868247545757,True,True
57938989,0.52010000,169.30000000,105214782,105214782,1782868249369597,False,True
57938990,0.52010000,169.40000000,105214783,105214783,1782868249371533,False,True
57938991,0.52010000,169.40000000,105214784,105214784,1782868249372687,False,True
57938992,0.52010000,169.40000000,105214785,105214785,1782868249943354,False,True
57938993,0.52010000,169.40000000,105214786,105214786,1782868249943680,False,True
57938994,0.52010000,169.40000000,105214787,105214787,1782868249944051,False,True
57938995,0.52010000,790.00000000,105214788,105214788,1782868249944180,False,True
57938996,0.52010000,650.00000000,105214789,105214790,1782868249944812,False,True
57938997,0.52010000,76.70000000,105214791,105214791,1782868249946794,False,True
57938998,0.52010000,18.20000000,105214792,105214792,1782868249946813,False,True
57938999,0.52000000,600.70000000,105214793,105214800,1782868250622024,True,True
57939000,0.52000000,135.00000000,105214801,105214801,1782868250622024,True,True
57939001,0.51990000,211.70000000,105214802,105214803,1782868250637294,True,True
57939002,0.51990000,166.40000000,105214804,105214804,1782868251779468,True,True
57939003,0.51980000,40.00000000,105214805,105214805,1782868251948188,True,True
57939004,0.51980000,26.90000000,105214806,105214806,1782868253418036,False,True
57939005,0.51980000,69.00000000,105214807,105214807,1782868254277480,False,True
57939006,0.51990000,65.20000000,105214808,105214808,1782868255210442,False,True
57939007,0.51970000,40.00000000,105214809,105214810,1782868257124144,True,True
57939008,0.51960000,9.70000000,105214811,105214811,1782868258223073,True,True
57939009,0.51950000,49.70000000,105214812,105214813,1782868258228291,True,True
57939010,0.51940000,9.70000000,105214814,105214814,1782868260766713,True,True
57939011,0.51930000,24.20000000,105214815,105214816,1782868260766713,True,True
57939012,0.51920000,420.70000000,105214817,105214820,1782868260766713,True,True
57939013,0.51950000,42.20000000,105214821,105214821,1782868263240992,False,True
57939014,0.51940000,94.90000000,105214822,105214822,1782868264828963,True,True
57939015,0.51960000,9.80000000,105214823,105214823,1782868267699683,False,True
57939016,0.51970000,1.70000000,105214824,105214824,1782868267699683,False,True
57939017,0.51970000,8.10000000,105214825,105214825,1782868268748324,False,True
57939018,0.51980000,9.80000000,105214826,105214826,1782868269918598,False,True
57939019,0.51990000,1.20000000,105214827,105214827,1782868269918598,False,True
57939020,0.51990000,28.00000000,105214828,105214829,1782868269920355,False,True
57939021,0.51990000,80.00000000,105214830,105214830,1782868269921238,False,True
57939022,0.51990000,31.80000000,105214831,105214831,1782868269924630,False,True
57939023,0.51990000,31.80000000,105214832,105214832,1782868269931309,False,True
57939024,0.51980000,36.10000000,105214833,105214834,1782868273596136,True,True
57939025,0.51990000,9.80000000,105214835,105214835,1782868285404164,False,True
57939026,0.52000000,153.30000000,105214836,105214836,1782868285404164,False,True
57939027,0.52000000,56.40000000,105214837,105214837,1782868285404456,False,True
57939028,0.52000000,154.70000000,105214838,105214839,1782868285422309,False,True
57939029,0.52000000,9.20000000,105214840,105214840,1782868285425594,False,True
57939030,0.52010000,102.90000000,105214841,105214842,1782868285425594,False,True
57939031,0.52020000,9.80000000,105214843,105214843,1782868293115352,False,True
57939032,0.52030000,238.00000000,105214844,105214846,1782868293115352,False,True
57939033,0.52040000,369.10000000,105214847,105214850,1782868293115352,False,True
57939034,0.52020000,9.80000000,105214851,105214851,1782868293486189,True,True
57939035,0.52010000,9.80000000,105214852,105214852,1782868293491099,True,True
57939036,0.52000000,9.80000000,105214853,105214853,1782868293544212,True,True
57939037,0.52010000,363.70000000,105214854,105214855,1782868299590512,True,True
57939038,0.52000000,166.30000000,105214856,105214858,1782868299590512,True,True
57939039,0.52000000,9.80000000,105214859,105214859,1782868303294965,True,True
57939040,0.51990000,64.30000000,105214860,105214862,1782868303294965,True,True
57939041,0.51980000,9.80000000,105214863,105214863,1782868304596469,True,True
57939042,0.51970000,38.80000000,105214864,105214866,1782868304596469,True,True
57939043,0.51960000,49.80000000,105214867,105214868,1782868304931198,True,True
57939044,0.51960000,70.00000000,105214869,105214869,1782868314306916,False,True
57939045,0.51970000,159.80000000,105214870,105214871,1782868319543768,False,True
57939046,0.51980000,9.80000000,105214872,105214872,1782868319850121,False,True
57939047,0.51990000,9.80000000,105214873,105214873,1782868320302549,False,True
57939048,0.52000000,39.60000000,105214874,105214875,1782868320302549,False,True
57939049,0.52000000,154.20000000,105214876,105214877,1782868321176920,False,True
57939050,0.52010000,9.80000000,105214878,105214878,1782868321176920,False,True
57939051,0.52020000,9.80000000,105214879,105214879,1782868323712736,False,True
57939052,0.52030000,9.80000000,105214880,105214880,1782868323712736,False,True
57939053,0.52030000,223.50000000,105214881,105214882,1782868331213624,False,True
57939054,0.52010000,82.80000000,105214883,105214885,1782868341928052,True,True
57939055,0.52010000,159.40000000,105214886,105214886,1782868341928321,True,True
57939056,0.52000000,9.80000000,105214887,105214887,1782868343504638,True,True
57939057,0.51990000,78.30000000,105214888,105214889,1782868344653621,True,True
57939058,0.51980000,289.20000000,105214890,105214892,1782868345850787,True,True
57939059,0.51970000,9.80000000,105214893,105214893,1782868355434398,True,True
57939060,0.51960000,9.80000000,105214894,105214894,1782868355434398,True,True
57939061,0.51950000,9.80000000,105214895,105214895,1782868364579204,True,True
57939062,0.51940000,9.80000000,105214896,105214896,1782868364579204,True,True
57939063,0.51930000,49.80000000,105214897,105214898,1782868364625120,True,True
57939064,0.51920000,9.80000000,105214899,105214899,1782868364878178,True,True
57939065,0.51910000,9.70000000,105214900,105214900,1782868364878178,True,True
57939066,0.51900000,50.00000000,105214901,105214903,1782868364887609,True,True
57939067,0.51900000,191.10000000,105214904,105214905,1782868364889039,True,True
57939068,0.51890000,9.70000000,105214906,105214906,1782868364889039,True,True
57939069,0.51880000,260.00000000,105214907,105214909,1782868364914439,True,True
57939070,0.51880000,258.80000000,105214910,105214911,1782868364920959,True,True
57939071,0.51870000,209.70000000,105214912,105214913,1782868365002407,True,True
57939072,0.51860000,9.70000000,105214914,105214914,1782868365029701,True,True
57939073,0.51850000,9.70000000,105214915,105214915,1782868365029701,True,True
57939074,0.51840000,717.40000000,105214916,105214919,1782868365029701,True,True
57939075,0.51830000,24.20000000,105214920,105214921,1782868365049438,True,True
57939076,0.51820000,38.50000000,105214922,105214924,1782868365119031,True,True
57939077,0.51810000,9.70000000,105214925,105214925,1782868365239555,True,True
57939078,0.51800000,40.30000000,105214926,105214926,1782868365239555,True,True
57939079,0.51810000,169.90000000,105214927,105214927,1782868365276214,True,True
57939080,0.51800000,49.90000000,105214928,105214928,1782868365276214,True,True
57939081,0.51800000,105.40000000,105214929,105214930,1782868365392079,True,True
57939082,0.51790000,36.20000000,105214931,105214932,1782868365489533,True,True
57939083,0.51780000,267.10000000,105214933,105214934,1782868365489533,True,True
57939084,0.51770000,519.70000000,105214935,105214938,1782868365548397,True,True
57939085,0.51760000,29.00000000,105214939,105214940,1782868365548397,True,True
57939086,0.51750000,39.70000000,105214941,105214942,1782868365567614,True,True
57939087,0.51740000,477.80000000,105214943,105214944,1782868365567614,True,True
57939088,0.51730000,180.00000000,105214945,105214947,1782868365663175,True,True
57939089,0.51730000,170.10000000,105214948,105214948,1782868365665672,True,True
57939090,0.51720000,9.70000000,105214949,105214949,1782868365665672,True,True
57939091,0.51710000,587.10000000,105214950,105214951,1782868365684963,True,True
57939092,0.51710000,459.90000000,105214952,105214954,1782868365769698,False,True
57939093,0.51720000,24.50000000,105214955,105214956,1782868365769698,False,True
57939094,0.51730000,827.70000000,105214957,105214960,1782868365769698,False,True
57939095,0.51700000,215.00000000,105214961,105214963,1782868365792247,True,True
57939096,0.51690000,9.70000000,105214964,105214964,1782868365794078,True,True
57939097,0.51680000,9.70000000,105214965,105214965,1782868365954976,True,True
57939098,0.51670000,382.20000000,105214966,105214969,1782868365954976,True,True
57939099,0.51690000,75.50000000,105214970,105214970,1782868365988126,False,True
57939100,0.51680000,260.50000000,105214971,105214972,1782868365990172,True,True
57939101,0.51680000,250.40000000,105214973,105214974,1782868365993498,True,True
57939102,0.51670000,9.90000000,105214975,105214975,1782868365995496,True,True
57939103,0.51660000,209.80000000,105214976,105214977,1782868365995496,True,True
57939104,0.51650000,270.30000000,105214978,105214979,1782868365995496,True,True
57939105,0.51650000,111.20000000,105214980,105214980,1782868366001941,True,True
57939106,0.51660000,330.00000000,105214981,105214982,1782868366010367,True,True
57939107,0.51660000,351.60000000,105214983,105214985,1782868366087097,True,True
57939108,0.51660000,10.80000000,105214986,105214986,1782868366092930,True,True
57939109,0.51650000,9.90000000,105214987,105214987,1782868366157555,True,True
57939110,0.51640000,9.80000000,105214988,105214988,1782868366157555,True,True
57939111,0.51650000,1360.00000000,105214989,105214989,1782868366268393,False,True
57939112,0.51650000,19.30000000,105214990,105214990,1782868366272495,False,True
57939113,0.51650000,290.00000000,105214991,105214991,1782868366291448,False,True
57939114,0.51650000,270.00000000,105214992,105214993,1782868366321290,False,True
57939115,0.51650000,209.10000000,105214994,105214994,1782868366429365,False,True
57939116,0.51660000,24.50000000,105214995,105214996,1782868366429365,False,True
57939117,0.51640000,25.60000000,105214997,105214997,1782868366586385,True,True
57939118,0.51650000,52.70000000,105214998,105214998,1782868366778365,False,True
57939119,0.51650000,334.50000000,105214999,105214999,1782868366786835,False,True
57939120,0.51650000,565.30000000,105215000,105215000,1782868366898200,False,True
57939121,0.51650000,240.00000000,105215001,105215001,1782868366948259,False,True
57939122,0.51650000,274.00000000,105215002,105215002,1782868366951897,False,True
57939123,0.51650000,19.50000000,105215003,105215003,1782868366953020,False,True
57939124,0.51660000,24.50000000,105215004,105215005,1782868366992081,False,True
57939125,0.51670000,314.50000000,105215006,105215006,1782868366992081,False,True
57939126,0.51670000,24.50000000,105215007,105215008,1782868366997110,False,True
57939127,0.51680000,2.50000000,105215009,105215009,1782868366997110,False,True
57939128,0.51680000,12.90000000,105215010,105215011,1782868367260676,False,True
57939129,0.51680000,239.90000000,105215012,105215014,1782868367344465,False,True
57939130,0.51670000,380.00000000,105215015,105215017,1782868367352372,True,True
57939131,0.51670000,26.00000000,105215018,105215018,1782868367381421,True,True
57939132,0.51660000,9.90000000,105215019,105215019,1782868367395909,True,True
57939133,0.51650000,24.50000000,105215020,105215021,1782868367395909,True,True
57939134,0.51650000,9.90000000,105215022,105215022,1782868367401923,True,True
57939135,0.51640000,9.90000000,105215023,105215023,1782868367401923,True,True
57939136,0.51650000,213.70000000,105215024,105215024,1782868367486030,False,True
57939137,0.51660000,30.50000000,105215025,105215025,1782868367486030,False,True
57939138,0.51660000,9.90000000,105215026,105215026,1782868367790582,False,True
57939139,0.51670000,9.90000000,105215027,105215027,1782868367806310,False,True
57939140,0.51680000,9.90000000,105215028,105215028,1782868367806674,False,True
57939141,0.51690000,120.70000000,105215029,105215031,1782868367990289,False,True
57939142,0.51700000,24.50000000,105215032,105215033,1782868367999549,False,True
57939143,0.51700000,87.00000000,105215034,105215034,1782868368139069,False,True
57939144,0.51700000,19.30000000,105215035,105215035,1782868368142551,False,True
57939145,0.51690000,19.30000000,105215036,105215036,1782868368160628,True,True
57939146,0.51700000,19.30000000,105215037,105215037,1782868368497429,False,True
57939147,0.51700000,24.50000000,105215038,105215039,1782868369122221,False,True
57939148,0.51700000,213.70000000,105215040,105215040,1782868369309716,True,True
57939149,0.51690000,223.60000000,105215041,105215042,1782868369309716,True,True
57939150,0.51680000,513.60000000,105215043,105215046,1782868369309716,True,True
57939151,0.51690000,9.90000000,105215047,105215047,1782868369635831,True,True
57939152,0.51680000,9.90000000,105215048,105215048,1782868369639681,True,True
57939153,0.51690000,24.50000000,105215049,105215050,1782868370244122,False,True
57939154,0.51700000,24.50000000,105215051,105215052,1782868370254708,False,True
57939155,0.51710000,39.10000000,105215053,105215055,1782868370490615,False,True
57939156,0.51710000,31.40000000,105215056,105215056,1782868371209011,False,True
57939157,0.51700000,9.90000000,105215057,105215057,1782868371982369,True,True
57939158,0.51680000,84.60000000,105215058,105215059,1782868372560664,True,True
57939159,0.51670000,24.50000000,105215060,105215061,1782868372560664,True,True
57939160,0.51660000,9.90000000,105215062,105215062,1782868372560664,True,True
57939161,0.51650000,24.50000000,105215063,105215064,1782868372571892,True,True
57939162,0.51660000,213.70000000,105215065,105215065,1782868372614843,False,True
57939163,0.51650000,180.30000000,105215066,105215067,1782868372798552,True,True
57939164,0.51640000,9.90000000,105215068,105215068,1782868372806361,True,True
57939165,0.51630000,68.10000000,105215069,105215070,1782868372875555,True,True
57939166,0.51630000,1220.00000000,105215071,105215071,1782868373010867,False,True
57939167,0.51630000,77.90000000,105215072,105215072,1782868373013009,False,True
57939168,0.51630000,636.50000000,105215073,105215073,1782868373013716,False,True
57939169,0.51640000,24.50000000,105215074,105215075,1782868373170250,False,True
57939170,0.51650000,9.90000000,105215076,105215076,1782868373511211,False,True
57939171,0.51660000,9.90000000,105215077,105215077,1782868373528129,False,True
57939172,0.51670000,9.90000000,105215078,105215078,1782868374016398,False,True
57939173,0.51680000,9.90000000,105215079,105215079,1782868374016398,False,True
57939174,0.51690000,22.60000000,105215080,105215081,1782868374016398,False,True
57939175,0.51690000,19.30000000,105215082,105215083,1782868374017753,False,True
57939176,0.51690000,113.80000000,105215084,105215084,1782868374019834,False,True
57939177,0.51700000,9.90000000,105215085,105215085,1782868374435339,False,True
57939178,0.51710000,9.90000000,105215086,105215086,1782868374896012,False,True
57939179,0.51720000,9.90000000,105215087,105215087,1782868374896012,False,True
57939180,0.51730000,85.30000000,105215088,105215090,1782868374896012,False,True
57939181,0.51730000,107.60000000,105215091,105215091,1782868374896116,False,True
57939182,0.51720000,9.90000000,105215092,105215092,1782868375074370,True,True
57939183,0.51710000,9.90000000,105215093,105215093,1782868375074370,True,True
57939184,0.51700000,9.90000000,105215094,105215094,1782868375074725,True,True
57939185,0.51720000,170.20000000,105215095,105215095,1782868375081468,True,True
57939186,0.51720000,170.20000000,105215096,105215096,1782868375086361,True,True
57939187,0.51690000,180.20000000,105215097,105215098,1782868375106132,True,True
57939188,0.51680000,9.90000000,105215099,105215099,1782868375107136,True,True
57939189,0.51670000,9.90000000,105215100,105215100,1782868375421154,True,True
57939190,0.51660000,9.90000000,105215101,105215101,1782868375470849,True,True
57939191,0.51650000,9.90000000,105215102,105215102,1782868375545559,True,True
57939192,0.51650000,150.00000000,105215103,105215103,1782868376330933,True,True
57939193,0.51640000,9.90000000,105215104,105215104,1782868376696497,True,True
57939194,0.51630000,9.90000000,105215105,105215105,1782868376696497,True,True
57939195,0.51630000,27.10000000,105215106,105215106,1782868376715934,False,True
57939196,0.51600000,1053.40000000,105215107,105215107,1782868376931308,True,True
57939197,0.51600000,788.40000000,105215108,105215108,1782868378119212,True,True
57939198,0.51600000,244.20000000,105215109,105215109,1782868378119832,True,True
57939199,0.51600000,831.20000000,105215110,105215110,1782868378120993,True,True
57939200,0.51600000,769.60000000,105215111,105215111,1782868378121586,True,True
57939201,0.51600000,224.50000000,105215112,105215112,1782868378122306,True,True
57939202,0.51600000,333.30000000,105215113,105215113,1782868378122855,True,True
57939203,0.51600000,435.90000000,105215114,105215114,1782868378123354,True,True
57939204,0.51600000,249.10000000,105215115,105215115,1782868378123812,True,True
57939205,0.51600000,286.70000000,105215116,105215116,1782868378124918,True,True
57939206,0.51600000,234.10000000,105215117,105215117,1782868378124948,True,True
57939207,0.51600000,343.50000000,105215118,105215118,1782868378126608,True,True
57939208,0.51600000,205.70000000,105215119,105215120,1782868378126979,True,True
57939209,0.51600000,44.80000000,105215121,105215122,1782868378127620,True,True
57939210,0.51600000,19.30000000,105215123,105215123,1782868378309854,False,True
57939211,0.51590000,394.10000000,105215124,105215126,1782868378334394,True,True
57939212,0.51600000,213.60000000,105215127,105215127,1782868378849214,True,True
57939213,0.51590000,9.90000000,105215128,105215128,1782868379166115,True,True
57939214,0.51580000,24.40000000,105215129,105215130,1782868379166115,True,True
57939215,0.51570000,41.60000000,105215131,105215132,1782868379168808,True,True
57939216,0.51580000,39.00000000,105215133,105215133,1782868379193030,False,True
57939217,0.51590000,9.90000000,105215134,105215134,1782868379975160,False,True
57939218,0.51600000,14.60000000,105215135,105215135,1782868379978334,False,True
57939219,0.51600000,73.70000000,105215136,105215137,1782868379978689,False,True
57939220,0.51600000,14.50000000,105215138,105215138,1782868379979334,False,True
57939221,0.51600000,280.00000000,105215139,105215139,1782868379980323,False,True
57939222,0.51610000,9.90000000,105215140,105215140,1782868380096126,False,True
57939223,0.51620000,16.10000000,105215141,105215142,1782868380105425,False,True
57939224,0.51620000,19.30000000,105215143,105215144,1782868380189290,False,True
57939225,0.51620000,153.70000000,105215145,105215146,1782868380191722,False,True
57939226,0.51630000,11.10000000,105215147,105215147,1782868380191722,False,True
57939227,0.51630000,13.40000000,105215148,105215149,1782868380193903,False,True
57939228,0.51610000,9.90000000,105215150,105215150,1782868381862230,True,True
57939229,0.51600000,18.00000000,105215151,105215152,1782868381862230,True,True
57939230,0.51600000,17.10000000,105215153,105215153,1782868381863016,True,True
57939231,0.51590000,9.90000000,105215154,105215154,1782868382055783,True,True
57939232,0.51580000,9.90000000,105215155,105215155,1782868382058339,True,True
57939233,0.51570000,217.60000000,105215156,105215158,1782868382058339,True,True
57939234,0.51560000,58.20000000,105215159,105215160,1782868382482453,True,True
57939235,0.51550000,230.10000000,105215161,105215162,1782868382567299,True,True
57939236,0.51560000,9.90000000,105215163,105215163,1782868383107673,False,True
57939237,0.51570000,9.90000000,105215164,105215164,1782868383131309,False,True
57939238,0.51570000,71.80000000,105215165,105215165,1782868384226610,False,True
57939239,0.51570000,87.30000000,105215166,105215166,1782868384229720,False,True
57939240,0.51560000,9.90000000,105215167,105215167,1782868384307489,True,True
57939241,0.51550000,9.90000000,105215168,105215168,1782868384408012,True,True
57939242,0.51540000,9.80000000,105215169,105215169,1782868384408012,True,True
57939243,0.51530000,9.80000000,105215170,105215170,1782868384425365,True,True
57939244,0.51540000,9.90000000,105215171,105215171,1782868384836383,False,True
57939245,0.51530000,9.90000000,105215172,105215172,1782868386386527,True,True
57939246,0.51520000,223.50000000,105215173,105215174,1782868387147179,True,True
57939247,0.51520000,213.70000000,105215175,105215175,1782868387195353,True,True
57939248,0.51510000,223.50000000,105215176,105215177,1782868387473774,True,True
57939249,0.51520000,149.50000000,105215178,105215178,1782868387589716,False,True
57939250,0.51500000,332.50000000,105215179,105215179,1782868387692773,True,True
57939251,0.51500000,321.00000000,105215180,105215180,1782868387709328,True,True
57939252,0.51510000,503.70000000,105215181,105215182,1782868387713683,False,True
57939253,0.51520000,53.60000000,105215183,105215183,1782868387713683,False,True
57939254,0.51520000,23.30000000,105215184,105215184,1782868387714439,False,True
57939255,0.51520000,17.40000000,105215185,105215185,1782868387718307,False,True
57939256,0.51500000,430.30000000,105215186,105215186,1782868387751461,True,True
57939257,0.51500000,215.90000000,105215187,105215187,1782868387752270,True,True
57939258,0.51500000,356.20000000,105215188,105215188,1782868387752786,True,True
57939259,0.51500000,229.00000000,105215189,105215189,1782868387753595,True,True
57939260,0.51500000,1115.80000000,105215190,105215190,1782868387757551,True,True
57939261,0.51500000,405.80000000,105215191,105215191,1782868387758669,True,True
57939262,0.51500000,392.90000000,105215192,105215192,1782868387779580,True,True
57939263,0.51500000,447.50000000,105215193,105215193,1782868387789482,True,True
57939264,0.51500000,241.30000000,105215194,105215194,1782868387791339,True,True
57939265,0.51500000,201.30000000,105215195,105215195,1782868387820348,True,True
57939266,0.51500000,270.10000000,105215196,105215196,1782868387824209,True,True
57939267,0.51500000,932.60000000,105215197,105215197,1782868387827076,True,True
57939268,0.51500000,343.70000000,105215198,105215198,1782868387828291,True,True
57939269,0.51500000,212.10000000,105215199,105215199,1782868387829625,True,True
57939270,0.51500000,268.10000000,105215200,105215200,1782868387857298,True,True
57939271,0.51520000,9.90000000,105215201,105215201,1782868388733210,False,True
57939272,0.51520000,455.30000000,105215202,105215204,1782868388909526,True,True
57939273,0.51520000,378.30000000,105215205,105215207,1782868388909553,True,True
57939274,0.51510000,223.60000000,105215208,105215209,1782868388909553,True,True
57939275,0.51500000,2707.40000000,105215210,105215214,1782868388909905,True,True
57939276,0.51490000,9.80000000,105215215,105215215,1782868388909905,True,True
57939277,0.51480000,9.80000000,105215216,105215216,1782868388912989,True,True
57939278,0.51470000,161.10000000,105215217,105215218,1782868388912989,True,True
57939279,0.51470000,59.50000000,105215219,105215219,1782868388913051,True,True
57939280,0.51470000,111.40000000,105215220,105215220,1782868388913269,True,True
57939281,0.51470000,170.90000000,105215221,105215221,1782868388913573,True,True
57939282,0.51480000,100.00000000,105215222,105215223,1782868388915946,False,True
57939283,0.51480000,209.90000000,105215224,105215224,1782868388918215,False,True
57939284,0.51490000,190.40000000,105215225,105215225,1782868389040613,False,True
57939285,0.51490000,308.00000000,105215226,105215226,1782868389077444,False,True
57939286,0.51480000,9.90000000,105215227,105215227,1782868389667114,True,True
57939287,0.51470000,223.10000000,105215228,105215229,1782868389667114,True,True
57939288,0.51460000,224.10000000,105215230,105215231,1782868389684538,True,True
57939289,0.51450000,223.50000000,105215232,105215233,1782868390022196,True,True
57939290,0.51440000,9.80000000,105215234,105215234,1782868390608495,True,True
57939291,0.51430000,9.80000000,105215235,105215235,1782868390608495,True,True
57939292,0.51430000,80.10000000,105215236,105215236,1782868390660705,False,True
57939293,0.51430000,100.00000000,105215237,105215237,1782868390660707,False,True
57939294,0.51430000,12.10000000,105215238,105215238,1782868390736604,False,True
57939295,0.51440000,150.00000000,105215239,105215239,1782868391537469,False,True
57939296,0.51450000,7.50000000,105215240,105215240,1782868391537469,False,True
57939297,0.51450000,77.70000000,105215241,105215241,1782868391538745,False,True
57939298,0.51450000,44.70000000,105215242,105215242,1782868391538911,False,True
57939299,0.51450000,44.60000000,105215243,105215245,1782868391539844,False,True
57939300,0.51460000,107.00000000,105215246,105215248,1782868391539844,False,True
57939301,0.51460000,21.30000000,105215249,105215249,1782868391540065,False,True
57939302,0.51460000,40.80000000,105215250,105215250,1782868391547496,False,True
57939303,0.51460000,69.10000000,105215251,105215251,1782868391551940,False,True
57939304,0.51470000,10.60000000,105215252,105215252,1782868391551940,False,True
57939305,0.51460000,89.40000000,105215253,105215253,1782868391597131,False,True
57939306,0.51470000,11.60000000,105215254,105215255,1782868393071110,False,True
57939307,0.51450000,9.90000000,105215256,105215256,1782868393727042,True,True
57939308,0.51440000,9.90000000,105215257,105215257,1782868393850164,True,True
57939309,0.51430000,9.90000000,105215258,105215258,1782868393850164,True,True
57939310,0.51420000,9.80000000,105215259,105215259,1782868394187885,True,True
57939311,0.51410000,9.80000000,105215260,105215260,1782868394187885,True,True
57939312,0.51400000,19.40000000,105215261,105215261,1782868394191868,True,True
57939313,0.51400000,25.40000000,105215262,105215263,1782868394247633,True,True
57939314,0.51390000,9.80000000,105215264,105215264,1782868394368603,True,True
57939315,0.51380000,24.40000000,105215265,105215266,1782868394368603,True,True
57939316,0.51380000,18.00000000,105215267,105215267,1782868394536551,False,True
57939317,0.51380000,269.50000000,105215268,105215268,1782868394538214,False,True
57939318,0.51380000,363.70000000,105215269,105215270,1782868394707012,True,True
57939319,0.51370000,238.10000000,105215271,105215273,1782868394707012,True,True
57939320,0.51360000,3.20000000,105215274,105215274,1782868394707012,True,True
57939321,0.51390000,10.00000000,105215275,105215275,1782868395231274,False,True
57939322,0.51400000,10.00000000,105215276,105215276,1782868395394469,False,True
57939323,0.51410000,9.90000000,105215277,105215277,1782868395394469,False,True
57939324,0.51420000,38.40000000,105215278,105215279,1782868395394469,False,True
57939325,0.51420000,77.80000000,105215280,105215280,1782868395397578,False,True
57939326,0.51420000,14.60000000,105215281,105215281,1782868395409115,False,True
57939327,0.51430000,185.70000000,105215282,105215282,1782868395409115,False,True
57939328,0.51430000,1555.50000000,105215283,105215283,1782868395482355,False,True
57939329,0.51430000,24.50000000,105215284,105215285,1782868395487459,False,True
57939330,0.51440000,149.70000000,105215286,105215286,1782868395662934,False,True
57939331,0.51420000,159.90000000,105215287,105215288,1782868396041608,True,True
57939332,0.51430000,159.90000000,105215289,105215290,1782868396138313,False,True
57939333,0.51440000,39.10000000,105215291,105215293,1782868396260344,False,True
57939334,0.51440000,242.00000000,105215294,105215294,1782868396715451,True,True
57939335,0.51420000,25.50000000,105215295,105215295,1782868396871460,True,True
57939336,0.51430000,114.70000000,105215296,105215296,1782868397546004,False,True
57939337,0.51430000,29.10000000,105215297,105215297,1782868397546580,False,True
57939338,0.51430000,56.40000000,105215298,105215298,1782868397546742,False,True
57939339,0.51430000,27.20000000,105215299,105215300,1782868398115742,False,True
57939340,0.51420000,9.90000000,105215301,105215301,1782868398143995,True,True
57939341,0.51410000,9.90000000,105215302,105215302,1782868398143995,True,True
57939342,0.51400000,9.90000000,105215303,105215303,1782868398348078,True,True
57939343,0.51390000,9.90000000,105215304,105215304,1782868398348078,True,True
57939344,0.51380000,9.90000000,105215305,105215305,1782868398432947,True,True
57939345,0.51370000,10.00000000,105215306,105215306,1782868398867630,True,True
57939346,0.51360000,6.60000000,105215307,105215307,1782868398867630,True,True
57939347,0.51380000,10.00000000,105215308,105215308,1782868399688784,False,True
57939348,0.51390000,24.60000000,105215309,105215310,1782868399688784,False,True
57939349,0.51400000,169.70000000,105215311,105215313,1782868399688784,False,True
57939350,0.51410000,39.20000000,105215314,105215316,1782868400034753,False,True
57939351,0.51420000,24.50000000,105215317,105215318,1782868400082807,False,True
57939352,0.51430000,24.50000000,105215319,105215320,1782868400120320,False,True
57939353,0.51410000,9.90000000,105215321,105215321,1782868400701837,True,True
57939354,0.51400000,9.90000000,105215322,105215322,1782868400901641,True,True
57939355,0.51390000,24.50000000,105215323,105215324,1782868400901641,True,True
57939356,0.51380000,9.90000000,105215325,105215325,1782868401042962,True,True
57939357,0.51370000,9.90000000,105215326,105215326,1782868401042962,True,True
57939358,0.51380000,42.00000000,105215327,105215327,1782868401151157,False,True
57939359,0.51360000,10.00000000,105215328,105215328,1782868401512514,True,True
57939360,0.51360000,213.70000000,105215329,105215329,1782868401644515,True,True
57939361,0.51370000,24.70000000,105215330,105215331,1782868401770130,False,True
57939362,0.51380000,24.70000000,105215332,105215333,1782868401911230,False,True
57939363,0.51390000,24.60000000,105215334,105215335,1782868402107341,False,True
57939364,0.51380000,213.70000000,105215336,105215336,1782868402133978,True,True
57939365,0.51370000,103.80000000,105215337,105215337,1782868402133978,True,True
57939366,0.51400000,10.00000000,105215338,105215338,1782868402529223,False,True
57939367,0.51410000,39.20000000,105215339,105215341,1782868402551606,False,True
57939368,0.51420000,9.90000000,105215342,105215342,1782868402564380,False,True
57939369,0.51430000,24.50000000,105215343,105215344,1782868402598006,False,True
57939370,0.51440000,39.10000000,105215345,105215347,1782868402643508,False,True
57939371,0.51450000,24.50000000,105215348,105215349,1782868402664888,False,True
57939372,0.51460000,238.20000000,105215350,105215352,1782868402778804,False,True
57939373,0.51470000,67.00000000,105215353,105215355,1782868402778804,False,True
57939374,0.51460000,40.90000000,105215356,105215356,1782868402785898,True,True
57939375,0.51440000,9.90000000,105215357,105215357,1782868402961581,True,True
57939376,0.51430000,24.50000000,105215358,105215359,1782868402963714,True,True
57939377,0.51420000,9.90000000,105215360,105215360,1782868403510212,True,True
57939378,0.51410000,24.50000000,105215361,105215362,1782868403510212,True,True
57939379,0.51400000,9.90000000,105215363,105215363,1782868404189991,True,True
57939380,0.51390000,9.90000000,105215364,105215364,1782868404189991,True,True
57939381,0.51380000,9.90000000,105215365,105215365,1782868405067738,True,True
57939382,0.51370000,10.00000000,105215366,105215366,1782868405067738,True,True
57939383,0.51360000,10.00000000,105215367,105215367,1782868405309881,True,True
57939384,0.51350000,9.80000000,105215368,105215368,1782868405309881,True,True
57939385,0.51340000,39.10000000,105215369,105215371,1782868405309881,True,True
57939386,0.51340000,307.50000000,105215372,105215372,1782868405365394,False,True
57939387,0.51350000,164.70000000,105215373,105215374,1782868405541459,False,True
57939388,0.51360000,24.70000000,105215375,105215376,1782868405612562,False,True
57939389,0.51370000,24.70000000,105215377,105215378,1782868406078895,False,True
57939390,0.51380000,39.40000000,105215379,105215381,1782868406171891,False,True
57939391,0.51380000,150.00000000,105215382,105215382,1782868407106771,True,True
57939392,0.51380000,69.00000000,105215383,105215383,1782868407548744,False,True
57939393,0.51380000,150.00000000,105215384,105215384,1782868407685992,False,True
57939394,0.51390000,24.60000000,105215385,105215386,1782868407695007,False,True
57939395,0.51390000,99.20000000,105215387,105215387,1782868408704637,True,True
57939396,0.51380000,9.90000000,105215388,105215388,1782868410159572,True,True
57939397,0.51370000,10.00000000,105215389,105215389,1782868410159572,True,True
57939398,0.51370000,41.30000000,105215390,105215390,1782868410363665,False,True
57939399,0.51370000,150.00000000,105215391,105215391,1782868411561056,False,True
57939400,0.51380000,24.70000000,105215392,105215393,1782868411863965,False,True
57939401,0.51390000,24.70000000,105215394,105215395,1782868412135796,False,True
57939402,0.51400000,19.80000000,105215396,105215397,1782868412215888,False,True
57939403,0.51410000,15.80000000,105215398,105215399,1782868412506801,False,True
57939404,0.51420000,9.90000000,105215400,105215400,1782868413181238,False,True
57939405,0.51430000,9.90000000,105215401,105215401,1782868413181238,False,True
57939406,0.51440000,82.40000000,105215402,105215402,1782868413181238,False,True
57939407,0.51440000,9.90000000,105215403,105215403,1782868413290547,False,True
57939408,0.51450000,24.50000000,105215404,105215405,1782868413290547,False,True
57939409,0.51460000,68.00000000,105215406,105215406,1782868413290547,False,True
57939410,0.51460000,102.10000000,105215407,105215407,1782868413290682,False,True
57939411,0.51440000,9.90000000,105215408,105215408,1782868413760025,True,True
57939412,0.51430000,9.90000000,105215409,105215409,1782868413825759,True,True
57939413,0.51420000,174.50000000,105215410,105215412,1782868413825759,True,True
57939414,0.51410000,9.90000000,105215413,105215413,1782868415067382,True,True
57939415,0.51400000,9.90000000,105215414,105215414,1782868415086806,True,True
57939416,0.51390000,9.90000000,105215415,105215415,1782868415267351,True,True
57939417,0.51380000,24.50000000,105215416,105215417,1782868415267351,True,True
57939418,0.51400000,10.00000000,105215418,105215418,1782868417145149,False,True
57939419,0.51410000,238.20000000,105215419,105215421,1782868417145149,False,True
57939420,0.51420000,1677.00000000,105215422,105215427,1782868417145149,False,True
57939421,0.51430000,19.80000000,105215428,105215429,1782868417414749,False,True
57939422,0.51430000,4.70000000,105215430,105215430,1782868417419123,False,True
57939423,0.51440000,9.90000000,105215431,105215431,1782868417941314,False,True
57939424,0.51420000,9.90000000,105215432,105215432,1782868419969940,True,True
57939425,0.51420000,159.90000000,105215433,105215434,1782868422075757,True,True
57939426,0.51450000,9.90000000,105215435,105215435,1782868423276052,False,True
57939427,0.51460000,223.60000000,105215436,105215437,1782868424984343,False,True
57939428,0.51470000,42.30000000,105215438,105215438,1782868424984343,False,True
57939429,0.51460000,40.10000000,105215439,105215439,1782868425022071,True,True
57939430,0.51440000,373.60000000,105215440,105215442,1782868425022071,True,True
57939431,0.51430000,52.60000000,105215443,105215443,1782868425022071,True,True
57939432,0.51460000,9.90000000,105215444,105215444,1782868425902921,False,True
57939433,0.51470000,9.90000000,105215445,105215445,1782868425902921,False,True
57939434,0.51480000,24.50000000,105215446,105215447,1782868425902921,False,True
