290017640,7.20200000,88.46000000,474880395,474880398,1782864000225051,False,True
290017641,7.20300000,49.23000000,474880399,474880402,1782864000970256,False,True
290017642,7.20400000,1.48000000,474880403,474880404,1782864002291919,False,True
290017643,7.20400000,6.90000000,474880405,474880405,1782864012964781,True,True
290017644,7.20500000,40.72000000,474880406,474880412,1782864021623119,False,True
290017645,7.20600000,11.48000000,474880413,474880415,1782864022494426,False,True
290017646,7.20700000,13.70000000,474880416,474880420,1782864024295706,False,True
290017647,7.20700000,0.69000000,474880421,474880421,1782864024295775,False,True
290017648,7.20800000,35.23000000,474880422,474880427,1782864033222277,False,True
290017649,7.20800000,220.97000000,474880428,474880431,1782864033473469,True,True
290017650,7.20800000,1.00000000,474880432,474880432,1782864033473915,True,True
290017651,7.20800000,444.61000000,474880433,474880440,1782864033695959,True,True
290017652,7.20700000,110.32000000,474880441,474880443,1782864033695959,True,True
290017653,7.20800000,2.93000000,474880444,474880445,1782864035451109,False,True
290017654,7.20800000,221.97000000,474880446,474880447,1782864035630663,True,True
290017655,7.20800000,2.13000000,474880448,474880448,1782864035841181,True,True
290017656,7.20800000,0.98000000,474880449,474880449,1782864037357976,True,True
290017657,7.20800000,9.32000000,474880450,474880452,1782864037956071,True,True
290017658,7.20700000,5.12000000,474880453,474880456,1782864038744699,True,True
290017659,7.20800000,0.69000000,474880457,474880457,1782864048589942,False,True
290017660,7.20800000,90.89000000,474880458,474880460,1782864050482068,False,True
290017661,7.20900000,82.52000000,474880461,474880466,1782864050487486,False,True
290017662,7.20800000,1.44000000,474880467,474880468,1782864052165856,True,True
290017663,7.20700000,2.15000000,474880469,474880471,1782864053269016,True,True
290017664,7.20600000,8.57000000,474880472,474880476,1782864070244918,True,True
290017665,7.20500000,3.97000000,474880477,474880481,1782864070298441,True,True
290017666,7.20400000,2.92000000,474880482,474880485,1782864072090929,True,True
290017667,7.20300000,2.92000000,474880486,474880489,1782864092868074,True,True
290017668,7.20200000,46.71000000,474880490,474880495,1782864094183373,True,True
290017669,7.20100000,2.92000000,474880496,474880499,1782864094409356,True,True
290017670,7.20100000,8.69000000,474880500,474880500,1782864095174511,True,True
290017671,7.20200000,1.43000000,474880501,474880502,1782864100255700,False,True
290017672,7.20300000,333.41000000,474880503,474880507,1782864100259014,False,True
290017673,7.20300000,0.72000000,474880508,474880508,1782864114282820,True,True
290017674,7.20200000,2.87000000,474880509,474880512,1782864115222377,True,True
290017675,7.20100000,2.92000000,474880513,474880516,1782864118175007,True,True
290017676,7.20100000,1.44000000,474880517,474880518,1782864121768733,False,True
290017677,7.20200000,1.43000000,474880519,474880520,1782864122231404,False,True
290017678,7.20300000,2.20000000,474880521,474880523,1782864124807557,False,True
290017679,7.20400000,152.27000000,474880524,474880530,1782864133815914,False,True
290017680,7.20400000,10.00000000,474880531,474880531,1782864134129835,True,True
290017681,7.20400000,1.44000000,474880532,474880533,1782864135676473,True,True
290017682,7.20300000,2.15000000,474880534,474880536,1782864139155886,True,True
290017683,7.20200000,2.92000000,474880537,474880540,1782864139319091,True,True
290017684,7.20200000,3.97000000,474880541,474880541,1782864149320175,True,True
290017685,7.20300000,1.43000000,474880542,474880543,1782864154934098,False,True
290017686,7.20400000,2.20000000,474880544,474880546,1782864159626528,False,True
290017687,7.20500000,2.92000000,474880547,474880550,1782864160531056,False,True
290017688,7.20500000,1.44000000,474880551,474880552,1782864171636455,True,True
290017689,7.20400000,15.48000000,474880553,474880556,1782864171707820,True,True
290017690,7.20300000,2.92000000,474880557,474880560,1782864172193272,True,True
290017691,7.20300000,65.45000000,474880561,474880561,1782864174275986,False,True
290017692,7.20200000,3.92000000,474880562,474880566,1782864175404405,True,True
290017693,7.20100000,2.92000000,474880567,474880570,1782864178153306,True,True
290017694,7.20000000,12.52000000,474880571,474880573,1782864180804520,True,True
290017695,7.20100000,1.44000000,474880574,474880575,1782864192277468,True,True
290017696,7.20000000,2.90000000,474880576,474880579,1782864192566017,True,True
290017697,7.19900000,2.92000000,474880580,474880583,1782864194882927,True,True
290017698,7.19900000,2.77000000,474880584,474880584,1782864195658514,False,True
290017699,7.19900000,2.91000000,474880585,474880587,1782864199021644,True,True
290017700,7.19900000,20.00000000,474880588,474880589,1782864199674497,False,True
290017701,7.19800000,2.20000000,474880590,474880592,1782864206370925,True,True
290017702,7.19700000,77.81000000,474880593,474880598,1782864206370925,True,True
290017703,7.19900000,3.20000000,474880599,474880602,1782864212174841,False,True
290017704,7.20000000,2.20000000,474880603,474880605,1782864214062740,False,True
290017705,7.20100000,3.25000000,474880606,474880609,1782864220697526,False,True
290017706,7.20100000,2.00000000,474880610,474880610,1782864220710355,True,True
290017707,7.20200000,3.25000000,474880611,474880614,1782864220905441,False,True
290017708,7.20300000,3.45000000,474880615,474880615,1782864221779690,False,True
290017709,7.20300000,4.38000000,474880616,474880619,1782864227374059,False,True
290017710,7.20300000,2.00000000,474880620,474880620,1782864227413541,True,True
290017711,7.20400000,0.99000000,474880621,474880622,1782864251100285,False,True
290017712,7.20400000,4.67000000,474880623,474880626,1782864252983713,False,True
290017713,7.20400000,1.45000000,474880627,474880628,1782864270596059,True,True
290017714,7.20400000,1.50000000,474880629,474880631,1782864279244009,False,True
290017715,7.20400000,2.12000000,474880632,474880634,1782864279991144,False,True
290017716,7.20500000,2.93000000,474880635,474880638,1782864281161514,False,True
290017717,7.20600000,3.03000000,474880639,474880643,1782864282388675,False,True
290017718,7.20600000,1.34000000,474880644,474880645,1782864282468057,False,True
290017719,7.20700000,2.55000000,474880646,474880649,1782864297488127,False,True
290017720,7.20700000,1.10000000,474880650,474880651,1782864297634009,False,True
290017721,7.20800000,4.13000000,474880652,474880656,1782864301407274,False,True
290017722,7.20900000,3.25000000,474880657,474880660,1782864301470856,False,True
290017723,7.21000000,175.89000000,474880661,474880666,1782864302107330,False,True
290017724,7.21100000,5.63000000,474880667,474880670,1782864302172925,False,True
290017725,7.21100000,2.00000000,474880671,474880671,1782864302554467,True,True
290017726,7.21100000,1.89000000,474880672,474880672,1782864302792104,True,True
290017727,7.21100000,4.65000000,474880673,474880673,1782864304801851,False,True
290017728,7.21000000,14.87000000,474880674,474880677,1782864304868092,True,True
290017729,7.21000000,8.57000000,474880678,474880679,1782864305931396,True,True
290017730,7.21000000,1.44000000,474880680,474880681,1782864306125380,True,True
290017731,7.21000000,13.86000000,474880682,474880683,1782864307676814,False,True
290017732,7.21000000,2.16000000,474880684,474880686,1782864309183985,False,True
290017733,7.21100000,3.43000000,474880687,474880690,1782864315344856,False,True
290017734,7.21100000,101.42000000,474880691,474880693,1782864328050566,True,True
290017735,7.21100000,37.82000000,474880694,474880694,1782864355892320,False,True
290017736,7.21000000,2.63000000,474880695,474880696,1782864360038798,True,True
290017737,7.21000000,17.98000000,474880697,474880699,1782864370332605,True,True
290017738,7.20900000,11.87000000,474880700,474880702,1782864371597860,True,True
290017739,7.20900000,47.42000000,474880703,474880703,1782864377478442,False,True
290017740,7.20800000,11.36000000,474880704,474880706,1782864382381016,True,True
290017741,7.20800000,1.30000000,474880707,474880707,1782864388718820,True,True
290017742,7.20900000,6.54000000,474880708,474880709,1782864393496635,False,True
290017743,7.20900000,8.45000000,474880710,474880712,1782864399566621,False,True
290017744,7.20900000,4.19000000,474880713,474880714,1782864407092189,True,True
290017745,7.20900000,101.89000000,474880715,474880715,1782864408059340,False,True
290017746,7.20800000,96.94000000,474880716,474880718,1782864410752788,True,True
290017747,7.20800000,0.72000000,474880719,474880719,1782864410754333,True,True
290017748,7.20700000,28.84000000,474880720,474880724,1782864412195198,True,True
290017749,7.20600000,2.20000000,474880725,474880727,1782864415231026,True,True
290017750,7.20600000,171.44000000,474880728,474880731,1782864428114257,False,True
290017751,7.20600000,194.98000000,474880732,474880736,1782864431980385,True,True
290017752,7.20700000,41.06000000,474880737,474880738,1782864438605808,False,True
290017753,7.20700000,81.98000000,474880739,474880742,1782864438605811,False,True
290017754,7.20800000,3.47000000,474880743,474880745,1782864443185403,False,True
290017755,7.20800000,29.00000000,474880746,474880747,1782864473275423,False,True
290017756,7.20800000,4.10000000,474880748,474880748,1782864478356752,False,True
290017757,7.20800000,1.44000000,474880749,474880750,1782864480000286,False,True
290017758,7.20900000,3.47000000,474880751,474880753,1782864505240093,False,True
290017759,7.20800000,200.34000000,474880754,474880755,1782864510145315,True,True
290017760,7.20800000,19.61000000,474880756,474880756,1782864533279481,False,True
290017761,7.20700000,72.17000000,474880757,474880761,1782864541755035,True,True
290017762,7.20600000,13.25000000,474880762,474880766,1782864541780114,True,True
290017763,7.20500000,127.35000000,474880767,474880773,1782864554201111,True,True
290017764,7.20400000,209.24000000,474880774,474880781,1782864567887960,True,True
290017765,7.20500000,151.77000000,474880782,474880787,1782864568147994,False,True
290017766,7.20600000,263.93000000,474880788,474880790,1782864568147994,False,True
290017767,7.20500000,1.44000000,474880791,474880792,1782864573309326,True,True
290017768,7.20400000,21.86000000,474880793,474880795,1782864578685816,True,True
290017769,7.20300000,2.20000000,474880796,474880798,1782864579176032,True,True
290017770,7.20300000,1.00000000,474880799,474880799,1782864581777867,False,True
290017771,7.20200000,2.20000000,474880800,474880802,1782864582227665,True,True
290017772,7.20100000,3.40000000,474880803,474880807,1782864582513051,True,True
290017773,7.20100000,1.32000000,474880808,474880809,1782864582514793,True,True
290017774,7.20000000,53.77000000,474880810,474880813,1782864584666693,True,True
290017775,7.20000000,0.72000000,474880814,474880814,1782864588634420,True,True
290017776,7.19900000,3.19000000,474880815,474880818,1782864593027497,True,True
290017777,7.19800000,2.20000000,474880819,474880821,1782864593907017,True,True
290017778,7.19800000,3.64000000,474880822,474880822,1782864600331134,False,True
290017779,7.19800000,208.20000000,474880823,474880826,1782864607510690,False,True
290017780,7.19800000,218.36000000,474880827,474880830,1782864613310308,False,True
290017781,7.19900000,7.41000000,474880831,474880833,1782864614747022,False,True
290017782,7.19900000,4.98000000,474880834,474880834,1782864614823021,True,True
290017783,7.19900000,0.72000000,474880835,474880835,1782864621534715,True,True
290017784,7.19900000,134.35000000,474880836,474880840,1782864631439206,False,True
290017785,7.20000000,3.97000000,474880841,474880845,1782864631538973,False,True
290017786,7.20100000,2.20000000,474880846,474880848,1782864633610244,False,True
290017787,7.20200000,2.20000000,474880849,474880851,1782864652705332,False,True
290017788,7.20300000,18.32000000,474880852,474880855,1782864655626441,False,True
290017789,7.20300000,2.16000000,474880856,474880858,1782864655985969,False,True
290017790,7.20400000,1.48000000,474880859,474880860,1782864657965616,False,True
290017791,7.20500000,7.10000000,474880861,474880864,1782864657968463,False,True
290017792,7.20600000,2.53000000,474880865,474880867,1782864658703311,False,True
290017793,7.20700000,15.93000000,474880868,474880868,1782864658703311,False,True
290017794,7.20700000,25.82000000,474880869,474880871,1782864665131982,False,True
290017795,7.20700000,13.87000000,474880872,474880872,1782864666680571,False,True
290017796,7.20600000,4.91000000,474880873,474880875,1782864668683811,True,True
290017797,7.20500000,16.87000000,474880876,474880876,1782864668964342,True,True
290017798,7.20500000,1.43000000,474880877,474880878,1782864668996165,True,True
290017799,7.20500000,138.79000000,474880879,474880881,1782864669068963,False,True
290017800,7.20500000,11.70000000,474880882,474880883,1782864695983072,False,True
290017801,7.20400000,44.77000000,474880884,474880889,1782864706209017,True,True
290017802,7.20300000,3.25000000,474880890,474880893,1782864706288799,True,True
290017803,7.20200000,51.59000000,474880894,474880894,1782864710823081,True,True
290017804,7.20200000,3.76000000,474880895,474880898,1782864710902931,True,True
290017805,7.20200000,1.81000000,474880899,474880899,1782864710904164,True,True
290017806,7.20100000,65.45000000,474880900,474880905,1782864752393366,True,True
290017807,7.20000000,84.55000000,474880906,474880911,1782864752393366,True,True
290017808,7.20000000,196.00000000,474880912,474880913,1782864758558925,True,True
290017809,7.20000000,279.49000000,474880914,474880917,1782864758559063,True,True
290017810,7.19900000,44.43000000,474880918,474880918,1782864758560706,True,True
290017811,7.19900000,209.30000000,474880919,474880924,1782864758564177,True,True
290017812,7.19900000,1.47000000,474880925,474880926,1782864758576870,True,True
290017813,7.19800000,97.11000000,474880927,474880933,1782864758652360,True,True
290017814,7.19800000,56.25000000,474880934,474880934,1782864758659259,False,True
290017815,7.19800000,0.91000000,474880935,474880935,1782864770439180,True,True
290017816,7.19800000,16.86000000,474880936,474880937,1782864771284860,True,True
290017817,7.19800000,9.42000000,474880938,474880939,1782864771286311,True,True
290017818,7.19700000,2.54000000,474880940,474880942,1782864778549736,True,True
290017819,7.19700000,2.16000000,474880943,474880945,1782864778584665,True,True
290017820,7.19600000,2.20000000,474880946,474880948,1782864778780622,True,True
290017821,7.19600000,3.07000000,474880949,474880951,1782864794847704,False,True
290017822,7.19700000,14.43000000,474880952,474880954,1782864796292565,False,True
290017823,7.19800000,2.28000000,474880955,474880958,1782864798771559,False,True
290017824,7.19800000,1.36000000,474880959,474880960,1782864798868395,False,True
290017825,7.19900000,13.19000000,474880961,474880964,1782864802805187,False,True
290017826,7.19900000,14.06000000,474880965,474880967,1782864811139569,False,True
290017827,7.20000000,4.30000000,474880968,474880972,1782864812149624,False,True
290017828,7.20100000,3.25000000,474880973,474880976,1782864812223230,False,True
290017829,7.20200000,2.20000000,474880977,474880979,1782864817091328,False,True
290017830,7.20300000,2.92000000,474880980,474880983,1782864817361904,False,True
290017831,7.20300000,3.87000000,474880984,474880984,1782864827849606,True,True
290017832,7.20400000,2.99000000,474880985,474880987,1782864830978205,False,True
290017833,7.20400000,5.45000000,474880988,474880990,1782864831200735,False,True
290017834,7.20400000,8.62000000,474880991,474880992,1782864833164142,False,True
290017835,7.20400000,11.86000000,474880993,474880994,1782864835371499,False,True
290017836,7.20500000,2.20000000,474880995,474880997,1782864836269564,False,True
290017837,7.20600000,2.20000000,474880998,474881000,1782864838491426,False,True
290017838,7.20700000,1.02000000,474881001,474881001,1782864846185390,False,True
290017839,7.20700000,4.02000000,474881002,474881006,1782864854067434,False,True
290017840,7.20800000,4.30000000,474881007,474881011,1782864867321707,False,True
290017841,7.20800000,22.96000000,474881012,474881014,1782864893557687,True,True
290017842,7.20700000,13.37000000,474881015,474881019,1782864893563903,True,True
290017843,7.20600000,3.25000000,474881020,474881023,1782864893582613,True,True
290017844,7.20500000,13.81000000,474881024,474881028,1782864893684279,True,True
290017845,7.20500000,1.94000000,474881029,474881029,1782864894096736,False,True
290017846,7.20500000,1.38000000,474881030,474881030,1782864899770850,False,True
290017847,7.20500000,10.90000000,474881031,474881033,1782864900634311,False,True
290017848,7.20500000,1.38000000,474881034,474881035,1782864900649639,False,True
290017849,7.20500000,844.14000000,474881036,474881047,1782864902002521,True,True
290017850,7.20400000,33.47000000,474881048,474881048,1782864902002521,True,True
290017851,7.20400000,0.91000000,474881049,474881050,1782864902440458,True,True
290017852,7.20400000,0.72000000,474881051,474881051,1782864902606032,True,True
290017853,7.20400000,5.13000000,474881052,474881052,1782864904246556,False,True
290017854,7.20300000,2.20000000,474881053,474881055,1782864905515477,True,True
290017855,7.20300000,1.44000000,474881056,474881057,1782864910704106,False,True
290017856,7.20400000,12.81000000,474881058,474881061,1782864910706977,False,True
290017857,7.20400000,0.91000000,474881062,474881062,1782864910952748,True,True
290017858,7.20400000,355.78000000,474881063,474881068,1782864910952966,True,True
290017859,7.20400000,35.00000000,474881069,474881070,1782864911420039,False,True
290017860,7.20400000,11.91000000,474881071,474881073,1782864914337251,False,True
290017861,7.20500000,146.20000000,474881074,474881077,1782864914414946,False,True
290017862,7.20500000,216.80000000,474881078,474881078,1782864914415950,False,True
290017863,7.20500000,47.39000000,474881079,474881081,1782864914416895,False,True
290017864,7.20600000,85.31000000,474881082,474881086,1782864914446257,False,True
290017865,7.20600000,52.62000000,474881087,474881087,1782864914446409,False,True
290017866,7.20600000,99.88000000,474881088,474881088,1782864914447825,False,True
290017867,7.20600000,1.44000000,474881089,474881090,1782864914449238,False,True
290017868,7.20700000,2.92000000,474881091,474881094,1782864918211268,False,True
290017869,7.20700000,1.44000000,474881095,474881096,1782864922093240,True,True
290017870,7.20600000,2.15000000,474881097,474881099,1782864923181118,True,True
290017871,7.20500000,2.20000000,474881100,474881102,1782864923575569,True,True
290017872,7.20500000,39.53000000,474881103,474881104,1782864938628310,False,True
290017873,7.20400000,2.92000000,474881105,474881108,1782864939652887,True,True
290017874,7.20300000,2.20000000,474881109,474881111,1782864940062690,True,True
290017875,7.20300000,3.47000000,474881112,474881112,1782864942108169,False,True
290017876,7.20200000,12.50000000,474881113,474881116,1782864944551239,True,True
290017877,7.20200000,0.72000000,474881117,474881117,1782864944738672,True,True
290017878,7.20100000,2.92000000,474881118,474881121,1782864944904966,True,True
290017879,7.20000000,2.92000000,474881122,474881125,1782864945419475,True,True
290017880,7.19900000,3.23000000,474881126,474881129,1782864948443850,True,True
290017881,7.19800000,2.20000000,474881130,474881132,1782864948876506,True,True
290017882,7.19700000,15.18000000,474881133,474881135,1782864950246653,True,True
290017883,7.19600000,4.80000000,474881136,474881140,1782864961125890,True,True
290017884,7.19600000,12.89000000,474881141,474881142,1782864961856939,False,True
290017885,7.19600000,10.90000000,474881143,474881143,1782864961899902,False,True
290017886,7.19700000,13.20000000,474881144,474881148,1782864961963464,False,True
290017887,7.19800000,2.92000000,474881149,474881152,1782864963296496,False,True
290017888,7.19900000,2.20000000,474881153,474881155,1782864979697399,False,True
290017889,7.19900000,0.69000000,474881156,474881156,1782864980491887,True,True
290017890,7.20000000,2.20000000,474881157,474881159,1782864984625070,False,True
290017891,7.20000000,13.72000000,474881160,474881161,1782865012841161,True,True
290017892,7.19900000,0.13000000,474881162,474881162,1782865012841161,True,True
290017893,7.20000000,0.72000000,474881163,474881163,1782865014776735,False,True
290017894,7.20000000,0.72000000,474881164,474881164,1782865032470127,True,True
290017895,7.20000000,7.09000000,474881165,474881167,1782865049896349,False,True
290017896,7.20100000,18.49000000,474881168,474881171,1782865056353782,False,True
290017897,7.20200000,3.25000000,474881172,474881175,1782865056588527,False,True
290017898,7.20300000,573.74000000,474881176,474881185,1782865063228513,False,True
290017899,7.20400000,384.16000000,474881186,474881198,1782865063228513,False,True
290017900,7.20500000,493.20000000,474881199,474881212,1782865063228513,False,True
290017901,7.20300000,0.72000000,474881213,474881213,1782865063366241,True,True
290017902,7.20200000,2.20000000,474881214,474881216,1782865072145950,True,True
290017903,7.20200000,5.65000000,474881217,474881217,1782865072146059,True,True
290017904,7.20100000,1.43000000,474881218,474881219,1782865072304516,True,True
290017905,7.20000000,1.43000000,474881220,474881221,1782865074073917,True,True
290017906,7.19900000,72.13000000,474881222,474881227,1782865074074566,True,True
290017907,7.19800000,2.20000000,474881228,474881230,1782865079689794,True,True
290017908,7.19700000,2.20000000,474881231,474881233,1782865080416600,True,True
290017909,7.19600000,0.91000000,474881234,474881234,1782865080416839,True,True
290017910,7.19600000,15.57000000,474881235,474881239,1782865080424236,True,True
290017911,7.19600000,13.32000000,474881240,474881242,1782865082386096,False,True
290017912,7.19700000,2.15000000,474881243,474881245,1782865082892580,False,True
290017913,7.19800000,159.48000000,474881246,474881251,1782865087936717,False,True
290017914,7.19900000,2.92000000,474881252,474881255,1782865089053506,False,True
290017915,7.19900000,376.19000000,474881256,474881259,1782865095317689,True,True
290017916,7.19800000,17.08000000,474881260,474881263,1782865108865072,True,True
290017917,7.19700000,19.14000000,474881264,474881267,1782865119397157,True,True
290017918,7.19600000,2.20000000,474881268,474881270,1782865121295759,True,True
290017919,7.19600000,0.91000000,474881271,474881271,1782865121316939,False,True
290017920,7.19500000,10.56000000,474881272,474881277,1782865149930455,True,True
290017921,7.19400000,3.20000000,474881278,474881281,1782865151290529,True,True
290017922,7.19300000,13.25000000,474881282,474881286,1782865151307872,True,True
290017923,7.19200000,1.87000000,474881287,474881289,1782865156284808,True,True
290017924,7.19200000,1.10000000,474881290,474881291,1782865156285013,True,True
290017925,7.19100000,269.04000000,474881292,474881297,1782865164698676,True,True
290017926,7.19100000,0.72000000,474881298,474881298,1782865179233959,True,True
290017927,7.19000000,3.02000000,474881299,474881302,1782865182581001,True,True
290017928,7.18900000,3.04000000,474881303,474881307,1782865197088825,True,True
290017929,7.18900000,0.61000000,474881308,474881308,1782865197089121,True,True
290017930,7.18800000,2.20000000,474881309,474881311,1782865197532474,True,True
290017931,7.18800000,29.57000000,474881312,474881315,1782865200457174,False,True
290017932,7.18800000,10.26000000,474881316,474881316,1782865200457266,False,True
290017933,7.18800000,12.31000000,474881317,474881318,1782865200746148,False,True
290017934,7.18800000,14.10000000,474881319,474881319,1782865208976415,True,True
290017935,7.18900000,43.85000000,474881320,474881321,1782865221626958,False,True
290017936,7.19000000,19.86000000,474881322,474881326,1782865222960242,False,True
290017937,7.19100000,28.63000000,474881327,474881330,1782865223787469,False,True
290017938,7.19100000,27.82000000,474881331,474881332,1782865223787508,False,True
290017939,7.19200000,2.92000000,474881333,474881336,1782865232143888,False,True
290017940,7.19300000,67.83000000,474881337,474881340,1782865271389730,False,True
290017941,7.19200000,37.01000000,474881341,474881347,1782865274957704,True,True
290017942,7.19100000,12.82000000,474881348,474881351,1782865281016930,True,True
290017943,7.19000000,2.92000000,474881352,474881355,1782865281685974,True,True
290017944,7.18900000,4.31000000,474881356,474881360,1782865283506757,True,True
290017945,7.18800000,0.91000000,474881361,474881362,1782865288940825,True,True
290017946,7.18700000,23.33000000,474881363,474881367,1782865292307997,True,True
290017947,7.18700000,1.30000000,474881368,474881369,1782865297203820,False,True
290017948,7.18600000,22.70000000,474881370,474881374,1782865299506336,True,True
290017949,7.18600000,18.78000000,474881375,474881375,1782865299506871,True,True
290017950,7.18600000,103.60000000,474881376,474881376,1782865299507269,True,True
290017951,7.18600000,0.70000000,474881377,474881377,1782865299509669,True,True
290017952,7.18600000,57.15000000,474881378,474881379,1782865300931098,False,True
290017953,7.18700000,2.15000000,474881380,474881382,1782865305465451,False,True
290017954,7.18700000,1.44000000,474881383,474881384,1782865309306205,True,True
290017955,7.18600000,2.15000000,474881385,474881387,1782865312485397,True,True
290017956,7.18500000,8.13000000,474881388,474881390,1782865312485397,True,True
290017957,7.18500000,37.56000000,474881391,474881391,1782865312602836,True,True
290017958,7.18500000,2.15000000,474881392,474881392,1782865312602981,True,True
290017959,7.18500000,55.08000000,474881393,474881395,1782865312604084,True,True
290017960,7.18500000,0.67000000,474881396,474881396,1782865312604452,True,True
290017961,7.18400000,93.87000000,474881397,474881404,1782865312604816,True,True
290017962,7.18400000,286.47000000,474881405,474881406,1782865312605895,True,True
290017963,7.18400000,122.60000000,474881407,474881408,1782865312606163,True,True
290017964,7.18400000,52.78000000,474881409,474881409,1782865312606878,True,True
290017965,7.18400000,78.30000000,474881410,474881410,1782865312608099,True,True
290017966,7.18400000,74.31000000,474881411,474881412,1782865312608168,True,True
290017967,7.18400000,24.63000000,474881413,474881414,1782865312608366,True,True
290017968,7.18300000,54.10000000,474881415,474881415,1782865312610665,True,True
290017969,7.18300000,53.53000000,474881416,474881416,1782865312621611,True,True
290017970,7.18300000,0.77000000,474881417,474881417,1782865312622013,True,True
290017971,7.18300000,195.46000000,474881418,474881418,1782865312623173,True,True
290017972,7.18300000,198.10000000,474881419,474881423,1782865312627755,True,True
290017973,7.18200000,53.73000000,474881424,474881429,1782865312651002,True,True
290017974,7.18200000,40.69000000,474881430,474881430,1782865312654858,True,True
290017975,7.18200000,38.26000000,474881431,474881431,1782865312668113,True,True
290017976,7.18200000,1.42000000,474881432,474881433,1782865312678000,True,True
290017977,7.18300000,0.71000000,474881434,474881434,1782865313866759,False,True
290017978,7.18300000,0.70000000,474881435,474881435,1782865316495481,True,True
290017979,7.18200000,3.17000000,474881436,474881439,1782865316501663,True,True
290017980,7.18100000,3.94000000,474881440,474881444,1782865316617830,True,True
290017981,7.18000000,3.76000000,474881445,474881449,1782865317053825,True,True
290017982,7.17900000,4.69000000,474881450,474881455,1782865317074389,True,True
290017983,7.17900000,36.71000000,474881456,474881456,1782865317082481,True,True
290017984,7.17900000,2.43000000,474881457,474881459,1782865329018336,True,True
290017985,7.17900000,413.48000000,474881460,474881463,1782865331702836,False,True
290017986,7.17900000,0.72000000,474881464,474881464,1782865331704535,False,True
290017987,7.18000000,15.15000000,474881465,474881468,1782865334329255,False,True
290017988,7.18000000,1.44000000,474881469,474881470,1782865336645988,True,True
290017989,7.18000000,7.10000000,474881471,474881473,1782865356416821,False,True
290017990,7.18000000,2.52000000,474881474,474881476,1782865363080822,True,True
290017991,7.18100000,1.73000000,474881477,474881479,1782865367507047,False,True
290017992,7.18000000,1.16000000,474881480,474881480,1782865367786099,True,True
290017993,7.18100000,17.30000000,474881481,474881483,1782865379534696,False,True
290017994,7.18100000,0.67000000,474881484,474881484,1782865379534714,False,True
290017995,7.18100000,0.72000000,474881485,474881485,1782865380576382,True,True
290017996,7.18100000,2.08000000,474881486,474881486,1782865394553505,False,True
290017997,7.18000000,1.43000000,474881487,474881488,1782865398147161,True,True
290017998,7.18000000,0.72000000,474881489,474881489,1782865398147645,True,True
290017999,7.17900000,3.25000000,474881490,474881493,1782865398196840,True,True
290018000,7.17800000,1.48000000,474881494,474881495,1782865401194042,True,True
290018001,7.17800000,1.44000000,474881496,474881497,1782865401222546,True,True
290018002,7.17800000,2.16000000,474881498,474881500,1782865401286923,True,True
290018003,7.17900000,4.73000000,474881501,474881503,1782865403739020,False,True
290018004,7.18000000,5.09000000,474881504,474881508,1782865407322047,False,True
290018005,7.18100000,4.63000000,474881509,474881513,1782865413602014,False,True
290018006,7.18100000,2.78000000,474881514,474881514,1782865416076832,True,True
290018007,7.18100000,19.52000000,474881515,474881515,1782865416314900,True,True
290018008,7.18100000,5.09000000,474881516,474881516,1782865422854574,True,True
290018009,7.18100000,0.72000000,474881517,474881517,1782865423587125,True,True
290018010,7.18100000,1.44000000,474881518,474881519,1782865437250239,False,True
290018011,7.18200000,15.20000000,474881520,474881523,1782865438865046,False,True
290018012,7.18300000,2.92000000,474881524,474881527,1782865439751762,False,True
290018013,7.18300000,1.44000000,474881528,474881528,1782865441710665,True,True
290018014,7.18300000,450.46000000,474881529,474881533,1782865441712123,True,True
290018015,7.18200000,2.15000000,474881534,474881536,1782865441871219,True,True
290018016,7.18100000,2.20000000,474881537,474881539,1782865448307434,True,True
290018017,7.18100000,26.52000000,474881540,474881542,1782865479817102,False,True
290018018,7.18200000,1.43000000,474881543,474881544,1782865481560449,False,True
290018019,7.18200000,41.77000000,474881545,474881545,1782865495514807,False,True
290018020,7.18100000,0.69000000,474881546,474881546,1782865519796377,True,True
290018021,7.18100000,199.90000000,474881547,474881553,1782865537797099,True,True
290018022,7.18100000,28.80000000,474881554,474881554,1782865537798892,True,True
290018023,7.18100000,134.81000000,474881555,474881556,1782865537798914,True,True
290018024,7.18000000,68.45000000,474881557,474881561,1782865539906592,True,True
290018025,7.17900000,181.48000000,474881562,474881569,1782865539909218,True,True
290018026,7.17900000,57.11000000,474881570,474881570,1782865539909491,True,True
290018027,7.17900000,16.43000000,474881571,474881572,1782865539910110,True,True
290018028,7.17900000,38.30000000,474881573,474881573,1782865539912526,True,True
290018029,7.17900000,51.66000000,474881574,474881574,1782865539912543,True,True
290018030,7.17900000,20.57000000,474881575,474881575,1782865539912559,True,True
290018031,7.17900000,33.08000000,474881576,474881576,1782865539912585,True,True
290018032,7.17900000,144.75000000,474881577,474881577,1782865539913086,True,True
290018033,7.17800000,67.80000000,474881578,474881580,1782865539913086,True,True
290018034,7.17800000,132.72000000,474881581,474881586,1782865539916519,True,True
290018035,7.17700000,250.00000000,474881587,474881593,1782865539925134,True,True
290018036,7.17700000,29.07000000,474881594,474881596,1782865539925206,True,True
290018037,7.17600000,53.53000000,474881597,474881601,1782865539927925,True,True
290018038,7.17600000,0.77000000,474881602,474881602,1782865539930019,True,True
290018039,7.17600000,33.33000000,474881603,474881603,1782865539967725,True,True
290018040,7.17600000,557.67000000,474881604,474881611,1782865539969935,True,True
290018041,7.17500000,154.43000000,474881612,474881620,1782865539998064,True,True
290018042,7.17500000,1.44000000,474881621,474881622,1782865540007038,True,True
290018043,7.17500000,2.16000000,474881623,474881625,1782865540033666,True,True
290018044,7.17400000,1.38000000,474881626,474881627,1782865540041620,True,True
290018045,7.17400000,2.10000000,474881628,474881630,1782865540059897,True,True
290018046,7.17400000,30.15000000,474881631,474881633,1782865540061349,True,True
290018047,7.17500000,1.11000000,474881634,474881634,1782865540436163,False,True
290018048,7.17500000,13.71000000,474881635,474881636,1782865540580821,False,True
290018049,7.17600000,1.76000000,474881637,474881638,1782865540639337,False,True
290018050,7.17700000,2.15000000,474881639,474881641,1782865548754617,False,True
290018051,7.17700000,3.58000000,474881642,474881642,1782865554589309,True,True
290018052,7.17700000,53.53000000,474881643,474881643,1782865554592655,True,True
290018053,7.17700000,2.00000000,474881644,474881644,1782865554608174,True,True
290018054,7.17700000,37.14000000,474881645,474881645,1782865554610843,True,True
290018055,7.17700000,2.91000000,474881646,474881646,1782865554623794,True,True
290018056,7.17700000,0.91000000,474881647,474881647,1782865562171266,True,True
290018057,7.17700000,17.26000000,474881648,474881648,1782865562171433,True,True
290018058,7.17700000,438.10000000,474881649,474881653,1782865562171450,True,True
290018059,7.17700000,67.13000000,474881654,474881654,1782865562172656,True,True
290018060,7.17700000,27.33000000,474881655,474881655,1782865562173758,True,True
290018061,7.17600000,124.67000000,474881656,474881661,1782865562175947,True,True
290018062,7.17500000,2.53000000,474881662,474881664,1782865562189909,True,True
290018063,7.17500000,141.11000000,474881665,474881667,1782865562260074,False,True
290018064,7.17500000,1.30000000,474881668,474881669,1782865566416332,True,True
290018065,7.17500000,0.91000000,474881670,474881670,1782865571244721,True,True
290018066,7.17500000,0.91000000,474881671,474881671,1782865581664388,True,True
290018067,7.17500000,20.12000000,474881672,474881672,1782865581666088,True,True
290018068,7.17500000,256.00000000,474881673,474881675,1782865581667380,True,True
290018069,7.17500000,106.88000000,474881676,474881676,1782865581667418,True,True
290018070,7.17400000,2.98000000,474881677,474881680,1782865582033841,True,True
290018071,7.17300000,193.45000000,474881681,474881684,1782865582034292,True,True
290018072,7.17300000,27.38000000,474881685,474881688,1782865610661264,False,True
290018073,7.17300000,1.44000000,474881689,474881690,1782865613240711,False,True
290018074,7.17300000,118.57000000,474881691,474881692,1782865618299305,True,True
290018075,7.17300000,146.11000000,474881693,474881695,1782865618300807,True,True
290018076,7.17300000,150.83000000,474881696,474881697,1782865618301257,True,True
290018077,7.17300000,133.90000000,474881698,474881698,1782865618306069,True,True
290018078,7.17200000,56.17000000,474881699,474881702,1782865618316617,True,True
290018079,7.17200000,1.44000000,474881703,474881704,1782865618346495,True,True
290018080,7.17300000,1.43000000,474881705,474881706,1782865625108778,False,True
290018081,7.17400000,2.20000000,474881707,474881709,1782865626491359,False,True
290018082,7.17400000,1.44000000,474881710,474881711,1782865626495509,False,True
290018083,7.17500000,2.92000000,474881712,474881715,1782865626992658,False,True
290018084,7.17600000,2.28000000,474881716,474881719,1782865636274862,False,True
290018085,7.17600000,1.36000000,474881720,474881721,1782865636319049,False,True
290018086,7.17700000,234.93000000,474881722,474881726,1782865660063358,False,True
290018087,7.17800000,2.20000000,474881727,474881729,1782865667847338,False,True
290018088,7.17900000,32.66000000,474881730,474881734,1782865667847338,False,True
290018089,7.17900000,11.32000000,474881735,474881735,1782865672220074,False,True
290018090,7.17900000,3.88000000,474881736,474881737,1782865688909237,False,True
290018091,7.18000000,2.20000000,474881738,474881740,1782865691608530,False,True
290018092,7.18100000,25.65000000,474881741,474881746,1782865691608530,False,True
290018093,7.18100000,0.77000000,474881747,474881747,1782865691610243,False,True
290018094,7.18100000,17.68000000,474881748,474881748,1782865693808515,True,True
290018095,7.18200000,4.06000000,474881749,474881753,1782865696089058,False,True
290018096,7.18300000,357.60000000,474881754,474881757,1782865719380285,False,True
290018097,7.18300000,1.44000000,474881758,474881759,1782865724426755,False,True
290018098,7.18400000,9.26000000,474881760,474881764,1782865726112112,False,True
290018099,7.18500000,4.07000000,474881765,474881769,1782865740076691,False,True
290018100,7.18600000,2.20000000,474881770,474881772,1782865740910552,False,True
290018101,7.18700000,0.64000000,474881773,474881773,1782865740910552,False,True
290018102,7.18600000,192.90000000,474881774,474881777,1782865744787024,True,True
290018103,7.18500000,407.80000000,474881778,474881785,1782865744787024,True,True
290018104,7.18400000,550.41000000,474881786,474881799,1782865744787024,True,True
290018105,7.18300000,726.94000000,474881800,474881813,1782865744787024,True,True
290018106,7.18200000,201.50000000,474881814,474881820,1782865744787024,True,True
290018107,7.18300000,61.90000000,474881821,474881821,1782865744789762,False,True
290018108,7.18300000,24.29000000,474881822,474881823,1782865744790551,False,True
290018109,7.18400000,1.44000000,474881824,474881825,1782865745735744,True,True
290018110,7.18400000,305.97000000,474881826,474881829,1782865778231756,False,True
290018111,7.18500000,2.92000000,474881830,474881833,1782865786085283,False,True
290018112,7.18500000,139.37000000,474881834,474881836,1782865795185891,True,True
290018113,7.18500000,29.33000000,474881837,474881839,1782865803082052,False,True
290018114,7.18600000,3.67000000,474881840,474881844,1782865805831897,False,True
290018115,7.18700000,30.42000000,474881845,474881848,1782865805834197,False,True
290018116,7.18600000,468.64000000,474881849,474881853,1782865812846801,True,True
290018117,7.18500000,372.73000000,474881854,474881863,1782865812846801,True,True
290018118,7.18400000,640.69000000,474881864,474881876,1782865812846801,True,True
290018119,7.18500000,0.72000000,474881877,474881877,1782865822865756,True,True
290018120,7.18500000,1.36000000,474881878,474881878,1782865823540034,False,True
290018121,7.18400000,1.48000000,474881879,474881881,1782865829779789,True,True
290018122,7.18400000,1.39000000,474881882,474881883,1782865829781537,True,True
290018123,7.18400000,0.72000000,474881884,474881884,1782865835578758,False,True
290018124,7.18500000,1.43000000,474881885,474881886,1782865838117260,False,True
290018125,7.18600000,2.92000000,474881887,474881890,1782865838290050,False,True
290018126,7.18700000,3.97000000,474881891,474881895,1782865838340827,False,True
290018127,7.18800000,2.92000000,474881896,474881899,1782865838704117,False,True
290018128,7.18900000,3.05000000,474881900,474881903,1782865842328914,False,True
290018129,7.19000000,2.20000000,474881904,474881906,1782865844376863,False,True
290018130,7.19100000,3.97000000,474881907,474881911,1782865851269394,False,True
290018131,7.19200000,2.92000000,474881912,474881915,1782865852477789,False,True
290018132,7.19300000,56.78000000,474881916,474881920,1782865852480429,False,True
290018133,7.19400000,1.39000000,474881921,474881922,1782865854459939,False,True
290018134,7.19400000,2.43000000,474881923,474881926,1782865854903846,False,True
290018135,7.19500000,20.60000000,474881927,474881932,1782865860529986,False,True
290018136,7.19600000,2.20000000,474881933,474881935,1782865860533579,False,True
290018137,7.19700000,3.25000000,474881936,474881939,1782865861944124,False,True
290018138,7.19800000,43.94000000,474881940,474881943,1782865861946725,False,True
290018139,7.19900000,16.27000000,474881944,474881948,1782865865268590,False,True
290018140,7.20000000,37.51000000,474881949,474881954,1782865866023234,False,True
290018141,7.20100000,10.90000000,474881955,474881957,1782865866498372,False,True
290018142,7.20100000,5.02000000,474881958,474881960,1782865866498686,False,True
290018143,7.20200000,3.49000000,474881961,474881964,1782865867288118,False,True
290018144,7.20200000,1.44000000,474881965,474881966,1782865870469711,False,True
290018145,7.20300000,3.25000000,474881967,474881970,1782865870650100,False,True
290018146,7.20400000,3.09000000,474881971,474881974,1782865870875920,False,True
290018147,7.20500000,4.50000000,474881975,474881979,1782865871070482,False,True
290018148,7.20600000,1.74000000,474881980,474881982,1782865871429275,False,True
290018149,7.20600000,486.18000000,474881983,474881984,1782865872083555,False,True
290018150,7.20700000,2.43000000,474881985,474881988,1782865872508917,False,True
290018151,7.20700000,0.63000000,474881989,474881989,1782865872513296,False,True
290018152,7.20800000,3.58000000,474881990,474881993,1782865872553486,False,True
290018153,7.20700000,0.71000000,474881994,474881994,1782865873456179,True,True
290018154,7.20600000,0.71000000,474881995,474881995,1782865873867813,True,True
290018155,7.20500000,2.92000000,474881996,474881999,1782865875581923,True,True
290018156,7.20500000,110.30000000,474882000,474882001,1782865877187618,False,True
290018157,7.20400000,2.15000000,474882002,474882004,1782865877197062,True,True
290018158,7.20300000,2.20000000,474882005,474882007,1782865879480227,True,True
290018159,7.20200000,2.20000000,474882008,474882010,1782865879666359,True,True
290018160,7.20100000,140.13000000,474882011,474882014,1782865883329441,True,True
290018161,7.20000000,2.20000000,474882015,474882017,1782865883806862,True,True
290018162,7.20000000,0.72000000,474882018,474882018,1782865885603009,True,True
290018163,7.20000000,1.44000000,474882019,474882020,1782865890734753,False,True
290018164,7.20000000,53.53000000,474882021,474882021,1782865900306860,True,True
290018165,7.20000000,115.58000000,474882022,474882025,1782865900306913,True,True
290018166,7.19900000,6.32000000,474882026,474882029,1782865903776133,True,True
290018167,7.19900000,1.44000000,474882030,474882031,1782865906227775,False,True
290018168,7.20000000,1.43000000,474882032,474882033,1782865907470355,False,True
290018169,7.20100000,3.25000000,474882034,474882037,1782865908156343,False,True
290018170,7.20100000,1.44000000,474882038,474882039,1782865911996649,True,True
290018171,7.20000000,2.15000000,474882040,474882042,1782865912951821,True,True
290018172,7.19900000,2.92000000,474882043,474882046,1782865914727934,True,True
290018173,7.19800000,3.25000000,474882047,474882050,1782865916320382,True,True
290018174,7.19700000,0.91000000,474882051,474882052,1782865916914580,True,True
290018175,7.19700000,0.52000000,474882053,474882053,1782865916950224,True,True
290018176,7.19700000,4.16000000,474882054,474882054,1782865922228309,False,True
290018177,7.19600000,1.51000000,474882055,474882057,1782865936687344,True,True
290018178,7.19600000,53.53000000,474882058,474882058,1782865941663003,True,True
290018179,7.19600000,31.41000000,474882059,474882059,1782865941663891,True,True
290018180,7.19600000,54.79000000,474882060,474882062,1782865941664504,True,True
290018181,7.19500000,53.53000000,474882063,474882068,1782865941665858,True,True
290018182,7.19400000,3.58000000,474882069,474882072,1782865941749553,True,True
290018183,7.19300000,2.20000000,474882073,474882075,1782865941928696,True,True
290018184,7.19300000,0.72000000,474882076,474882076,1782865944435428,True,True
290018185,7.19300000,18.31000000,474882077,474882079,1782865944941306,False,True
290018186,7.19400000,2.48000000,474882080,474882082,1782865947731408,False,True
290018187,7.19500000,3.25000000,474882083,474882086,1782865949790350,False,True
290018188,7.19600000,3.25000000,474882087,474882090,1782865950791472,False,True
290018189,7.19700000,2.92000000,474882091,474882094,1782865951100915,False,True
290018190,7.19800000,3.25000000,474882095,474882098,1782865952209230,False,True
290018191,7.19900000,3.25000000,474882099,474882102,1782865952362983,False,True
290018192,7.20000000,4.30000000,474882103,474882107,1782865953068628,False,True
290018193,7.20100000,4.70000000,474882108,474882111,1782865957164640,False,True
290018194,7.20000000,3.25000000,474882112,474882113,1782865962109890,True,True
290018195,7.20000000,53.53000000,474882114,474882114,1782865962109982,True,True
290018196,7.20000000,53.53000000,474882115,474882115,1782865962112389,True,True
290018197,7.20000000,60.15000000,474882116,474882119,1782865962113950,True,True
290018198,7.19900000,1.43000000,474882120,474882121,1782865962217807,True,True
290018199,7.19800000,2.20000000,474882122,474882124,1782865964530341,True,True
290018200,7.19800000,0.72000000,474882125,474882125,1782865971176616,True,True
290018201,7.19800000,1.44000000,474882126,474882127,1782865974124407,False,True
290018202,7.19900000,0.69000000,474882128,474882128,1782865978219408,False,True
290018203,7.19900000,1.79000000,474882129,474882131,1782865980735766,False,True
290018204,7.20000000,3.25000000,474882132,474882135,1782865980848257,False,True
290018205,7.19900000,1.43000000,474882136,474882137,1782865985019796,True,True
290018206,7.19800000,3.25000000,474882138,474882140,1782865987979934,True,True
290018207,7.19800000,23.26000000,474882141,474882141,1782865987981121,True,True
290018208,7.19800000,38.48000000,474882142,474882142,1782865987983961,True,True
290018209,7.19800000,1.58000000,474882143,474882143,1782865988001545,True,True
290018210,7.19800000,2.79000000,474882144,474882144,1782865988012906,True,True
290018211,7.19800000,71.49000000,474882145,474882147,1782865988116065,True,True
290018212,7.19700000,14.46000000,474882148,474882151,1782865991904016,True,True
290018213,7.19700000,1.44000000,474882152,474882153,1782865991927727,True,True
290018214,7.19700000,1.44000000,474882154,474882155,1782866010906663,False,True
290018215,7.19800000,2.48000000,474882156,474882158,1782866016214974,False,True
290018216,7.19900000,2.20000000,474882159,474882161,1782866023095794,False,True
290018217,7.20000000,2.20000000,474882162,474882164,1782866023886940,False,True
290018218,7.20000000,1.44000000,474882165,474882166,1782866026122946,True,True
290018219,7.20000000,1.44000000,474882167,474882168,1782866029907492,False,True
290018220,7.20000000,0.72000000,474882169,474882169,1782866032294947,True,True
290018221,7.20000000,30.53000000,474882170,474882171,1782866033137842,False,True
290018222,7.19900000,2.75000000,474882172,474882172,1782866036562210,True,True
290018223,7.19900000,3.64000000,474882173,474882174,1782866046660692,True,True
290018224,7.19900000,16.87000000,474882175,474882175,1782866046674610,True,True
290018225,7.19900000,21.21000000,474882176,474882176,1782866046708914,True,True
290018226,7.19900000,34.92000000,474882177,474882177,1782866046714644,True,True
290018227,7.19900000,8.93000000,474882178,474882178,1782866046724984,True,True
290018228,7.19900000,55.23000000,474882179,474882182,1782866046738931,True,True
290018229,7.19900000,0.72000000,474882183,474882183,1782866059752937,False,True
290018230,7.19900000,7.78000000,474882184,474882186,1782866061486012,True,True
290018231,7.19900000,2.08000000,474882187,474882187,1782866075910405,False,True
290018232,7.19900000,10.72000000,474882188,474882189,1782866078265436,False,True
290018233,7.19900000,1.05000000,474882190,474882190,1782866109124994,True,True
290018234,7.19900000,1.05000000,474882191,474882191,1782866109125056,True,True
290018235,7.19900000,1.05000000,474882192,474882192,1782866109125102,True,True
290018236,7.19900000,169.72000000,474882193,474882197,1782866109146025,True,True
290018237,7.19900000,1.44000000,474882198,474882199,1782866111208217,True,True
290018238,7.19800000,140.85000000,474882200,474882204,1782866114067450,True,True
290018239,7.19700000,3.85000000,474882205,474882209,1782866114176058,True,True
290018240,7.19600000,2.00000000,474882210,474882212,1782866117426441,True,True
290018241,7.19600000,0.72000000,474882213,474882213,1782866123135800,True,True
290018242,7.19500000,2.92000000,474882214,474882217,1782866126993892,True,True
290018243,7.19400000,2.20000000,474882218,474882220,1782866127094435,True,True
290018244,7.19300000,2.20000000,474882221,474882223,1782866129716614,True,True
290018245,7.19200000,0.89000000,474882224,474882225,1782866129716614,True,True
290018246,7.19300000,46.30000000,474882226,474882226,1782866129972294,False,True
290018247,7.19400000,1.39000000,474882227,474882227,1782866130770093,False,True
290018248,7.19200000,7.83000000,474882228,474882230,1782866138670401,True,True
290018249,7.19100000,3.61000000,474882231,474882234,1782866138762822,True,True
290018250,7.19000000,2.20000000,474882235,474882237,1782866143525163,True,True
290018251,7.19000000,0.69000000,474882238,474882238,1782866159645348,False,True
290018252,7.19000000,269.70000000,474882239,474882243,1782866167337554,True,True
290018253,7.19100000,164.81000000,474882244,474882248,1782866188209327,False,True
290018254,7.19200000,678.75000000,474882249,474882260,1782866188209327,False,True
290018255,7.19300000,397.84000000,474882261,474882272,1782866188209327,False,True
290018256,7.19400000,533.01000000,474882273,474882289,1782866188209327,False,True
290018257,7.19500000,1359.27000000,474882290,474882305,1782866188209327,False,True
290018258,7.19600000,815.42000000,474882306,474882317,1782866188209327,False,True
290018259,7.19500000,29.60000000,474882318,474882318,1782866188211009,True,True
290018260,7.19500000,29.60000000,474882319,474882319,1782866188211108,True,True
290018261,7.19600000,0.77000000,474882320,474882320,1782866188211242,False,True
290018262,7.19500000,27.90000000,474882321,474882321,1782866188211266,True,True
290018263,7.19500000,59.44000000,474882322,474882323,1782866188211600,True,True
290018264,7.19500000,59.44000000,474882324,474882325,1782866188211664,True,True
290018265,7.19500000,35.54000000,474882326,474882326,1782866188211835,True,True
290018266,7.19500000,9.42000000,474882327,474882327,1782866188212665,True,True
290018267,7.19300000,0.77000000,474882328,474882328,1782866189210850,True,True
290018268,7.19300000,144.15000000,474882329,474882331,1782866200002189,True,True
290018269,7.19300000,1.39000000,474882332,474882332,1782866200131202,False,True
290018270,7.19200000,0.71000000,474882333,474882333,1782866201001838,True,True
290018271,7.19300000,1.82000000,474882334,474882336,1782866224618902,False,True
290018272,7.19300000,30.00000000,474882337,474882337,1782866234973747,True,True
290018273,7.19400000,2.20000000,474882338,474882340,1782866236499154,False,True
290018274,7.19500000,3.25000000,474882341,474882344,1782866236620756,False,True
290018275,7.19600000,2.78000000,474882345,474882347,1782866250004732,False,True
290018276,7.19500000,143.88000000,474882348,474882351,1782866257325847,True,True
290018277,7.19500000,0.72000000,474882352,474882352,1782866274926628,True,True
290018278,7.19600000,1.43000000,474882353,474882354,1782866292314965,False,True
290018279,7.19700000,2.20000000,474882355,474882357,1782866301858842,False,True
290018280,7.19800000,191.49000000,474882358,474882362,1782866301862829,False,True
290018281,7.19800000,0.72000000,474882363,474882363,1782866301910866,False,True
290018282,7.19900000,2.90000000,474882364,474882367,1782866302441254,False,True
290018283,7.19900000,0.99000000,474882368,474882368,1782866309219202,True,True
290018284,7.19900000,8.35000000,474882369,474882369,1782866310036923,True,True
290018285,7.19900000,5.45000000,474882370,474882370,1782866311815946,True,True
290018286,7.19900000,133.92000000,474882371,474882373,1782866311818540,True,True
290018287,7.19800000,16.87000000,474882374,474882375,1782866311823461,True,True
290018288,7.19800000,1.44000000,474882376,474882377,1782866312527732,True,True
290018289,7.19700000,140.85000000,474882378,474882382,1782866316551704,True,True
290018290,7.19600000,2.92000000,474882383,474882386,1782866316643350,True,True
290018291,7.19500000,2.92000000,474882387,474882390,1782866323045805,True,True
290018292,7.19400000,3.64000000,474882391,474882395,1782866325985973,True,True
290018293,7.19300000,2.20000000,474882396,474882398,1782866326104321,True,True
290018294,7.19200000,1.48000000,474882399,474882400,1782866329291801,True,True
290018295,7.19100000,3.94000000,474882401,474882405,1782866329291801,True,True
290018296,7.19000000,1.18000000,474882406,474882406,1782866329291801,True,True
290018297,7.19000000,1.39000000,474882407,474882407,1782866330276087,True,True
290018298,7.19100000,0.72000000,474882408,474882408,1782866341466492,False,True
290018299,7.19200000,6.69000000,474882409,474882409,1782866341793924,False,True
290018300,7.19200000,0.94000000,474882410,474882411,1782866348046122,False,True
290018301,7.19200000,139.37000000,474882412,474882414,1782866366785892,True,True
290018302,7.19100000,2.15000000,474882415,474882417,1782866371423950,True,True
290018303,7.19000000,3.62000000,474882418,474882421,1782866388795516,True,True
290018304,7.18900000,2.91000000,474882422,474882425,1782866388923085,True,True
290018305,7.18900000,5.82000000,474882426,474882426,1782866405969716,True,True
290018306,7.18900000,132.11000000,474882427,474882427,1782866406746009,True,True
290018307,7.19000000,59.09000000,474882428,474882430,1782866441766260,False,True
290018308,7.19100000,269.10000000,474882431,474882439,1782866441769098,False,True
290018309,7.19100000,70.30000000,474882440,474882440,1782866441769728,False,True
290018310,7.19100000,103.70000000,474882441,474882441,1782866441771966,False,True
290018311,7.19100000,83.57000000,474882442,474882443,1782866441773043,False,True
290018312,7.19100000,0.84000000,474882444,474882444,1782866441774180,False,True
290018313,7.19100000,0.72000000,474882445,474882445,1782866445953834,True,True
290018314,7.19100000,6.09000000,474882446,474882446,1782866458925694,False,True
290018315,7.19000000,102.10000000,474882447,474882448,1782866463555369,True,True
290018316,7.19000000,152.44000000,474882449,474882451,1782866463557059,True,True
290018317,7.18900000,259.59000000,474882452,474882457,1782866463559855,True,True
290018318,7.18800000,3.04000000,474882458,474882461,1782866466976131,True,True
290018319,7.18800000,0.72000000,474882462,474882462,1782866473644155,True,True
290018320,7.18800000,0.97000000,474882463,474882463,1782866479700190,True,True
290018321,7.18800000,0.72000000,474882464,474882464,1782866480046018,True,True
290018322,7.18800000,18.52000000,474882465,474882466,1782866480643775,False,True
290018323,7.18900000,2.15000000,474882467,474882469,1782866492185174,False,True
290018324,7.18900000,1.39000000,474882470,474882470,1782866514650961,True,True
290018325,7.18900000,0.94000000,474882471,474882472,1782866526954325,True,True
290018326,7.19000000,6.38000000,474882473,474882475,1782866530785390,False,True
290018327,7.19000000,381.16000000,474882476,474882485,1782866534552466,False,True
290018328,7.19100000,33.30000000,474882486,474882486,1782866534553822,False,True
290018329,7.19100000,277.09000000,474882487,474882494,1782866534554031,False,True
290018330,7.19100000,13.47000000,474882495,474882495,1782866534561385,True,True
290018331,7.19200000,2.20000000,474882496,474882498,1782866539530822,False,True
290018332,7.19300000,1.63000000,474882499,474882500,1782866547119893,False,True
290018333,7.19200000,0.72000000,474882501,474882501,1782866547160317,True,True
290018334,7.19100000,66.80000000,474882502,474882503,1782866556901460,True,True
290018335,7.19100000,74.60000000,474882504,474882505,1782866556901645,True,True
290018336,7.19100000,4.35000000,474882506,474882508,1782866556907496,True,True
290018337,7.19100000,2.88000000,474882509,474882512,1782866556984039,True,True
290018338,7.19000000,2.92000000,474882513,474882516,1782866557156052,True,True
290018339,7.19000000,314.38000000,474882517,474882519,1782866562873911,True,True
290018340,7.18900000,56.25000000,474882520,474882523,1782866562873911,True,True
290018341,7.19000000,0.72000000,474882524,474882524,1782866602659536,True,True
290018342,7.18900000,11.37000000,474882525,474882525,1782866606477872,True,True
290018343,7.19000000,0.72000000,474882526,474882526,1782866611966768,False,True
290018344,7.19100000,11.76000000,474882527,474882529,1782866612005230,False,True
290018345,7.19200000,41.07000000,474882530,474882532,1782866625341540,False,True
290018346,7.19100000,1.43000000,474882533,474882533,1782866630510021,True,True
290018347,7.19200000,2.84000000,474882534,474882534,1782866668214015,True,True
290018348,7.19300000,3.88000000,474882535,474882538,1782866676567807,False,True
290018349,7.19300000,0.72000000,474882539,474882539,1782866686273719,False,True
290018350,7.19300000,125.66000000,474882540,474882540,1782866719200539,True,True
290018351,7.19300000,12.28000000,474882541,474882543,1782866719201369,True,True
290018352,7.19300000,1.02000000,474882544,474882544,1782866719601331,False,True
290018353,7.19200000,1.43000000,474882545,474882546,1782866719603774,True,True
290018354,7.19200000,1.44000000,474882547,474882548,1782866728624825,False,True
290018355,7.19300000,2.48000000,474882549,474882551,1782866728753811,False,True
290018356,7.19400000,187.83000000,474882552,474882560,1782866728753811,False,True
290018357,7.19500000,344.02000000,474882561,474882571,1782866728753811,False,True
290018358,7.19500000,116.37000000,474882572,474882573,1782866728755295,False,True
290018359,7.19600000,43.59000000,474882574,474882576,1782866741486658,False,True
290018360,7.19600000,0.91000000,474882577,474882577,1782866741486923,False,True
290018361,7.19600000,39.71000000,474882578,474882579,1782866741487004,False,True
290018362,7.19700000,12.43000000,474882580,474882582,1782866741921106,False,True
290018363,7.19700000,5.24000000,474882583,474882583,1782866741921895,False,True
290018364,7.19700000,17.52000000,474882584,474882584,1782866741922088,False,True
290018365,7.19700000,1.98000000,474882585,474882586,1782866741922349,False,True
290018366,7.19700000,1.44000000,474882587,474882588,1782866746444046,True,True
290018367,7.19700000,1.42000000,474882589,474882590,1782866756497230,False,True
290018368,7.19800000,3.16000000,474882591,474882593,1782866756497230,False,True
290018369,7.19800000,8.42000000,474882594,474882594,1782866762340098,False,True
290018370,7.19800000,75.54000000,474882595,474882599,1782866762340184,False,True
290018371,7.19900000,4.20000000,474882600,474882604,1782866765202414,False,True
290018372,7.19900000,36.54000000,474882605,474882605,1782866767236121,True,True
290018373,7.19900000,5.24000000,474882606,474882606,1782866767239701,True,True
290018374,7.20000000,3.76000000,474882607,474882611,1782866769499340,False,True
290018375,7.20000000,2.84000000,474882612,474882612,1782866780847010,True,True
290018376,7.20000000,136.53000000,474882613,474882615,1782866780850203,True,True
290018377,7.19900000,1.43000000,474882616,474882617,1782866781093413,True,True
290018378,7.19800000,2.28000000,474882618,474882621,1782866784529647,True,True
290018379,7.19800000,0.64000000,474882622,474882622,1782866784530343,True,True
290018380,7.19700000,2.84000000,474882623,474882626,1782866784540373,True,True
290018381,7.19700000,0.72000000,474882627,474882627,1782866784582346,True,True
290018382,7.19600000,2.20000000,474882628,474882630,1782866786468185,True,True
290018383,7.19500000,2.84000000,474882631,474882634,1782866786471816,True,True
290018384,7.19500000,0.72000000,474882635,474882635,1782866786556459,True,True
290018385,7.19500000,0.97000000,474882636,474882637,1782866796516549,False,True
290018386,7.19500000,3.14000000,474882638,474882639,1782866812962714,True,True
290018387,7.19600000,1.43000000,474882640,474882641,1782866824780076,False,True
290018388,7.19700000,2.92000000,474882642,474882645,1782866828211765,False,True
290018389,7.19800000,1.38000000,474882646,474882647,1782866835577250,False,True
290018390,7.19700000,138.65000000,474882648,474882649,1782866839838872,True,True
290018391,7.19600000,315.88000000,474882650,474882656,1782866839838872,True,True
290018392,7.19500000,802.30000000,474882657,474882670,1782866839838872,True,True
290018393,7.19400000,81.27000000,474882671,474882674,1782866839838872,True,True
290018394,7.19400000,2.84000000,474882675,474882675,1782866839842531,True,True
290018395,7.19600000,2.15000000,474882676,474882678,1782866842946682,False,True
290018396,7.19600000,2.84000000,474882679,474882679,1782866854748061,True,True
290018397,7.19600000,137.25000000,474882680,474882683,1782866854856029,True,True
290018398,7.19500000,55.98000000,474882684,474882686,1782866859815915,True,True
290018399,7.19500000,84.82000000,474882687,474882689,1782866859819241,True,True
290018400,7.19500000,0.72000000,474882690,474882690,1782866882001714,False,True
290018401,7.19500000,94.50000000,474882691,474882692,1782866888089150,True,True
290018402,7.19500000,53.24000000,474882693,474882693,1782866888090142,True,True
290018403,7.19500000,3.72000000,474882694,474882695,1782866888091751,True,True
290018404,7.19400000,2.20000000,474882696,474882698,1782866888655346,True,True
290018405,7.19400000,11.45000000,474882699,474882701,1782866931966291,False,True
290018406,7.19500000,2.16000000,474882702,474882704,1782866932266617,False,True
290018407,7.19600000,2.93000000,474882705,474882708,1782866934203399,False,True
290018408,7.19700000,7.08000000,474882709,474882713,1782866935185607,False,True
290018409,7.19700000,2.84000000,474882714,474882716,1782866940866608,True,True
290018410,7.19700000,2.16000000,474882717,474882717,1782866940866802,True,True
290018411,7.19700000,134.38000000,474882718,474882718,1782866940867069,True,True
290018412,7.19600000,206.15000000,474882719,474882723,1782866940869422,True,True
290018413,7.19500000,7.08000000,474882724,474882724,1782866941584527,True,True
290018414,7.19600000,4.98000000,474882725,474882725,1782866943984823,False,True
290018415,7.19500000,2.00000000,474882726,474882728,1782866944825336,True,True
290018416,7.19600000,10.72000000,474882729,474882730,1782866945660025,False,True
290018417,7.19600000,1.44000000,474882731,474882732,1782866945661743,False,True
290018418,7.19600000,111.42000000,474882733,474882733,1782866961121388,True,True
290018419,7.19600000,27.95000000,474882734,474882736,1782866961177555,True,True
290018420,7.19500000,2.84000000,474882737,474882740,1782866961215233,True,True
290018421,7.19500000,6.18000000,474882741,474882742,1782866962055237,True,True
290018422,7.19500000,0.72000000,474882743,474882743,1782866962057679,True,True
290018423,7.19500000,3.62000000,474882744,474882744,1782866962737275,False,True
290018424,7.19500000,2.58000000,474882745,474882745,1782866978585211,False,True
290018425,7.19500000,0.72000000,474882746,474882746,1782866998575762,False,True
290018426,7.19600000,10.45000000,474882747,474882749,1782867016353496,False,True
290018427,7.19600000,1.44000000,474882750,474882751,1782867025742372,False,True
290018428,7.19700000,0.97000000,474882752,474882753,1782867030018867,False,True
290018429,7.19700000,10.00000000,474882754,474882756,1782867035166480,False,True
290018430,7.19700000,0.72000000,474882757,474882757,1782867060627742,True,True
290018431,7.19700000,0.79000000,474882758,474882758,1782867069549306,False,True
290018432,7.19800000,1.53000000,474882759,474882761,1782867093284511,False,True
290018433,7.19900000,133.67000000,474882762,474882767,1782867093345381,False,True
290018434,7.19900000,41.02000000,474882768,474882768,1782867105400600,True,True
290018435,7.20000000,2.92000000,474882769,474882772,1782867111144599,False,True
290018436,7.20100000,63.23000000,474882773,474882778,1782867111144599,False,True
290018437,7.20100000,491.09000000,474882779,474882784,1782867116586822,True,True
290018438,7.20200000,4.26000000,474882785,474882789,1782867124868927,False,True
290018439,7.20300000,3.00000000,474882790,474882794,1782867152112217,False,True
290018440,7.20300000,1.44000000,474882795,474882796,1782867162004780,False,True
290018441,7.20400000,77.30000000,474882797,474882799,1782867162136386,False,True
290018442,7.20400000,7.03000000,474882800,474882801,1782867162138704,False,True
290018443,7.20500000,4.94000000,474882802,474882807,1782867162190598,False,True
290018444,7.20600000,4.87000000,474882808,474882813,1782867163955306,False,True
290018445,7.20700000,5.07000000,474882814,474882818,1782867164080359,False,True
290018446,7.20800000,47.52000000,474882819,474882821,1782867164236741,False,True
290018447,7.20800000,0.72000000,474882822,474882822,1782867164237167,False,True
290018448,7.20900000,2.20000000,474882823,474882825,1782867164811556,False,True
290018449,7.21000000,133.23000000,474882826,474882831,1782867164813311,False,True
290018450,7.21000000,48.43000000,474882832,474882832,1782867164849165,True,True
290018451,7.21000000,8.57000000,474882833,474882834,1782867165222869,True,True
290018452,7.20900000,0.71000000,474882835,474882835,1782867165628302,True,True
290018453,7.20800000,2.92000000,474882836,474882839,1782867167282446,True,True
290018454,7.20700000,2.15000000,474882840,474882842,1782867167732734,True,True
290018455,7.20600000,2.84000000,474882843,474882846,1782867167750676,True,True
290018456,7.20600000,2.18000000,474882847,474882849,1782867167787211,True,True
290018457,7.20600000,223.97000000,474882850,474882853,1782867169063663,False,True
290018458,7.20700000,2.15000000,474882854,474882856,1782867177123433,False,True
290018459,7.20800000,3.25000000,474882857,474882860,1782867178019490,False,True
290018460,7.20800000,0.72000000,474882861,474882861,1782867180995821,True,True
290018461,7.20700000,12.72000000,474882862,474882864,1782867184549769,True,True
290018462,7.20700000,127.36000000,474882865,474882866,1782867187570087,True,True
290018463,7.20700000,10.15000000,474882867,474882867,1782867198607434,True,True
290018464,7.20700000,29.70000000,474882868,474882868,1782867198608047,True,True
290018465,7.20700000,5.30000000,474882869,474882869,1782867198793690,True,True
290018466,7.20700000,53.53000000,474882870,474882870,1782867198794027,True,True
290018467,7.20700000,2.84000000,474882871,474882871,1782867198858787,True,True
290018468,7.20700000,37.85000000,474882872,474882874,1782867198858792,True,True
290018469,7.20600000,2.20000000,474882875,474882877,1782867204207506,True,True
290018470,7.20500000,1.48000000,474882878,474882879,1782867204585673,True,True
290018471,7.20400000,1.09000000,474882880,474882881,1782867207975146,True,True
290018472,7.20400000,17.39000000,474882882,474882883,1782867217850247,True,True
290018473,7.20400000,20.94000000,474882884,474882884,1782867217850737,True,True
290018474,7.20400000,53.53000000,474882885,474882885,1782867217850855,True,True
290018475,7.20400000,0.72000000,474882886,474882886,1782867217853441,True,True
290018476,7.20300000,2.20000000,474882887,474882889,1782867218706124,True,True
290018477,7.20300000,145.01000000,474882890,474882893,1782867249197418,True,True
290018478,7.20200000,2.92000000,474882894,474882897,1782867250640847,True,True
290018479,7.20100000,2.20000000,474882898,474882900,1782867251001493,True,True
290018480,7.20000000,2.20000000,474882901,474882903,1782867252214239,True,True
290018481,7.19900000,2.20000000,474882904,474882906,1782867254158653,True,True
290018482,7.19900000,0.72000000,474882907,474882907,1782867269105669,False,True
290018483,7.20000000,110.06000000,474882908,474882912,1782867269133542,False,True
290018484,7.19900000,1.43000000,474882913,474882914,1782867272867695,True,True
290018485,7.19900000,139.37000000,474882915,474882917,1782867292944427,True,True
290018486,7.19900000,6.36000000,474882918,474882919,1782867314627935,False,True
290018487,7.20000000,1.43000000,474882920,474882921,1782867326325478,False,True
290018488,7.20100000,52.05000000,474882922,474882926,1782867326353745,False,True
290018489,7.20200000,3.25000000,474882927,474882930,1782867330931346,False,True
290018490,7.20200000,22.23000000,474882931,474882931,1782867350903665,True,True
290018491,7.20300000,2.20000000,474882932,474882934,1782867360376596,False,True
290018492,7.20400000,5.02000000,474882935,474882940,1782867360686330,False,True
290018493,7.20500000,2.09000000,474882941,474882943,1782867376839681,False,True
290018494,7.20400000,138.65000000,474882944,474882945,1782867393737062,True,True
290018495,7.20300000,1.43000000,474882946,474882947,1782867394316158,True,True
290018496,7.20300000,1.44000000,474882948,474882949,1782867423506369,False,True
290018497,7.20400000,0.88000000,474882950,474882951,1782867432781268,False,True
290018498,7.20400000,3.75000000,474882952,474882952,1782867451089476,False,True
290018499,7.20400000,0.72000000,474882953,474882953,1782867471869054,False,True
290018500,7.20400000,5.26000000,474882954,474882954,1782867485885434,True,True
290018501,7.20400000,21.72000000,474882955,474882956,1782867492558541,True,True
290018502,7.20400000,53.53000000,474882957,474882957,1782867492558796,True,True
290018503,7.20400000,19.57000000,474882958,474882958,1782867492558861,True,True
290018504,7.20400000,35.90000000,474882959,474882959,1782867492559080,True,True
290018505,7.20400000,7.24000000,474882960,474882960,1782867492559118,True,True
290018506,7.20400000,4.71000000,474882961,474882962,1782867492559206,True,True
290018507,7.20300000,2.15000000,474882963,474882965,1782867492963634,True,True
290018508,7.20200000,2.20000000,474882966,474882968,1782867497013619,True,True
290018509,7.20100000,2.39000000,474882969,474882971,1782867497013619,True,True
290018510,7.20100000,1.56000000,474882972,474882974,1782867514091580,True,True
290018511,7.20100000,2.82000000,474882975,474882975,1782867545945968,False,True
290018512,7.20000000,153.13000000,474882976,474882980,1782867555511425,True,True
290018513,7.20000000,80.72000000,474882981,474882982,1782867574164433,False,True
290018514,7.20100000,1.43000000,474882983,474882984,1782867585526784,False,True
290018515,7.20100000,0.96000000,474882985,474882985,1782867601941189,True,True
290018516,7.20200000,2.20000000,474882986,474882988,1782867604031744,False,True
290018517,7.20300000,1.48000000,474882989,474882990,1782867609008296,False,True
290018518,7.20400000,2.20000000,474882991,474882993,1782867636439519,False,True
290018519,7.20400000,7.67000000,474882994,474882994,1782867656200168,True,True
290018520,7.20400000,130.98000000,474882995,474882996,1782867656200439,True,True
290018521,7.20300000,152.36000000,474882997,474883000,1782867663078907,True,True
290018522,7.20200000,38.34000000,474883001,474883002,1782867673020910,True,True
290018523,7.20300000,8.10000000,474883003,474883003,1782867676807519,False,True
290018524,7.20300000,694.15000000,474883004,474883011,1782867687854396,False,True
290018525,7.20200000,8.09000000,474883012,474883013,1782867690478014,True,True
290018526,7.20200000,93.40000000,474883014,474883015,1782867691565917,True,True
290018527,7.20200000,584.57000000,474883016,474883024,1782867691597247,False,True
290018528,7.20100000,2.49000000,474883025,474883027,1782867697341810,True,True
290018529,7.20000000,115.26000000,474883028,474883032,1782867705256639,True,True
290018530,7.19900000,720.83000000,474883033,474883041,1782867705256639,True,True
290018531,7.19800000,447.65000000,474883042,474883054,1782867705256639,True,True
290018532,7.19800000,0.77000000,474883055,474883055,1782867705258581,True,True
290018533,7.20000000,4.05000000,474883056,474883058,1782867711787724,False,True
290018534,7.20100000,12.48000000,474883059,474883062,1782867711797119,False,True
290018535,7.20200000,1.24000000,474883063,474883063,1782867715358096,False,True
290018536,7.20200000,109.96000000,474883064,474883068,1782867716202512,False,True
290018537,7.20200000,0.72000000,474883069,474883069,1782867716212008,False,True
290018538,7.20300000,2.92000000,474883070,474883073,1782867720854395,False,True
290018539,7.20400000,4.30000000,474883074,474883078,1782867727441485,False,True
290018540,7.20400000,0.72000000,474883079,474883079,1782867730664816,True,True
290018541,7.20300000,140.08000000,474883080,474883083,1782867730769062,True,True
290018542,7.20200000,2.92000000,474883084,474883087,1782867732034886,True,True
290018543,7.20100000,140.85000000,474883088,474883092,1782867736152367,True,True
290018544,7.20000000,1.48000000,474883093,474883094,1782867737001731,True,True
290018545,7.19900000,2.92000000,474883095,474883098,1782867745376364,True,True
290018546,7.19800000,3.61000000,474883099,474883102,1782867754088092,True,True
290018547,7.19700000,4.78000000,474883103,474883107,1782867754803072,True,True
290018548,7.19700000,0.72000000,474883108,474883108,1782867767632387,False,True
290018549,7.19800000,7.81000000,474883109,474883109,1782867767632387,False,True
290018550,7.19800000,1.76000000,474883110,474883111,1782867772456073,False,True
290018551,7.19800000,26.47000000,474883112,474883112,1782867787602263,True,True
290018552,7.19800000,112.90000000,474883113,474883115,1782867795240558,True,True
290018553,7.19700000,1.20000000,474883116,474883117,1782867807658818,True,True
290018554,7.19800000,2.92000000,474883118,474883118,1782867815439332,False,True
290018555,7.19700000,3.67000000,474883119,474883122,1782867843157182,True,True
290018556,7.19700000,0.83000000,474883123,474883123,1782867844180688,False,True
290018557,7.19700000,2.00000000,474883124,474883124,1782867849513698,False,True
290018558,7.19600000,3.67000000,474883125,474883129,1782867852226182,True,True
290018559,7.19500000,2.93000000,474883130,474883133,1782867855376003,True,True
290018560,7.19400000,16.40000000,474883134,474883138,1782867855745536,True,True
290018561,7.19300000,2.93000000,474883139,474883142,1782867855956063,True,True
290018562,7.19200000,2.93000000,474883143,474883146,1782867857713403,True,True
290018563,7.19100000,183.27000000,474883147,474883153,1782867858934671,True,True
290018564,7.19100000,14.83000000,474883154,474883155,1782867860725365,False,True
290018565,7.19000000,3.98000000,474883156,474883160,1782867861786484,True,True
290018566,7.19000000,83.30000000,474883161,474883165,1782867865156916,False,True
290018567,7.19000000,64.41000000,474883166,474883166,1782867865156981,False,True
290018568,7.19000000,1.49000000,474883167,474883169,1782867865189348,False,True
290018569,7.19000000,1.39000000,474883170,474883171,1782867866915952,False,True
290018570,7.19100000,1.48000000,474883172,474883174,1782867868621663,False,True
290018571,7.19000000,37.55000000,474883175,474883175,1782867877399299,True,True
290018572,7.19000000,70.70000000,474883176,474883176,1782867877490173,True,True
290018573,7.19000000,2.56000000,474883177,474883177,1782867877491696,True,True
290018574,7.19000000,30.20000000,474883178,474883181,1782867877491706,True,True
290018575,7.18900000,4.04000000,474883182,474883186,1782867877936142,True,True
290018576,7.18800000,2.91000000,474883187,474883190,1782867895198992,True,True
290018577,7.18700000,129.20000000,474883191,474883195,1782867904280026,True,True
290018578,7.18700000,13.26000000,474883196,474883197,1782867904281286,True,True
290018579,7.18700000,0.93000000,474883198,474883199,1782867904315350,True,True
290018580,7.18600000,16.90000000,474883200,474883204,1782867906512136,True,True
290018581,7.18500000,1.48000000,474883205,474883206,1782867910973716,True,True
290018582,7.18500000,1.44000000,474883207,474883208,1782867911004551,True,True
290018583,7.18400000,2.20000000,474883209,474883211,1782867913974799,True,True
290018584,7.18300000,50.99000000,474883212,474883216,1782867915906727,True,True
290018585,7.18200000,3.11000000,474883217,474883220,1782867917105565,True,True
290018586,7.18100000,0.91000000,474883221,474883222,1782867917120215,True,True
290018587,7.18100000,1.57000000,474883223,474883224,1782867917147870,True,True
290018588,7.18000000,2.94000000,474883225,474883228,1782867921033431,True,True
290018589,7.17900000,15.53000000,474883229,474883232,1782867921104392,True,True
290018590,7.17900000,13.72000000,474883233,474883234,1782867921140903,True,True
290018591,7.17900000,1.60000000,474883235,474883236,1782867923376601,True,True
290018592,7.17800000,3.25000000,474883237,474883240,1782867923454215,True,True
290018593,7.17700000,2.20000000,474883241,474883243,1782867924293317,True,True
290018594,7.17800000,2.15000000,474883244,474883246,1782867926412855,False,True
290018595,7.17900000,2.28000000,474883247,474883250,1782867926818932,False,True
290018596,7.17900000,1.36000000,474883251,474883252,1782867926829871,False,True
290018597,7.17900000,2.00000000,474883253,474883253,1782867928372067,True,True
290018598,7.17900000,3.70000000,474883254,474883255,1782867934504528,True,True
290018599,7.17900000,163.16000000,474883256,474883258,1782867934507291,True,True
290018600,7.17800000,4.19000000,474883259,474883262,1782867940129056,True,True
290018601,7.17800000,1.44000000,474883263,474883264,1782867948219657,False,True
290018602,7.17800000,1.44000000,474883265,474883266,1782867952276759,False,True
290018603,7.17900000,2.15000000,474883267,474883269,1782867952525113,False,True
290018604,7.18000000,8.57000000,474883270,474883274,1782867955242848,False,True
290018605,7.18100000,2.28000000,474883275,474883278,1782867956006142,False,True
290018606,7.18100000,1.36000000,474883279,474883280,1782867956070222,False,True
290018607,7.18100000,100.10000000,474883281,474883281,1782867959318685,False,True
290018608,7.18100000,121.20000000,474883282,474883282,1782867959320446,False,True
290018609,7.18100000,42.71000000,474883283,474883283,1782867959321075,False,True
290018610,7.18100000,2.16000000,474883284,474883286,1782867959465230,False,True
290018611,7.18200000,115.29000000,474883287,474883290,1782867960132246,False,True
290018612,7.18300000,51.21000000,474883291,474883294,1782867961582311,False,True
290018613,7.18300000,139.37000000,474883295,474883297,1782867963801569,True,True
290018614,7.18200000,7.00000000,474883298,474883300,1782867964997101,True,True
290018615,7.18300000,0.72000000,474883301,474883301,1782867968967168,False,True
290018616,7.18300000,1.44000000,474883302,474883303,1782867970346790,True,True
290018617,7.18300000,0.91000000,474883304,474883304,1782867979696838,False,True
290018618,7.18300000,157.88000000,474883305,474883306,1782867979696898,False,True
290018619,7.18300000,27.85000000,474883307,474883307,1782867979697057,False,True
290018620,7.18300000,116.00000000,474883308,474883308,1782867979697087,False,True
290018621,7.18300000,9.38000000,474883309,474883309,1782867979697137,False,True
290018622,7.18300000,248.43000000,474883310,474883313,1782867985077428,True,True
290018623,7.18200000,316.24000000,474883314,474883320,1782867985077428,True,True
290018624,7.18100000,336.84000000,474883321,474883330,1782867985077428,True,True
290018625,7.18100000,168.81000000,474883331,474883333,1782867985083233,False,True
290018626,7.18200000,6.37000000,474883334,474883335,1782867989946734,True,True
290018627,7.18100000,388.83000000,474883336,474883342,1782867989946734,True,True
290018628,7.18100000,69.11000000,474883343,474883344,1782867989947833,True,True
290018629,7.18000000,2.62000000,474883345,474883348,1782867989981794,True,True
290018630,7.18000000,1.35000000,474883349,474883350,1782867990016064,True,True
290018631,7.17900000,16.25000000,474883351,474883355,1782867990039340,True,True
290018632,7.17800000,89.47000000,474883356,474883359,1782867990107992,True,True
290018633,7.17800000,1.49000000,474883360,474883361,1782867993632153,True,True
290018634,7.17700000,3.19000000,474883362,474883365,1782867997482852,True,True
290018635,7.17600000,1.48000000,474883366,474883367,1782867997921814,True,True
290018636,7.17500000,2.20000000,474883368,474883370,1782867998523320,True,True
290018637,7.17500000,169.69000000,474883371,474883373,1782868001384748,False,True
290018638,7.17600000,2.15000000,474883374,474883376,1782868002084060,False,True
290018639,7.17700000,12.92000000,474883377,474883381,1782868002688319,False,True
290018640,7.17700000,139.37000000,474883382,474883384,1782868008941809,True,True
290018641,7.17600000,13.71000000,474883385,474883386,1782868010249112,True,True
290018642,7.17500000,2.92000000,474883387,474883390,1782868012918339,True,True
290018643,7.17400000,2.20000000,474883391,474883393,1782868023677634,True,True
290018644,7.17300000,46.51000000,474883394,474883397,1782868023682881,True,True
290018645,7.17300000,19.15000000,474883398,474883398,1782868023683096,True,True
290018646,7.17300000,14.12000000,474883399,474883401,1782868023690539,True,True
290018647,7.17200000,2.53000000,474883402,474883404,1782868023707549,True,True
290018648,7.17200000,11.97000000,474883405,474883406,1782868023726346,True,True
290018649,7.17200000,23.96000000,474883407,474883407,1782868023733082,True,True
290018650,7.17200000,10.97000000,474883408,474883409,1782868026011305,False,True
290018651,7.17200000,89.69000000,474883410,474883410,1782868026755382,True,True
290018652,7.17300000,1.43000000,474883411,474883412,1782868027084856,False,True
290018653,7.17300000,1.44000000,474883413,474883414,1782868031577544,False,True
290018654,7.17400000,2.92000000,474883415,474883418,1782868034028848,False,True
290018655,7.17500000,2.20000000,474883419,474883421,1782868035317558,False,True
290018656,7.17600000,4.46000000,474883422,474883427,1782868035383394,False,True
290018657,7.17600000,1.28000000,474883428,474883429,1782868035385321,False,True
290018658,7.17600000,0.98000000,474883430,474883430,1782868036120212,True,True
290018659,7.17700000,2.20000000,474883431,474883433,1782868040612973,False,True
290018660,7.17800000,30.47000000,474883434,474883437,1782868057569914,False,True
290018661,7.17900000,2.20000000,474883438,474883440,1782868058249708,False,True
290018662,7.18000000,44.98000000,474883441,474883444,1782868060961096,False,True
290018663,7.18000000,23.38000000,474883445,474883446,1782868066535733,True,True
290018664,7.18000000,6.46000000,474883447,474883448,1782868066535983,True,True
290018665,7.17900000,152.17000000,474883449,474883452,1782868066641531,True,True
290018666,7.17900000,8.10000000,474883453,474883453,1782868070671491,False,True
290018667,7.17900000,130.30000000,474883454,474883455,1782868081097135,False,True
290018668,7.17900000,74.80000000,474883456,474883456,1782868081097399,False,True
290018669,7.17900000,19.78000000,474883457,474883459,1782868081098051,False,True
290018670,7.17800000,14.65000000,474883460,474883463,1782868082709724,True,True
290018671,7.17700000,3.25000000,474883464,474883467,1782868082762738,True,True
290018672,7.17700000,150.31000000,474883468,474883470,1782868092972413,True,True
290018673,7.17600000,2.20000000,474883471,474883473,1782868096295126,True,True
290018674,7.17500000,13.04000000,474883474,474883477,1782868098134621,True,True
290018675,7.17500000,0.08000000,474883478,474883478,1782868098134817,True,True
290018676,7.17400000,2.92000000,474883479,474883482,1782868109680335,True,True
290018677,7.17300000,64.66000000,474883483,474883486,1782868114238288,True,True
290018678,7.17300000,88.96000000,474883487,474883489,1782868114636249,True,True
290018679,7.17300000,19.19000000,474883490,474883491,1782868119806265,False,True
290018680,7.17300000,13.72000000,474883492,474883493,1782868121588629,True,True
290018681,7.17200000,13.88000000,474883494,474883496,1782868131399746,True,True
290018682,7.17100000,2.20000000,474883497,474883499,1782868132047217,True,True
290018683,7.17000000,10.34000000,474883500,474883504,1782868132514873,True,True
290018684,7.17100000,2.15000000,474883505,474883507,1782868134920233,False,True
290018685,7.17200000,2.92000000,474883508,474883511,1782868135343870,False,True
290018686,7.17200000,0.98000000,474883512,474883512,1782868136476844,True,True
290018687,7.17100000,1.43000000,474883513,474883514,1782868137123478,True,True
290018688,7.17000000,2.20000000,474883515,474883517,1782868140230639,True,True
290018689,7.17000000,1.44000000,474883518,474883519,1782868150570626,False,True
290018690,7.17100000,1.43000000,474883520,474883521,1782868156853328,False,True
290018691,7.17200000,0.43000000,474883522,474883522,1782868156853328,False,True
290018692,7.17100000,77.40000000,474883523,474883523,1782868171534634,True,True
290018693,7.17100000,17.64000000,474883524,474883524,1782868171534909,True,True
290018694,7.17100000,18.63000000,474883525,474883525,1782868171536016,True,True
290018695,7.17100000,25.70000000,474883526,474883528,1782868171536177,True,True
290018696,7.17000000,38.63000000,474883529,474883531,1782868177057722,True,True
290018697,7.17000000,76.49000000,474883532,474883532,1782868177060575,True,True
290018698,7.17000000,1.67000000,474883533,474883533,1782868177070411,True,True
290018699,7.17000000,2.07000000,474883534,474883534,1782868177082033,True,True
290018700,7.17000000,2.28000000,474883535,474883535,1782868177231188,True,True
290018701,7.17000000,32.62000000,474883536,474883538,1782868177232497,True,True
290018702,7.17000000,0.69000000,474883539,474883539,1782868177794675,False,True
290018703,7.17000000,13.94000000,474883540,474883540,1782868192059980,False,True
290018704,7.17000000,1.39000000,474883541,474883542,1782868196835157,False,True
290018705,7.16900000,38.47000000,474883543,474883546,1782868202947410,True,True
290018706,7.17000000,10.66000000,474883547,474883547,1782868203310274,False,True
290018707,7.17000000,13.94000000,474883548,474883549,1782868203961624,False,True
290018708,7.16900000,9.09000000,474883550,474883550,1782868215182540,True,True
290018709,7.16900000,53.53000000,474883551,474883551,1782868215182736,True,True
290018710,7.16900000,36.42000000,474883552,474883552,1782868215200680,True,True
290018711,7.16900000,2.07000000,474883553,474883553,1782868215297357,True,True
290018712,7.16900000,2.50000000,474883554,474883554,1782868215322792,True,True
290018713,7.16900000,1.87000000,474883555,474883555,1782868215420033,True,True
290018714,7.16900000,33.89000000,474883556,474883558,1782868215477565,True,True
290018715,7.16800000,37.29000000,474883559,474883564,1782868215808480,True,True
290018716,7.16700000,16.24000000,474883565,474883569,1782868215808480,True,True
290018717,7.16700000,41.38000000,474883570,474883570,1782868215808685,True,True
290018718,7.16700000,48.55000000,474883571,474883576,1782868215809742,True,True
290018719,7.16700000,27.09000000,474883577,474883577,1782868215811922,True,True
290018720,7.16600000,0.77000000,474883578,474883579,1782868215816161,True,True
290018721,7.16600000,22.83000000,474883580,474883584,1782868215849448,True,True
290018722,7.16600000,55.26000000,474883585,474883587,1782868215873750,True,True
290018723,7.16500000,53.53000000,474883588,474883593,1782868217154617,True,True
290018724,7.16500000,163.65000000,474883594,474883595,1782868217159404,True,True
290018725,7.16400000,8.67000000,474883596,474883601,1782868217340615,True,True
290018726,7.16300000,2.92000000,474883602,474883605,1782868217491450,True,True
290018727,7.16200000,3.49000000,474883606,474883607,1782868220947172,True,True
290018728,7.16200000,6.90000000,474883608,474883608,1782868221284538,True,True
290018729,7.16300000,13.96000000,474883609,474883609,1782868223110407,False,True
290018730,7.16200000,140.73000000,474883610,474883616,1782868224372402,True,True
290018731,7.16100000,6.72000000,474883617,474883620,1782868224551126,True,True
290018732,7.16000000,3.49000000,474883621,474883625,1782868225149490,True,True
290018733,7.16000000,0.48000000,474883626,474883626,1782868225357286,True,True
290018734,7.15900000,2.20000000,474883627,474883629,1782868226473771,True,True
290018735,7.15900000,0.72000000,474883630,474883630,1782868226473771,True,True
290018736,7.15800000,4.76000000,474883631,474883636,1782868227890753,True,True
290018737,7.15700000,17.51000000,474883637,474883642,1782868227907525,True,True
290018738,7.15600000,56.25000000,474883643,474883650,1782868227914386,True,True
290018739,7.15600000,10.76000000,474883651,474883651,1782868227918117,True,True
290018740,7.15500000,13.97000000,474883652,474883655,1782868228008988,True,True
290018741,7.15400000,6.80000000,474883656,474883659,1782868228011241,True,True
290018742,7.15500000,0.71000000,474883660,474883660,1782868228400307,False,True
290018743,7.15600000,0.71000000,474883661,474883661,1782868228939316,False,True
290018744,7.15700000,13.26000000,474883662,474883662,1782868228939316,False,True
290018745,7.15600000,1.44000000,474883663,474883664,1782868229267985,True,True
290018746,7.15500000,3.32000000,474883665,474883668,1782868235226572,True,True
290018747,7.15400000,0.91000000,474883669,474883669,1782868235246312,True,True
290018748,7.15400000,1.57000000,474883670,474883672,1782868235249446,True,True
290018749,7.15500000,13.97000000,474883673,474883673,1782868235894859,False,True
290018750,7.15400000,0.72000000,474883674,474883674,1782868237796675,True,True
290018751,7.15300000,35.05000000,474883675,474883680,1782868237796933,True,True
290018752,7.15300000,169.91000000,474883681,474883681,1782868237796986,True,True
290018753,7.15200000,53.77000000,474883682,474883687,1782868237796986,True,True
290018754,7.15100000,0.77000000,474883688,474883689,1782868237798834,True,True
290018755,7.15200000,2.16000000,474883690,474883692,1782868238273035,True,True
290018756,7.15100000,4.63000000,474883693,474883697,1782868238356920,True,True
290018757,7.15000000,128.12000000,474883698,474883707,1782868238873059,True,True
290018758,7.15000000,113.80000000,474883708,474883715,1782868238873805,True,True
290018759,7.14900000,91.40000000,474883716,474883723,1782868239183858,True,True
290018760,7.14900000,10.86000000,474883724,474883725,1782868240455680,False,True
290018761,7.15000000,12.46000000,474883726,474883729,1782868240498428,False,True
290018762,7.15100000,19.10000000,474883730,474883733,1782868242233471,False,True
290018763,7.15000000,13.98000000,474883734,474883734,1782868242580665,False,True
290018764,7.15000000,6.06000000,474883735,474883737,1782868244106566,False,True
290018765,7.15000000,1.44000000,474883738,474883739,1782868244927804,True,True
290018766,7.14900000,140.08000000,474883740,474883743,1782868247071187,True,True
290018767,7.14900000,1.44000000,474883744,474883745,1782868249877510,False,True
290018768,7.15000000,1.44000000,474883746,474883747,1782868249882068,False,True
290018769,7.15000000,86.61000000,474883748,474883753,1782868249884290,False,True
290018770,7.14900000,1.76000000,474883754,474883755,1782868250478636,True,True
290018771,7.14800000,6.06000000,474883756,474883760,1782868250624592,True,True
290018772,7.14800000,11.04000000,474883761,474883762,1782868250630333,True,True
290018773,7.14800000,13.98000000,474883763,474883763,1782868251207770,False,True
290018774,7.14700000,0.91000000,474883764,474883764,1782868251581381,True,True
290018775,7.14700000,9.90000000,474883765,474883770,1782868251728659,True,True
290018776,7.14600000,22.12000000,474883771,474883776,1782868251799829,True,True
290018777,7.14500000,41.21000000,474883777,474883778,1782868251860083,True,True
290018778,7.14500000,129.47000000,474883779,474883779,1782868251860272,True,True
290018779,7.14500000,38.15000000,474883780,474883780,1782868251860291,True,True
290018780,7.14500000,204.24000000,474883781,474883785,1782868251860521,True,True
290018781,7.14400000,2.92000000,474883786,474883789,1782868251886481,True,True
290018782,7.14300000,0.91000000,474883790,474883791,1782868253462512,True,True
290018783,7.14300000,39.30000000,474883792,474883794,1782868253462589,True,True
290018784,7.14200000,90.49000000,474883795,474883800,1782868253462589,True,True
290018785,7.14200000,34.30000000,474883801,474883801,1782868253462780,True,True
290018786,7.14200000,24.58000000,474883802,474883802,1782868253517184,True,True
290018787,7.14200000,80.56000000,474883803,474883806,1782868253585673,True,True
290018788,7.14300000,315.11000000,474883807,474883811,1782868253987832,False,True
290018789,7.14200000,16.54000000,474883812,474883813,1782868253988234,True,True
290018790,7.14300000,21.64000000,474883814,474883814,1782868253989149,False,True
290018791,7.14300000,40.99000000,474883815,474883815,1782868254046392,False,True
290018792,7.14300000,19.09000000,474883816,474883816,1782868254209598,False,True
290018793,7.14300000,93.23000000,474883817,474883817,1782868254341447,False,True
290018794,7.14300000,13.99000000,474883818,474883818,1782868256514541,False,True
290018795,7.14200000,1.43000000,474883819,474883820,1782868257096367,True,True
290018796,7.14100000,37.09000000,474883821,474883821,1782868257161535,True,True
290018797,7.14100000,2.23000000,474883822,474883822,1782868257190301,True,True
290018798,7.14100000,3.72000000,474883823,474883823,1782868257194774,True,True
290018799,7.14100000,51.09000000,474883824,474883829,1782868257195480,True,True
290018800,7.14000000,8.09000000,474883830,474883836,1782868257196045,True,True
290018801,7.13900000,21.30000000,474883837,474883839,1782868257196045,True,True
290018802,7.14000000,62.61000000,474883840,474883841,1782868257217963,False,True
290018803,7.14000000,59.15000000,474883842,474883842,1782868257219400,False,True
290018804,7.14200000,16.85000000,474883843,474883844,1782868257960337,False,True
290018805,7.14100000,33.56000000,474883845,474883845,1782868258090766,True,True
290018806,7.14100000,41.76000000,474883846,474883846,1782868258090864,True,True
290018807,7.14100000,0.92000000,474883847,474883847,1782868258090979,True,True
290018808,7.14100000,149.43000000,474883848,474883848,1782868258091027,True,True
290018809,7.14000000,110.49000000,474883849,474883851,1782868258091027,True,True
290018810,7.14000000,1.44000000,474883852,474883853,1782868260165858,True,True
290018811,7.13900000,15.67000000,474883854,474883858,1782868260337459,True,True
290018812,7.13800000,12.33000000,474883859,474883863,1782868260761188,True,True
290018813,7.13800000,0.92000000,474883864,474883864,1782868260798811,True,True
290018814,7.13900000,10.00000000,474883865,474883865,1782868260962696,False,True
290018815,7.13900000,1.44000000,474883866,474883867,1782868261157070,True,True
290018816,7.14000000,40.63000000,474883868,474883869,1782868263248075,False,True
290018817,7.14000000,12.07000000,474883870,474883870,1782868263255387,False,True
290018818,7.14000000,0.72000000,474883871,474883871,1782868265306785,False,True
290018819,7.14000000,70.70000000,474883872,474883873,1782868265513645,True,True
290018820,7.14100000,55.74000000,474883874,474883877,1782868266012821,False,True
290018821,7.14200000,304.92000000,474883878,474883886,1782868266012821,False,True
290018822,7.14300000,59.47000000,474883887,474883888,1782868266012821,False,True
290018823,7.14300000,132.57000000,474883889,474883893,1782868267044455,False,True
290018824,7.14400000,287.45000000,474883894,474883903,1782868267044455,False,True
290018825,7.14400000,80.72000000,474883904,474883905,1782868268075243,False,True
290018826,7.14500000,240.24000000,474883906,474883915,1782868268075243,False,True
290018827,7.14600000,99.00000000,474883916,474883918,1782868268075243,False,True
290018828,7.14500000,6.20000000,474883919,474883919,1782868268084449,True,True
290018829,7.14600000,125.97000000,474883920,474883925,1782868269110389,False,True
290018830,7.14700000,253.25000000,474883926,474883933,1782868269110389,False,True
290018831,7.14700000,71.97000000,474883934,474883935,1782868269917517,False,True
290018832,7.14800000,73.40000000,474883936,474883944,1782868269918140,False,True
290018833,7.14800000,226.90000000,474883945,474883947,1782868269918252,False,True
290018834,7.14800000,62.90000000,474883948,474883948,1782868269920209,False,True
290018835,7.14800000,6.25000000,474883949,474883949,1782868269925277,False,True
290018836,7.14800000,113.71000000,474883950,474883950,1782868269930760,False,True
290018837,7.14900000,0.77000000,474883951,474883951,1782868269931602,False,True
290018838,7.14700000,1.76000000,474883952,474883953,1782868270159336,True,True
290018839,7.14600000,2.15000000,474883954,474883956,1782868273200702,True,True
290018840,7.14500000,2.20000000,474883957,474883959,1782868273595230,True,True
290018841,7.14400000,2.20000000,474883960,474883962,1782868273897689,True,True
290018842,7.14400000,0.72000000,474883963,474883963,1782868279661140,False,True
290018843,7.14500000,1.43000000,474883964,474883965,1782868279926367,False,True
290018844,7.14600000,2.92000000,474883966,474883969,1782868281201936,False,True
290018845,7.14700000,4.19000000,474883970,474883972,1782868281408323,False,True
290018846,7.14600000,69.63000000,474883973,474883974,1782868283391908,False,True
290018847,7.14500000,1.43000000,474883975,474883976,1782868283680729,True,True
290018848,7.14400000,153.46000000,474883977,474883981,1782868283683834,True,True
290018849,7.14500000,129.21000000,474883982,474883983,1782868285400384,False,True
290018850,7.14600000,2.48000000,474883984,474883986,1782868285438256,False,True
290018851,7.14700000,2.20000000,474883987,474883989,1782868290050974,False,True
290018852,7.14600000,153.41000000,474883990,474883994,1782868293473791,True,True
290018853,7.14500000,3.37000000,474883995,474883999,1782868293507942,True,True
290018854,7.14500000,1.32000000,474884000,474884001,1782868293533316,True,True
290018855,7.14600000,1.43000000,474884002,474884003,1782868299363763,False,True
290018856,7.14600000,1.44000000,474884004,474884005,1782868301196944,True,True
290018857,7.14500000,140.08000000,474884006,474884009,1782868302964341,True,True
290018858,7.14400000,2.92000000,474884010,474884013,1782868303840927,True,True
290018859,7.14300000,2.20000000,474884014,474884016,1782868304594032,True,True
290018860,7.14200000,2.21000000,474884017,474884019,1782868304858386,True,True
290018861,7.14100000,3.27000000,474884020,474884023,1782868304930474,True,True
290018862,7.14100000,3.87000000,474884024,474884024,1782868307660817,False,True
290018863,7.14100000,0.72000000,474884025,474884025,1782868309608897,False,True
290018864,7.14100000,0.72000000,474884026,474884026,1782868310719517,True,True
290018865,7.14000000,132.89000000,474884027,474884030,1782868311320045,True,True
290018866,7.13900000,692.14000000,474884031,474884040,1782868311320045,True,True
290018867,7.13800000,792.40000000,474884041,474884052,1782868311320045,True,True
290018868,7.13700000,192.79000000,474884053,474884058,1782868311320045,True,True
290018869,7.13900000,7.10000000,474884059,474884059,1782868311356329,False,True
290018870,7.14000000,6.90000000,474884060,474884060,1782868311356329,False,True
290018871,7.14100000,47.14000000,474884061,474884061,1782868314298697,False,True
290018872,7.14100000,8.23000000,474884062,474884062,1782868314299659,False,True
290018873,7.14100000,18.63000000,474884063,474884063,1782868314300069,False,True
290018874,7.14100000,38.58000000,474884064,474884067,1782868314300774,False,True
290018875,7.14100000,6.97000000,474884068,474884068,1782868314301056,False,True
290018876,7.14100000,14.85000000,474884069,474884069,1782868314301059,False,True
290018877,7.14100000,17.43000000,474884070,474884070,1782868314301068,False,True
290018878,7.14200000,5.87000000,474884071,474884072,1782868314301068,False,True
290018879,7.14200000,30.57000000,474884073,474884073,1782868314305236,False,True
290018880,7.14200000,34.51000000,474884074,474884075,1782868314305823,False,True
290018881,7.14200000,23.65000000,474884076,474884076,1782868314309132,False,True
290018882,7.14100000,1.81000000,474884077,474884077,1782868315688658,True,True
290018883,7.14200000,2.22000000,474884078,474884080,1782868319812309,False,True
290018884,7.14300000,3.26000000,474884081,474884084,1782868319816804,False,True
290018885,7.14400000,3.98000000,474884085,474884089,1782868319871923,False,True
290018886,7.14500000,12.20000000,474884090,474884093,1782868320292123,False,True
290018887,7.14600000,2.53000000,474884094,474884096,1782868320306566,False,True
290018888,7.14700000,47.98000000,474884097,474884099,1782868320306566,False,True
290018889,7.14700000,1.44000000,474884100,474884101,1782868321109548,False,True
