134888270,0.18450000,607.50000000,229830420,229830420,1782864000036940,True,True
134888271,0.18450000,1399.60000000,229830421,229830421,1782864000037534,True,True
134888272,0.18460000,63.00000000,229830422,229830422,1782864006947694,False,True
134888273,0.18470000,40.70000000,229830423,229830423,1782864018015227,False,True
134888274,0.18470000,44.60000000,229830424,229830424,1782864018032855,False,True
134888275,0.18470000,44.60000000,229830425,229830425,1782864018033518,False,True
134888276,0.18480000,44.60000000,229830426,229830426,1782864018039215,False,True
134888277,0.18480000,4424.30000000,229830427,229830430,1782864032096542,True,True
134888278,0.18470000,1840.10000000,229830431,229830432,1782864094226228,True,True
134888279,0.18470000,163.20000000,229830433,229830433,1782864094226255,True,True
134888280,0.18480000,161.10000000,229830434,229830434,1782864099574792,True,True
134888281,0.18480000,375.00000000,229830435,229830435,1782864114468331,True,True
134888282,0.18470000,596.30000000,229830436,229830436,1782864120141410,True,True
134888283,0.18490000,40.60000000,229830437,229830437,1782864133981835,False,True
134888284,0.18490000,40.60000000,229830438,229830438,1782864133981852,False,True
134888285,0.18490000,40.60000000,229830439,229830439,1782864133981853,False,True
134888286,0.18490000,40.60000000,229830440,229830440,1782864133981856,False,True
134888287,0.18490000,40.60000000,229830441,229830441,1782864133981915,False,True
134888288,0.18490000,40.60000000,229830442,229830442,1782864133981937,False,True
134888289,0.18480000,4170.10000000,229830443,229830445,1782864171658525,True,True
134888290,0.18460000,607.50000000,229830446,229830446,1782864224466077,False,True
134888291,0.18470000,4312.70000000,229830447,229830451,1782864224466077,False,True
134888292,0.18480000,1095.10000000,229830452,229830454,1782864224466077,False,True
134888293,0.18460000,607.50000000,229830455,229830455,1782864224470240,False,True
134888294,0.18490000,163.00000000,229830456,229830456,1782864316409791,False,True
134888295,0.18500000,450.30000000,229830457,229830457,1782864316410504,False,True
134888296,0.18500000,306.80000000,229830458,229830458,1782864316410552,False,True
134888297,0.18500000,312.10000000,229830459,229830459,1782864316410640,False,True
134888298,0.18500000,444.20000000,229830460,229830460,1782864316410722,False,True
134888299,0.18500000,444.30000000,229830461,229830461,1782864316410894,False,True
134888300,0.18500000,488.40000000,229830462,229830463,1782864316410926,False,True
134888301,0.18500000,31.00000000,229830464,229830464,1782864316410955,False,True
134888302,0.18510000,412.00000000,229830465,229830465,1782864316410955,False,True
134888303,0.18510000,108.20000000,229830466,229830466,1782864316414000,False,True
134888304,0.18510000,108.20000000,229830467,229830468,1782864316414188,False,True
134888305,0.18510000,108.20000000,229830469,229830469,1782864316414258,False,True
134888306,0.18510000,108.20000000,229830470,229830470,1782864316414321,False,True
134888307,0.18510000,108.20000000,229830471,229830471,1782864316414378,False,True
134888308,0.18510000,108.20000000,229830472,229830472,1782864316414450,False,True
134888309,0.18510000,108.20000000,229830473,229830473,1782864316414459,False,True
134888310,0.18510000,108.20000000,229830474,229830474,1782864316414572,False,True
134888311,0.18510000,108.20000000,229830475,229830475,1782864316414650,False,True
134888312,0.18510000,108.20000000,229830476,229830476,1782864316414663,False,True
134888313,0.18510000,108.20000000,229830477,229830477,1782864316414706,False,True
134888314,0.18510000,108.20000000,229830478,229830478,1782864316414709,False,True
134888315,0.18510000,108.20000000,229830479,229830479,1782864316414712,False,True
134888316,0.18510000,108.20000000,229830480,229830480,1782864316414766,False,True
134888317,0.18510000,108.20000000,229830481,229830481,1782864316414846,False,True
134888318,0.18510000,108.20000000,229830482,229830482,1782864316414851,False,True
134888319,0.18510000,108.20000000,229830483,229830483,1782864316414959,False,True
134888320,0.18510000,108.20000000,229830484,229830484,1782864316415061,False,True
134888321,0.18510000,3283.50000000,229830485,229830491,1782864325513936,True,True
134888322,0.18510000,3756.70000000,229830492,229830493,1782864325515302,True,True
134888323,0.18510000,1408.00000000,229830494,229830494,1782864325515623,True,True
134888324,0.18510000,121.50000000,229830495,229830495,1782864328002194,True,True
134888325,0.18500000,1667.90000000,229830496,229830499,1782864336011012,True,True
134888326,0.18500000,333.50000000,229830500,229830500,1782864336013245,True,True
134888327,0.18500000,66.70000000,229830501,229830501,1782864336016196,True,True
134888328,0.18500000,97.50000000,229830502,229830502,1782864336627925,True,True
134888329,0.18500000,308.20000000,229830503,229830503,1782864348948349,False,True
134888330,0.18490000,1027.90000000,229830504,229830505,1782864364800237,True,True
134888331,0.18490000,205.50000000,229830506,229830506,1782864364802710,True,True
134888332,0.18490000,41.10000000,229830507,229830507,1782864364805281,True,True
134888333,0.18480000,2697.90000000,229830508,229830510,1782864370005129,True,True
134888334,0.18480000,288.80000000,229830511,229830511,1782864370007736,True,True
134888335,0.18470000,339.30000000,229830512,229830513,1782864407131691,True,True
134888336,0.18470000,67.80000000,229830514,229830514,1782864411392681,True,True
134888337,0.18480000,34.10000000,229830515,229830515,1782864425917229,False,True
134888338,0.18480000,227.80000000,229830516,229830516,1782864448544661,False,True
134888339,0.18490000,13.60000000,229830517,229830517,1782864448544661,False,True
134888340,0.18480000,477.10000000,229830518,229830519,1782864495446247,True,True
134888341,0.18480000,826.80000000,229830520,229830522,1782864515502095,True,True
134888342,0.18470000,2053.20000000,229830523,229830524,1782864541784839,True,True
134888343,0.18470000,410.60000000,229830525,229830525,1782864541789391,True,True
134888344,0.18460000,1900.90000000,229830526,229830526,1782864578075629,True,True
134888345,0.18450000,1153.40000000,229830527,229830527,1782864580592759,True,True
134888346,0.18450000,230.60000000,229830528,229830528,1782864580595504,True,True
134888347,0.18450000,46.10000000,229830529,229830529,1782864582313752,True,True
134888348,0.18450000,813.90000000,229830530,229830531,1782864583177754,False,True
134888349,0.18440000,436.70000000,229830532,229830532,1782864593749157,True,True
134888350,0.18440000,87.30000000,229830533,229830533,1782864593751978,True,True
134888351,0.18450000,708.90000000,229830534,229830534,1782864614604386,True,True
134888352,0.18450000,2957.10000000,229830535,229830541,1782864614605760,True,True
134888353,0.18440000,34.10000000,229830542,229830542,1782864618458031,True,True
134888354,0.18450000,1087.50000000,229830543,229830544,1782864643442015,False,True
134888355,0.18450000,725.40000000,229830545,229830546,1782864646271616,True,True
134888356,0.18450000,689.60000000,229830547,229830549,1782864646272853,True,True
134888357,0.18450000,749.20000000,229830550,229830552,1782864646275752,True,True
134888358,0.18460000,287.80000000,229830553,229830553,1782864664199258,False,True
134888359,0.18460000,87.20000000,229830554,229830554,1782864664199287,False,True
134888360,0.18470000,799.70000000,229830555,229830556,1782864664201228,False,True
134888361,0.18470000,2700.00000000,229830557,229830558,1782864664201815,False,True
134888362,0.18470000,10800.00000000,229830559,229830563,1782864664202085,False,True
134888363,0.18470000,2700.00000000,229830564,229830565,1782864664202431,False,True
134888364,0.18470000,8100.00000000,229830566,229830568,1782864664203392,False,True
134888365,0.18470000,2700.00000000,229830569,229830569,1782864664203794,False,True
134888366,0.18470000,2700.00000000,229830570,229830571,1782864664203833,False,True
134888367,0.18470000,54.10000000,229830572,229830572,1782864664205203,False,True
134888368,0.18470000,54.10000000,229830573,229830573,1782864664205342,False,True
134888369,0.18490000,1612.00000000,229830574,229830575,1782864664277254,False,True
134888370,0.18480000,2391.90000000,229830576,229830579,1782864668608124,True,True
134888371,0.18470000,952.00000000,229830580,229830581,1782864700358334,True,True
134888372,0.18460000,2699.90000000,229830582,229830583,1782864710198701,True,True
134888373,0.18460000,706.40000000,229830584,229830584,1782864710198809,True,True
134888374,0.18460000,681.20000000,229830585,229830585,1782864710201720,True,True
134888375,0.18460000,136.20000000,229830586,229830586,1782864710204703,True,True
134888376,0.18450000,574.50000000,229830587,229830587,1782864749909683,True,True
134888377,0.18450000,1381.00000000,229830588,229830590,1782864758566464,True,True
134888378,0.18450000,100.20000000,229830591,229830591,1782864758576952,True,True
134888379,0.18440000,796.80000000,229830592,229830592,1782864778608556,True,True
134888380,0.18440000,159.30000000,229830593,229830593,1782864778611624,True,True
134888381,0.18440000,31.80000000,229830594,229830594,1782864778613606,True,True
134888382,0.18440000,375.90000000,229830595,229830595,1782864780460644,False,True
134888383,0.18460000,118.00000000,229830596,229830596,1782864816362234,False,True
134888384,0.18460000,673.70000000,229830597,229830598,1782864842491362,True,True
134888385,0.18460000,560.40000000,229830599,229830602,1782864842493060,True,True
134888386,0.18460000,476.20000000,229830603,229830605,1782864842494418,True,True
134888387,0.18460000,60.70000000,229830606,229830606,1782864844697961,True,True
134888388,0.18460000,3031.00000000,229830607,229830607,1782864854181684,False,True
134888389,0.18460000,695.20000000,229830608,229830609,1782864893660556,True,True
134888390,0.18460000,613.30000000,229830610,229830611,1782864893662209,True,True
134888391,0.18460000,610.10000000,229830612,229830613,1782864893675557,True,True
134888392,0.18460000,122.00000000,229830614,229830614,1782864893683611,True,True
134888393,0.18460000,338.90000000,229830615,229830616,1782864944738432,True,True
134888394,0.18450000,762.10000000,229830617,229830617,1782864948377878,True,True
134888395,0.18450000,976.80000000,229830618,229830619,1782864948377941,True,True
134888396,0.18450000,347.70000000,229830620,229830620,1782864948379691,True,True
134888397,0.18440000,1336.40000000,229830621,229830623,1782864961775670,True,True
134888398,0.18460000,2715.30000000,229830624,229830625,1782864968334932,False,True
134888399,0.18460000,788.50000000,229830626,229830628,1782865011288352,True,True
134888400,0.18460000,157.70000000,229830629,229830629,1782865011292110,True,True
134888401,0.18460000,31.50000000,229830630,229830630,1782865011340809,True,True
134888402,0.18450000,991.70000000,229830631,229830631,1782865032382616,True,True
134888403,0.18450000,302.60000000,229830632,229830633,1782865036084138,True,True
134888404,0.18450000,59.80000000,229830634,229830634,1782865061089224,False,True
134888405,0.18440000,557.30000000,229830635,229830637,1782865081355160,True,True
134888406,0.18440000,1370.60000000,229830638,229830643,1782865081356061,True,True
134888407,0.18440000,58.80000000,229830644,229830644,1782865081357294,True,True
134888408,0.18440000,274.10000000,229830645,229830645,1782865081371273,True,True
134888409,0.18440000,573.00000000,229830646,229830647,1782865082387501,False,True
134888410,0.18450000,28.50000000,229830648,229830648,1782865087983231,False,True
134888411,0.18450000,1635.30000000,229830649,229830654,1782865141581554,True,True
134888412,0.18440000,762.10000000,229830655,229830656,1782865151292292,True,True
134888413,0.18440000,640.10000000,229830657,229830657,1782865151306155,True,True
134888414,0.18440000,128.00000000,229830658,229830658,1782865151333517,True,True
134888415,0.18440000,607.50000000,229830659,229830659,1782865222425796,True,True
134888416,0.18440000,729.00000000,229830660,229830661,1782865222428817,True,True
134888417,0.18440000,703.50000000,229830662,229830663,1782865227067748,True,True
134888418,0.18450000,1018.40000000,229830664,229830665,1782865235362994,False,True
134888419,0.18450000,1599.00000000,229830666,229830667,1782865235363593,False,True
134888420,0.18460000,1101.00000000,229830668,229830668,1782865235366247,False,True
134888421,0.18460000,1515.30000000,229830669,229830671,1782865235366657,False,True
134888422,0.18470000,294.20000000,229830672,229830673,1782865235377969,False,True
134888423,0.18470000,2700.00000000,229830674,229830676,1782865235378673,False,True
134888424,0.18470000,2208.90000000,229830677,229830677,1782865235379906,False,True
134888425,0.18470000,636.10000000,229830678,229830680,1782865235534434,True,True
134888426,0.18480000,2133.90000000,229830681,229830682,1782865237687409,False,True
134888427,0.18480000,764.80000000,229830683,229830684,1782865246972763,True,True
134888428,0.18480000,308.90000000,229830685,229830685,1782865250082663,False,True
134888429,0.18470000,957.00000000,229830686,229830686,1782865275054460,True,True
134888430,0.18470000,824.70000000,229830687,229830688,1782865275706738,True,True
134888431,0.18470000,69.00000000,229830689,229830689,1782865278680914,False,True
134888432,0.18460000,1541.90000000,229830690,229830691,1782865292249711,True,True
134888433,0.18460000,717.70000000,229830692,229830693,1782865305872066,True,True
134888434,0.18460000,145.80000000,229830694,229830694,1782865312604386,True,True
134888435,0.18450000,1528.50000000,229830695,229830698,1782865312604386,True,True
134888436,0.18450000,217.50000000,229830699,229830700,1782865316504144,True,True
134888437,0.18450000,729.00000000,229830701,229830702,1782865374102895,True,True
134888438,0.18450000,544.40000000,229830703,229830704,1782865374767680,True,True
134888439,0.18450000,150.60000000,229830705,229830705,1782865379372434,True,True
134888440,0.18450000,33.90000000,229830706,229830706,1782865388083482,False,True
134888441,0.18450000,96.00000000,229830707,229830707,1782865422857453,True,True
134888442,0.18450000,121.50000000,229830708,229830708,1782865441718901,True,True
134888443,0.18440000,1207.10000000,229830709,229830712,1782865488176623,True,True
134888444,0.18440000,500.00000000,229830713,229830713,1782865537341572,False,True
134888445,0.18430000,1209.50000000,229830714,229830715,1782865539918521,True,True
134888446,0.18430000,492.30000000,229830716,229830717,1782865539930947,True,True
134888447,0.18430000,636.90000000,229830718,229830721,1782865562188396,True,True
134888448,0.18430000,40.70000000,229830722,229830722,1782865582028264,True,True
134888449,0.18430000,40.70000000,229830723,229830723,1782865582031547,True,True
134888450,0.18430000,40.70000000,229830724,229830724,1782865582039621,True,True
134888451,0.18430000,581.10000000,229830725,229830727,1782865582041449,True,True
134888452,0.18430000,719.00000000,229830728,229830729,1782865582158501,True,True
134888453,0.18430000,56.50000000,229830730,229830730,1782865597873545,False,True
134888454,0.18440000,79.10000000,229830731,229830731,1782865597873545,False,True
134888455,0.18430000,607.50000000,229830732,229830732,1782865597874919,True,True
134888456,0.18430000,653.80000000,229830733,229830734,1782865598180391,True,True
134888457,0.18430000,772.30000000,229830735,229830736,1782865603543938,True,True
134888458,0.18430000,761.90000000,229830737,229830738,1782865603548108,True,True
134888459,0.18440000,2434.50000000,229830739,229830741,1782865642334947,False,True
134888460,0.18440000,33.90000000,229830742,229830742,1782865685336818,True,True
134888461,0.18450000,28.50000000,229830743,229830743,1782865720522494,False,True
134888462,0.18460000,28.50000000,229830744,229830744,1782865763556326,False,True
134888463,0.18470000,2846.40000000,229830745,229830747,1782865787342735,False,True
134888464,0.18470000,1458.10000000,229830748,229830748,1782865787343926,False,True
134888465,0.18470000,1359.00000000,229830749,229830749,1782865787344360,False,True
134888466,0.18470000,2817.10000000,229830750,229830750,1782865787344423,False,True
134888467,0.18470000,29.30000000,229830751,229830751,1782865787345193,False,True
134888468,0.18470000,1516.90000000,229830752,229830755,1782865788964823,True,True
134888469,0.18470000,893.20000000,229830756,229830757,1782865802084743,True,True
134888470,0.18470000,2198.30000000,229830758,229830763,1782865826082271,True,True
134888471,0.18480000,28.40000000,229830764,229830764,1782865844618901,False,True
134888472,0.18480000,1610.30000000,229830765,229830770,1782865849091218,True,True
134888473,0.18490000,28.40000000,229830771,229830771,1782865856325068,False,True
134888474,0.18490000,1208.80000000,229830772,229830775,1782865859327841,True,True
134888475,0.18500000,28.40000000,229830776,229830776,1782865870818764,False,True
134888476,0.18510000,28.40000000,229830777,229830777,1782865872576765,False,True
134888477,0.18510000,290.20000000,229830778,229830779,1782865873494298,True,True
134888478,0.18510000,1246.80000000,229830780,229830784,1782865873494755,True,True
134888479,0.18500000,59.50000000,229830785,229830785,1782865883117805,True,True
134888480,0.18500000,1617.10000000,229830786,229830787,1782865883335520,True,True
134888481,0.18500000,236.70000000,229830788,229830790,1782865913007240,True,True
134888482,0.18490000,639.40000000,229830791,229830792,1782865916906271,True,True
134888483,0.18500000,28.40000000,229830793,229830793,1782865955685608,False,True
134888484,0.18510000,28.40000000,229830794,229830794,1782865973108464,False,True
134888485,0.18510000,47.30000000,229830795,229830795,1782865991904125,True,True
134888486,0.18490000,1603.30000000,229830796,229830799,1782865993504190,True,True
134888487,0.18500000,28.40000000,229830800,229830800,1782866029023991,False,True
134888488,0.18500000,95.00000000,229830801,229830801,1782866111272235,True,True
134888489,0.18490000,1036.00000000,229830802,229830803,1782866116164339,True,True
134888490,0.18480000,2319.40000000,229830804,229830809,1782866125211947,True,True
134888491,0.18480000,3110.70000000,229830810,229830811,1782866125236465,True,True
134888492,0.18480000,1087.50000000,229830812,229830813,1782866125242003,False,True
134888493,0.18480000,1087.50000000,229830814,229830815,1782866125270124,False,True
134888494,0.18480000,85.50000000,229830816,229830816,1782866125939079,True,True
134888495,0.18480000,108.30000000,229830817,229830817,1782866175339309,False,True
134888496,0.18480000,1625.30000000,229830818,229830818,1782866194126213,True,True
134888497,0.18480000,1087.50000000,229830819,229830820,1782866194131152,False,True
134888498,0.18480000,607.50000000,229830821,229830821,1782866194132381,False,True
134888499,0.18490000,37.90000000,229830822,229830822,1782866200176166,False,True
134888500,0.18490000,1588.70000000,229830823,229830825,1782866317524287,False,True
134888501,0.18490000,739.00000000,229830826,229830826,1782866317525776,False,True
134888502,0.18490000,2663.40000000,229830827,229830827,1782866317525930,False,True
134888503,0.18490000,2066.50000000,229830828,229830829,1782866317527208,False,True
134888504,0.18480000,28.40000000,229830830,229830830,1782866329459871,True,True
134888505,0.18470000,28.40000000,229830831,229830831,1782866329459871,True,True
134888506,0.18460000,403.40000000,229830832,229830833,1782866367032760,True,True
134888507,0.18460000,1099.40000000,229830834,229830836,1782866390080993,False,True
134888508,0.18460000,32.70000000,229830837,229830837,1782866420522502,False,True
134888509,0.18450000,1502.10000000,229830838,229830840,1782866675876481,True,True
134888510,0.18460000,560.10000000,229830841,229830841,1782866682228609,True,True
134888511,0.18470000,231.90000000,229830842,229830843,1782866741581699,False,True
134888512,0.18470000,4000.00000000,229830844,229830850,1782866757404634,True,True
134888513,0.18480000,1099.20000000,229830851,229830852,1782866771688540,False,True
134888514,0.18480000,607.50000000,229830853,229830853,1782866824800046,True,True
134888515,0.18470000,581.50000000,229830854,229830855,1782867027054131,True,True
134888516,0.18480000,555.30000000,229830856,229830856,1782867111308756,True,True
134888517,0.18490000,296.00000000,229830857,229830858,1782867164301961,False,True
134888518,0.18500000,635.90000000,229830859,229830860,1782867165106014,False,True
134888519,0.18500000,282.80000000,229830861,229830863,1782867165383964,True,True
134888520,0.18490000,1860.50000000,229830864,229830865,1782867167739846,True,True
134888521,0.18490000,1087.50000000,229830866,229830867,1782867167796718,False,True
134888522,0.18480000,1038.50000000,229830868,229830870,1782867247679815,True,True
134888523,0.18480000,909.00000000,229830871,229830871,1782867247686312,True,True
134888524,0.18470000,28.40000000,229830872,229830872,1782867256320374,True,True
134888525,0.18460000,16.80000000,229830873,229830873,1782867256320374,True,True
134888526,0.18470000,607.50000000,229830874,229830874,1782867284614090,True,True
134888527,0.18490000,635.90000000,229830875,229830876,1782867436275483,False,True
134888528,0.18490000,555.30000000,229830877,229830878,1782867449785073,True,True
134888529,0.18490000,1773.50000000,229830879,229830880,1782867449785289,True,True
134888530,0.18490000,1607.50000000,229830881,229830882,1782867449788858,False,True
134888531,0.18480000,6249.00000000,229830883,229830889,1782867496316619,True,True
134888532,0.18470000,28.40000000,229830890,229830890,1782867555280506,True,True
134888533,0.18460000,18.00000000,229830891,229830892,1782867555280506,True,True
134888534,0.18460000,37.60000000,229830893,229830893,1782867567579604,True,True
134888535,0.18480000,98.50000000,229830894,229830894,1782867653190190,True,True
134888536,0.18480000,649.30000000,229830895,229830896,1782867709515529,False,True
134888537,0.18480000,1679.90000000,229830897,229830900,1782867725702125,True,True
134888538,0.18480000,382.40000000,229830901,229830901,1782867734076042,False,True
134888539,0.18460000,5327.70000000,229830902,229830907,1782867797086968,True,True
134888540,0.18460000,81.40000000,229830908,229830908,1782867848353201,False,True
134888541,0.18450000,1117.10000000,229830909,229830909,1782867855845857,True,True
134888542,0.18450000,951.40000000,229830910,229830910,1782867855847117,True,True
134888543,0.18450000,1378.50000000,229830911,229830911,1782867857634321,True,True
134888544,0.18450000,2011.20000000,229830912,229830912,1782867857635127,True,True
134888545,0.18450000,1805.70000000,229830913,229830913,1782867857636685,True,True
134888546,0.18450000,1293.60000000,229830914,229830914,1782867857638251,True,True
134888547,0.18450000,700.70000000,229830915,229830915,1782867857639776,True,True
134888548,0.18450000,1108.80000000,229830916,229830916,1782867862122959,True,True
134888549,0.18450000,559.70000000,229830917,229830917,1782867862124544,True,True
134888550,0.18450000,2493.80000000,229830918,229830918,1782867862127952,True,True
134888551,0.18450000,2978.60000000,229830919,229830920,1782867862129479,True,True
134888552,0.18450000,162.20000000,229830921,229830921,1782867876347300,False,True
134888553,0.18440000,28.40000000,229830922,229830922,1782867924297807,True,True
134888554,0.18430000,28.40000000,229830923,229830923,1782867924297807,True,True
134888555,0.18440000,1786.60000000,229830924,229830924,1782867960224078,False,True
134888556,0.18440000,804.60000000,229830925,229830927,1782867960225392,False,True
134888557,0.18430000,28.40000000,229830928,229830928,1782868114163418,True,True
134888558,0.18420000,525.50000000,229830929,229830931,1782868114163418,True,True
134888559,0.18410000,29.90000000,229830932,229830932,1782868114165367,True,True
134888560,0.18410000,435.00000000,229830933,229830934,1782868132514862,True,True
134888561,0.18410000,543.10000000,229830935,229830936,1782868133365070,False,True
134888562,0.18400000,1548.00000000,229830937,229830941,1782868134094654,True,True
134888563,0.18390000,1490.90000000,229830942,229830945,1782868134185894,True,True
134888564,0.18390000,56.80000000,229830946,229830946,1782868134227067,False,True
134888565,0.18400000,855.00000000,229830947,229830948,1782868155077605,True,True
134888566,0.18400000,1367.80000000,229830949,229830951,1782868168626120,False,True
134888567,0.18390000,121.70000000,229830952,229830953,1782868175505348,True,True
134888568,0.18390000,32.60000000,229830954,229830954,1782868176129014,False,True
134888569,0.18400000,666.00000000,229830955,229830956,1782868178077925,False,True
134888570,0.18380000,1512.70000000,229830957,229830960,1782868180084085,True,True
134888571,0.18380000,480.00000000,229830961,229830961,1782868180085476,True,True
134888572,0.18370000,3520.00000000,229830962,229830967,1782868180085476,True,True
134888573,0.18370000,30.00000000,229830968,229830968,1782868180087055,True,True
134888574,0.18360000,28.40000000,229830969,229830969,1782868182340156,True,True
134888575,0.18350000,342.60000000,229830970,229830971,1782868184086860,True,True
134888576,0.18350000,60.80000000,229830972,229830972,1782868184087400,True,True
134888577,0.18340000,114.50000000,229830973,229830975,1782868184088938,True,True
134888578,0.18330000,30.00000000,229830976,229830976,1782868184090551,True,True
134888579,0.18340000,419.30000000,229830977,229830977,1782868184091711,False,True
134888580,0.18340000,188.20000000,229830978,229830978,1782868184455190,False,True
134888581,0.18340000,142.10000000,229830979,229830979,1782868184497703,False,True
134888582,0.18340000,323.30000000,229830980,229830980,1782868184705435,False,True
134888583,0.18340000,142.10000000,229830981,229830981,1782868184756732,False,True
134888584,0.18350000,323.30000000,229830982,229830982,1782868184756732,False,True
134888585,0.18340000,89.90000000,229830983,229830983,1782868184788671,False,True
134888586,0.18340000,870.40000000,229830984,229830985,1782868184946466,False,True
134888587,0.18340000,434.20000000,229830986,229830986,1782868185154521,False,True
134888588,0.18340000,173.30000000,229830987,229830987,1782868185246867,False,True
134888589,0.18350000,480.00000000,229830988,229830990,1782868185246867,False,True
134888590,0.18340000,607.50000000,229830991,229830991,1782868185396860,False,True
134888591,0.18350000,149.10000000,229830992,229830992,1782868185396860,False,True
134888592,0.18340000,607.50000000,229830993,229830993,1782868185532093,False,True
134888593,0.18350000,35.00000000,229830994,229830994,1782868185532093,False,True
134888594,0.18340000,607.50000000,229830995,229830995,1782868185753319,False,True
134888595,0.18340000,607.50000000,229830996,229830996,1782868185863930,False,True
134888596,0.18350000,607.50000000,229830997,229830997,1782868185863930,False,True
134888597,0.18340000,607.50000000,229830998,229830998,1782868186321539,False,True
134888598,0.18340000,607.50000000,229830999,229830999,1782868186355909,False,True
134888599,0.18340000,607.50000000,229831000,229831000,1782868186601847,False,True
134888600,0.18350000,570.30000000,229831001,229831003,1782868186607673,False,True
134888601,0.18360000,636.10000000,229831004,229831005,1782868190076529,False,True
134888602,0.18350000,350.30000000,229831006,229831007,1782868204661097,True,True
134888603,0.18340000,28.60000000,229831008,229831008,1782868224565607,True,True
134888604,0.18330000,225.60000000,229831009,229831011,1782868224565607,True,True
134888605,0.18330000,235.50000000,229831012,229831012,1782868225566291,False,True
134888606,0.18320000,1290.00000000,229831013,229831016,1782868233203635,True,True
134888607,0.18310000,5551.50000000,229831017,229831022,1782868233203635,True,True
134888608,0.18300000,33450.00000000,229831023,229831031,1782868233203635,True,True
134888609,0.18290000,11480.50000000,229831032,229831038,1782868233203635,True,True
134888610,0.18290000,6372.20000000,229831039,229831039,1782868233205162,False,True
134888611,0.18290000,18820.00000000,229831040,229831040,1782868233205174,False,True
134888612,0.18290000,32415.90000000,229831041,229831041,1782868233205307,False,True
134888613,0.18290000,813.50000000,229831042,229831042,1782868233205315,False,True
134888614,0.18290000,5400.00000000,229831043,229831043,1782868233205326,False,True
134888615,0.18290000,813.50000000,229831044,229831044,1782868233205378,False,True
134888616,0.18290000,813.50000000,229831045,229831045,1782868233205430,False,True
134888617,0.18290000,813.50000000,229831046,229831046,1782868233205456,False,True
134888618,0.18290000,813.50000000,229831047,229831047,1782868233205461,False,True
134888619,0.18290000,813.50000000,229831048,229831048,1782868233205463,False,True
134888620,0.18290000,813.50000000,229831049,229831049,1782868233205493,False,True
134888621,0.18280000,60.00000000,229831050,229831050,1782868233205518,True,True
134888622,0.18290000,53906.70000000,229831051,229831052,1782868233205523,False,True
134888623,0.18330000,277.70000000,229831053,229831053,1782868233206092,False,True
134888624,0.18300000,620.50000000,229831054,229831055,1782868233239911,False,True
134888625,0.18300000,181.70000000,229831056,229831057,1782868233241617,False,True
134888626,0.18300000,834.40000000,229831058,229831059,1782868233245825,False,True
134888627,0.18300000,1467.30000000,229831060,229831061,1782868233255404,True,True
134888628,0.18290000,569.20000000,229831062,229831062,1782868233256734,True,True
134888629,0.18290000,5450.40000000,229831063,229831070,1782868233275862,True,True
134888630,0.18280000,994.50000000,229831071,229831073,1782868233281847,True,True
134888631,0.18300000,636.20000000,229831074,229831075,1782868233962120,False,True
134888632,0.18310000,1403.50000000,229831076,229831079,1782868233962120,False,True
134888633,0.18310000,131.70000000,229831080,229831081,1782868234002067,False,True
134888634,0.18290000,4705.00000000,229831082,229831087,1782868235071909,True,True
134888635,0.18290000,949.80000000,229831088,229831088,1782868235072005,True,True
134888636,0.18280000,1298.00000000,229831089,229831089,1782868235072005,True,True
134888637,0.18280000,2167.90000000,229831090,229831093,1782868235072074,True,True
134888638,0.18280000,30.10000000,229831094,229831094,1782868235073774,True,True
134888639,0.18290000,227.90000000,229831095,229831095,1782868235073978,False,True
134888640,0.18290000,227.90000000,229831096,229831096,1782868235074011,False,True
134888641,0.18290000,1179.50000000,229831097,229831098,1782868235086769,True,True
134888642,0.18290000,496.30000000,229831099,229831099,1782868235088293,True,True
134888643,0.18290000,1179.50000000,229831100,229831100,1782868235092399,True,True
134888644,0.18290000,607.50000000,229831101,229831101,1782868235119111,True,True
134888645,0.18290000,57.10000000,229831102,229831102,1782868235126316,False,True
134888646,0.18300000,52.10000000,229831103,229831103,1782868235126316,False,True
134888647,0.18290000,607.50000000,229831104,229831104,1782868235140548,True,True
134888648,0.18290000,607.50000000,229831105,229831105,1782868235143277,True,True
134888649,0.18300000,150.70000000,229831106,229831106,1782868236106026,False,True
134888650,0.18290000,100.70000000,229831107,229831107,1782868236250640,True,True
134888651,0.18280000,28.70000000,229831108,229831108,1782868238197416,True,True
134888652,0.18270000,61.90000000,229831109,229831110,1782868238874390,True,True
134888653,0.18260000,50.00000000,229831111,229831111,1782868240155702,True,True
134888654,0.18270000,32.80000000,229831112,229831112,1782868240668313,False,True
134888655,0.18270000,1381.60000000,229831113,229831115,1782868241680789,False,True
134888656,0.18270000,607.50000000,229831116,229831116,1782868241693310,True,True
134888657,0.18270000,160.60000000,229831117,229831117,1782868241708190,False,True
134888658,0.18270000,504.00000000,229831118,229831119,1782868241815241,False,True
134888659,0.18280000,22.00000000,229831120,229831120,1782868241815241,False,True
134888660,0.18280000,13673.40000000,229831121,229831127,1782868241837187,False,True
134888661,0.18270000,715.90000000,229831128,229831129,1782868246108459,False,True
134888662,0.18270000,1087.50000000,229831130,229831131,1782868248723417,False,True
134888663,0.18280000,0.10000000,229831132,229831132,1782868248723417,False,True
134888664,0.18270000,82.00000000,229831133,229831133,1782868248859819,True,True
134888665,0.18260000,43.40000000,229831134,229831135,1782868251094764,True,True
134888666,0.18260000,0.90000000,229831136,229831136,1782868251620658,False,True
134888667,0.18270000,1603.70000000,229831137,229831140,1782868251620658,False,True
134888668,0.18280000,2578.20000000,229831141,229831143,1782868251620658,False,True
134888669,0.18260000,1087.50000000,229831144,229831145,1782868252781105,False,True
134888670,0.18270000,1359.90000000,229831146,229831148,1782868252781105,False,True
134888671,0.18260000,1087.50000000,229831149,229831150,1782868253757753,False,True
134888672,0.18270000,261.60000000,229831151,229831152,1782868253757753,False,True
134888673,0.18260000,663.90000000,229831153,229831154,1782868254139797,False,True
134888674,0.18270000,431.30000000,229831155,229831157,1782868254139797,False,True
134888675,0.18270000,2386.90000000,229831158,229831163,1782868254607452,False,True
134888676,0.18270000,825.20000000,229831164,229831165,1782868254890218,False,True
134888677,0.18280000,3287.50000000,229831166,229831169,1782868254890218,False,True
134888678,0.18260000,607.50000000,229831170,229831170,1782868257461208,True,True
134888679,0.18260000,607.50000000,229831171,229831171,1782868257470683,True,True
134888680,0.18260000,246.00000000,229831172,229831172,1782868258487868,False,True
134888681,0.18260000,607.50000000,229831173,229831173,1782868258990853,True,True
134888682,0.18260000,607.50000000,229831174,229831174,1782868259479988,False,True
134888683,0.18270000,380.90000000,229831175,229831175,1782868259479988,False,True
134888684,0.18270000,4112.70000000,229831176,229831186,1782868260145567,False,True
134888685,0.18280000,28.70000000,229831187,229831187,1782868269931267,False,True
134888686,0.18290000,58.90000000,229831188,229831189,1782868269931267,False,True
134888687,0.18300000,161.40000000,229831190,229831190,1782868269937965,False,True
134888688,0.18300000,30.20000000,229831191,229831191,1782868269941722,False,True
134888689,0.18290000,389.80000000,229831192,229831193,1782868273665961,True,True
134888690,0.18290000,607.50000000,229831194,229831194,1782868289520819,True,True
134888691,0.18300000,100.80000000,229831195,229831196,1782868298030536,False,True
134888692,0.18310000,4036.80000000,229831197,229831201,1782868298055999,False,True
134888693,0.18310000,555.30000000,229831202,229831202,1782868298063189,True,True
134888694,0.18310000,93.70000000,229831203,229831203,1782868303290686,True,True
134888695,0.18300000,423.20000000,229831204,229831204,1782868304965199,True,True
134888696,0.18300000,607.50000000,229831205,229831205,1782868310582852,True,True
134888697,0.18300000,607.50000000,229831206,229831206,1782868316547828,True,True
134888698,0.18310000,647.10000000,229831207,229831207,1782868339377568,True,True
134888699,0.18290000,28.70000000,229831208,229831208,1782868362132177,True,True
134888700,0.18280000,1087.00000000,229831209,229831211,1782868362132177,True,True
134888701,0.18270000,30.10000000,229831212,229831212,1782868362133941,True,True
134888702,0.18270000,28.70000000,229831213,229831213,1782868365059134,True,True
134888703,0.18260000,28.70000000,229831214,229831214,1782868365059134,True,True
134888704,0.18250000,233.70000000,229831215,229831217,1782868365165594,True,True
134888705,0.18250000,133.20000000,229831218,229831218,1782868365165672,True,True
134888706,0.18250000,263.40000000,229831219,229831219,1782868365165720,True,True
134888707,0.18250000,349.40000000,229831220,229831221,1782868365165761,True,True
134888708,0.18250000,48.50000000,229831222,229831222,1782868365166003,True,True
134888709,0.18240000,198.20000000,229831223,229831223,1782868365166003,True,True
134888710,0.18240000,280.30000000,229831224,229831224,1782868365166644,True,True
134888711,0.18240000,109.70000000,229831225,229831226,1782868365190364,True,True
134888712,0.18250000,1084.40000000,229831227,229831227,1782868365233815,False,True
134888713,0.18250000,1393.20000000,229831228,229831228,1782868365324823,True,True
134888714,0.18240000,1274.80000000,229831229,229831232,1782868365879785,True,True
134888715,0.18230000,330.80000000,229831233,229831235,1782868365970079,True,True
134888716,0.18220000,1311.30000000,229831236,229831236,1782868365977282,True,True
134888717,0.18220000,3568.70000000,229831237,229831237,1782868366262253,True,True
134888718,0.18220000,1584.30000000,229831238,229831238,1782868366263729,True,True
134888719,0.18220000,54.10000000,229831239,229831239,1782868366264291,True,True
134888720,0.18220000,995.40000000,229831240,229831240,1782868366265365,True,True
134888721,0.18220000,2040.70000000,229831241,229831241,1782868366276529,True,True
134888722,0.18220000,4445.50000000,229831242,229831242,1782868366278042,True,True
134888723,0.18220000,955.90000000,229831243,229831243,1782868366278261,True,True
134888724,0.18220000,2333.50000000,229831244,229831246,1782868366279734,True,True
134888725,0.18210000,2396.20000000,229831247,229831252,1782868366555499,True,True
134888726,0.18210000,607.50000000,229831253,229831253,1782868366559992,False,True
134888727,0.18210000,543.60000000,229831254,229831254,1782868366560243,False,True
134888728,0.18210000,543.60000000,229831255,229831255,1782868366560306,False,True
134888729,0.18210000,543.60000000,229831256,229831256,1782868366560471,False,True
134888730,0.18200000,1776.40000000,229831257,229831261,1782868366563656,True,True
134888731,0.18200000,1042.20000000,229831262,229831262,1782868366563882,True,True
134888732,0.18210000,1605.50000000,229831263,229831263,1782868366566173,False,True
134888733,0.18200000,863.50000000,229831264,229831265,1782868366567113,True,True
134888734,0.18210000,0.90000000,229831266,229831266,1782868366568441,False,True
134888735,0.18200000,607.50000000,229831267,229831267,1782868366573750,True,True
134888736,0.18190000,2258.50000000,229831268,229831270,1782868366573750,True,True
134888737,0.18210000,543.60000000,229831271,229831271,1782868366586406,False,True
134888738,0.18210000,63.90000000,229831272,229831272,1782868366618220,False,True
134888739,0.18220000,636.30000000,229831273,229831274,1782868366729954,False,True
134888740,0.18230000,633.10000000,229831275,229831276,1782868366729954,False,True
134888741,0.18210000,1754.30000000,229831277,229831277,1782868366771014,True,True
134888742,0.18210000,1003.40000000,229831278,229831280,1782868366779003,True,True
134888743,0.18210000,465.40000000,229831281,229831281,1782868366781219,True,True
134888744,0.18200000,2998.10000000,229831282,229831288,1782868366781219,True,True
134888745,0.18210000,428.00000000,229831289,229831292,1782868367401350,True,True
134888746,0.18210000,1410.60000000,229831293,229831297,1782868367894083,True,True
134888747,0.18220000,59.90000000,229831298,229831299,1782868368236179,False,True
134888748,0.18230000,28.80000000,229831300,229831300,1782868371452813,False,True
134888749,0.18220000,41.20000000,229831301,229831301,1782868372572991,True,True
134888750,0.18220000,41.20000000,229831302,229831302,1782868372587658,True,True
134888751,0.18220000,6.40000000,229831303,229831303,1782868372587698,True,True
134888752,0.18220000,30.60000000,229831304,229831304,1782868373953813,True,True
134888753,0.18210000,79.60000000,229831305,229831306,1782868375920568,True,True
134888754,0.18210000,556.70000000,229831307,229831307,1782868375920924,True,True
134888755,0.18200000,30.60000000,229831308,229831308,1782868377889972,True,True
134888756,0.18210000,137.10000000,229831309,229831309,1782868378242494,False,True
134888757,0.18200000,28.80000000,229831310,229831310,1782868379149024,True,True
134888758,0.18190000,50.80000000,229831311,229831312,1782868379149024,True,True
134888759,0.18200000,772.40000000,229831313,229831314,1782868379590051,False,True
134888760,0.18210000,91.40000000,229831315,229831315,1782868379590051,False,True
134888761,0.18200000,902.70000000,229831316,229831317,1782868380208363,True,True
134888762,0.18220000,502.90000000,229831318,229831318,1782868380758149,False,True
134888763,0.18210000,41.20000000,229831319,229831319,1782868382063208,True,True
134888764,0.18200000,650.20000000,229831320,229831321,1782868389266618,False,True
134888765,0.18190000,28.80000000,229831322,229831322,1782868393625340,True,True
134888766,0.18180000,1070.30000000,229831323,229831326,1782868393625340,True,True
134888767,0.18170000,495.60000000,229831327,229831329,1782868393708489,True,True
134888768,0.18170000,1592.70000000,229831330,229831330,1782868393710117,True,True
134888769,0.18160000,90.70000000,229831331,229831332,1782868393712809,True,True
134888770,0.18160000,103.80000000,229831333,229831333,1782868393756235,True,True
134888771,0.18170000,4005.50000000,229831334,229831342,1782868393785983,False,True
134888772,0.18160000,318.40000000,229831343,229831345,1782868393837977,True,True
134888773,0.18150000,56.00000000,229831346,229831347,1782868394183578,True,True
134888774,0.18150000,758.70000000,229831348,229831349,1782868394215777,False,True
134888775,0.18150000,607.50000000,229831350,229831350,1782868394237054,True,True
134888776,0.18160000,28.90000000,229831351,229831351,1782868396452529,False,True
134888777,0.18150000,28.90000000,229831352,229831352,1782868398189715,True,True
134888778,0.18140000,48.30000000,229831353,229831353,1782868398589135,True,True
134888779,0.18140000,32.90000000,229831354,229831354,1782868398611230,False,True
134888780,0.18150000,244.10000000,229831355,229831355,1782868400419646,True,True
134888781,0.18160000,372.20000000,229831356,229831357,1782868400443939,False,True
134888782,0.18160000,480.00000000,229831358,229831358,1782868402484377,True,True
134888783,0.18160000,607.50000000,229831359,229831359,1782868402855457,False,True
134888784,0.18160000,262.70000000,229831360,229831360,1782868402856691,False,True
134888785,0.18160000,344.80000000,229831361,229831361,1782868402856801,False,True
134888786,0.18160000,279.90000000,229831362,229831362,1782868402864393,True,True
134888787,0.18160000,1168.60000000,229831363,229831363,1782868402864526,True,True
134888788,0.18150000,76.00000000,229831364,229831365,1782868403103336,True,True
134888789,0.18150000,130.10000000,229831366,229831366,1782868403107823,True,True
134888790,0.18150000,607.50000000,229831367,229831367,1782868403432485,True,True
134888791,0.18150000,33.10000000,229831368,229831368,1782868405046687,False,True
134888792,0.18140000,1474.80000000,229831369,229831370,1782868405151042,True,True
134888793,0.18140000,1087.50000000,229831371,229831372,1782868405154516,False,True
134888794,0.18140000,291.20000000,229831373,229831373,1782868405156007,False,True
134888795,0.18150000,480.00000000,229831374,229831374,1782868408360806,True,True
134888796,0.18150000,480.00000000,229831375,229831375,1782868408365819,True,True
134888797,0.18150000,480.00000000,229831376,229831376,1782868408368710,True,True
134888798,0.18150000,487.50000000,229831377,229831377,1782868423153555,False,True
134888799,0.18160000,636.40000000,229831378,229831379,1782868423177715,False,True
134888800,0.18170000,28.90000000,229831380,229831380,1782868426134482,False,True
134888801,0.18180000,28.90000000,229831381,229831381,1782868427584435,False,True
134888802,0.18190000,28.90000000,229831382,229831382,1782868428761265,False,True
134888803,0.18200000,28.90000000,229831383,229831383,1782868429372633,False,True
134888804,0.18210000,28.90000000,229831384,229831384,1782868430019818,False,True
134888805,0.18220000,851.60000000,229831385,229831387,1782868431080505,False,True
134888806,0.18230000,56.50000000,229831388,229831388,1782868431418539,False,True
134888807,0.18230000,31.00000000,229831389,229831390,1782868431898930,False,True
134888808,0.18240000,34.60000000,229831391,229831392,1782868433799981,False,True
134888809,0.18240000,400.80000000,229831393,229831393,1782868433926011,False,True
134888810,0.18250000,54.90000000,229831394,229831395,1782868434874366,False,True
134888811,0.18250000,294.50000000,229831396,229831396,1782868435320341,False,True
134888812,0.18260000,34.80000000,229831397,229831397,1782868435410942,False,True
134888813,0.18260000,1794.30000000,229831398,229831400,1782868436541231,False,True
134888814,0.18260000,1020.20000000,229831401,229831402,1782868436542441,False,True
134888815,0.18260000,1179.60000000,229831403,229831403,1782868436542844,False,True
134888816,0.18270000,32.90000000,229831404,229831404,1782868436629403,False,True
134888817,0.18270000,636.20000000,229831405,229831406,1782868437828772,False,True
134888818,0.18270000,362.80000000,229831407,229831408,1782868439069810,True,True
134888819,0.18280000,104.50000000,229831409,229831409,1782868439401461,False,True
134888820,0.18280000,4806.70000000,229831410,229831413,1782868440839378,False,True
134888821,0.18280000,8160.70000000,229831414,229831416,1782868440842277,False,True
134888822,0.18290000,28.70000000,229831417,229831417,1782868441639792,False,True
134888823,0.18300000,2165.40000000,229831418,229831419,1782868441856371,False,True
134888824,0.18300000,100.20000000,229831420,229831420,1782868442088076,True,True
134888825,0.18300000,607.50000000,229831421,229831421,1782868442920846,False,True
134888826,0.18310000,5324.50000000,229831422,229831430,1782868442984371,False,True
134888827,0.18310000,3461.00000000,229831431,229831433,1782868446280812,True,True
134888828,0.18300000,363.10000000,229831434,229831434,1782868446921710,False,True
134888829,0.18290000,57.40000000,229831435,229831436,1782868447286862,True,True
134888830,0.18290000,1603.50000000,229831437,229831444,1782868448080888,False,True
134888831,0.18300000,37.50000000,229831445,229831445,1782868448080888,False,True
134888832,0.18280000,28.70000000,229831446,229831446,1782868449292381,True,True
134888833,0.18270000,28.70000000,229831447,229831447,1782868451584616,True,True
134888834,0.18260000,28.70000000,229831448,229831448,1782868454177017,True,True
134888835,0.18250000,21.30000000,229831449,229831449,1782868454177017,True,True
134888836,0.18270000,370.50000000,229831450,229831450,1782868454998101,False,True
134888837,0.18250000,644.00000000,229831451,229831453,1782868455304068,True,True
134888838,0.18270000,36.40000000,229831454,229831454,1782868455487385,False,True
134888839,0.18270000,28.70000000,229831455,229831455,1782868461293270,False,True
134888840,0.18270000,188.90000000,229831456,229831457,1782868465499603,True,True
134888841,0.18260000,28.70000000,229831458,229831458,1782868484266243,True,True
134888842,0.18250000,58.90000000,229831459,229831460,1782868484266243,True,True
134888843,0.18240000,30.20000000,229831461,229831461,1782868484276642,True,True
134888844,0.18270000,28.80000000,229831462,229831462,1782868493443455,False,True
134888845,0.18280000,28.70000000,229831463,229831463,1782868503912622,False,True
134888846,0.18290000,58.90000000,229831464,229831465,1782868503912622,False,True
134888847,0.18300000,30.20000000,229831466,229831466,1782868503914925,False,True
134888848,0.18290000,193.40000000,229831467,229831468,1782868506108369,True,True
134888849,0.18290000,171.40000000,229831469,229831469,1782868506413281,False,True
134888850,0.18290000,84.10000000,229831470,229831470,1782868506526932,False,True
134888851,0.18300000,28.70000000,229831471,229831471,1782868507581589,False,True
134888852,0.18310000,28.70000000,229831472,229831472,1782868508759128,False,True
134888853,0.18320000,435.30000000,229831473,229831474,1782868510930276,False,True
134888854,0.18330000,28.70000000,229831475,229831475,1782868510964660,False,True
134888855,0.18340000,275.10000000,229831476,229831477,1782868511040195,False,True
134888856,0.18340000,277.50000000,229831478,229831479,1782868511668720,True,True
134888857,0.18330000,28.60000000,229831480,229831480,1782868512464886,True,True
134888858,0.18320000,15.30000000,229831481,229831481,1782868512464886,True,True
134888859,0.18320000,636.10000000,229831482,229831483,1782868513703063,True,True
134888860,0.18310000,636.10000000,229831484,229831485,1782868514609524,True,True
134888861,0.18320000,28.70000000,229831486,229831486,1782868517058076,False,True
134888862,0.18330000,28.70000000,229831487,229831487,1782868518896127,False,True
134888863,0.18330000,472.30000000,229831488,229831488,1782868531118029,True,True
134888864,0.18340000,1106.20000000,229831489,229831491,1782868537239918,False,True
134888865,0.18340000,28.60000000,229831492,229831492,1782868543238961,False,True
134888866,0.18350000,2182.60000000,229831493,229831495,1782868543238961,False,True
134888867,0.18360000,30.10000000,229831496,229831496,1782868543240711,False,True
134888868,0.18350000,210.10000000,229831497,229831497,1782868544045591,True,True
134888869,0.18350000,182.60000000,229831498,229831499,1782868544569828,True,True
134888870,0.18340000,28.60000000,229831500,229831500,1782868549685140,True,True
134888871,0.18330000,28.60000000,229831501,229831501,1782868561754464,True,True
134888872,0.18320000,1637.90000000,229831502,229831505,1782868561754464,True,True
134888873,0.18310000,28.60000000,229831506,229831506,1782868568985694,True,True
134888874,0.18300000,28.60000000,229831507,229831507,1782868568985694,True,True
134888875,0.18300000,454.50000000,229831508,229831508,1782868571202807,True,True
134888876,0.18290000,28.70000000,229831509,229831509,1782868578526101,True,True
134888877,0.18280000,28.70000000,229831510,229831510,1782868578526101,True,True
134888878,0.18270000,28.70000000,229831511,229831511,1782868593132134,True,True
134888879,0.18260000,516.20000000,229831512,229831513,1782868593132134,True,True
134888880,0.18250000,56.50000000,229831514,229831515,1782868605308316,True,True
134888881,0.18240000,406.60000000,229831516,229831516,1782868617061574,True,True
134888882,0.18250000,28.80000000,229831517,229831517,1782868629234866,False,True
134888883,0.18260000,3247.80000000,229831518,229831521,1782868629268558,False,True
134888884,0.18270000,28.70000000,229831522,229831522,1782868640023909,False,True
134888885,0.18280000,3254.40000000,229831523,229831525,1782868640023909,False,True
134888886,0.18280000,188.30000000,229831526,229831527,1782868650087351,True,True
134888887,0.18280000,1640.50000000,229831528,229831528,1782868670707460,False,True
134888888,0.18290000,28.70000000,229831529,229831529,1782868696227339,False,True
134888889,0.18300000,28.70000000,229831530,229831530,1782868696227339,False,True
134888890,0.18300000,572.80000000,229831531,229831533,1782868698372181,True,True
134888891,0.18310000,28.70000000,229831534,229831534,1782868733379835,False,True
134888892,0.18320000,435.30000000,229831535,229831536,1782868733379835,False,True
134888893,0.18320000,185.10000000,229831537,229831538,1782868744095719,True,True
134888894,0.18330000,28.70000000,229831539,229831539,1782868766663801,False,True
134888895,0.18340000,28.60000000,229831540,229831540,1782868775086204,False,True
134888896,0.18350000,58.70000000,229831541,229831542,1782868775086204,False,True
134888897,0.18360000,30.10000000,229831543,229831543,1782868775088356,False,True
134888898,0.18350000,685.20000000,229831544,229831545,1782868775440939,True,True
134888899,0.18360000,704.10000000,229831546,229831547,1782868777284892,False,True
134888900,0.18360000,1218.20000000,229831548,229831550,1782868781360999,True,True
134888901,0.18360000,2332.70000000,229831551,229831552,1782868801651110,True,True
134888902,0.18360000,1933.10000000,229831553,229831554,1782868816374017,True,True
134888903,0.18360000,1763.60000000,229831555,229831556,1782868820845523,True,True
134888904,0.18360000,108.90000000,229831557,229831557,1782868833531216,False,True
134888905,0.18360000,468.50000000,229831558,229831558,1782868851234489,True,True
134888906,0.18360000,412.30000000,229831559,229831559,1782868851234833,True,True
134888907,0.18360000,1548.50000000,229831560,229831562,1782868851235873,True,True
134888908,0.18370000,28.60000000,229831563,229831563,1782868872339470,False,True
134888909,0.18370000,345.80000000,229831564,229831565,1782868872367505,True,True
134888910,0.18370000,1215.50000000,229831566,229831567,1782868885338589,True,True
134888911,0.18370000,1318.00000000,229831568,229831572,1782868900639533,True,True
134888912,0.18360000,961.70000000,229831573,229831574,1782868904828442,True,True
134888913,0.18360000,217.50000000,229831575,229831575,1782868906821169,False,True
134888914,0.18360000,121.50000000,229831576,229831576,1782868923365357,False,True
134888915,0.18370000,779.00000000,229831577,229831578,1782868934462824,False,True
134888916,0.18370000,703.10000000,229831579,229831580,1782868939906357,False,True
134888917,0.18370000,428.30000000,229831581,229831582,1782868940170268,True,True
134888918,0.18370000,189.80000000,229831583,229831583,1782868944192704,True,True
134888919,0.18370000,2142.90000000,229831584,229831585,1782868944193724,True,True
134888920,0.18370000,121.50000000,229831586,229831586,1782868949883952,False,True
134888921,0.18380000,546.50000000,229831587,229831588,1782868951186095,False,True
134888922,0.18380000,92.20000000,229831589,229831589,1782868951713977,True,True
134888923,0.18370000,95.20000000,229831590,229831590,1782868960236867,True,True
134888924,0.18370000,121.50000000,229831591,229831591,1782868962919145,False,True
134888925,0.18380000,1008.60000000,229831592,229831592,1782868963401907,False,True
134888926,0.18380000,225.60000000,229831593,229831593,1782868963878100,True,True
134888927,0.18380000,91.50000000,229831594,229831594,1782868964422802,True,True
134888928,0.18370000,601.20000000,229831595,229831595,1782868964903619,False,True
134888929,0.18370000,50.20000000,229831596,229831596,1782868965437153,False,True
134888930,0.18390000,135.90000000,229831597,229831599,1782868974727200,False,True
134888931,0.18390000,476.30000000,229831600,229831600,1782868974910926,True,True
134888932,0.18380000,28.50000000,229831601,229831601,1782868980081651,True,True
134888933,0.18370000,1117.90000000,229831602,229831603,1782868980081651,True,True
134888934,0.18380000,30.00000000,229831604,229831604,1782868981247478,False,True
134888935,0.18370000,674.40000000,229831605,229831605,1782869001281444,False,True
134888936,0.18360000,28.60000000,229831606,229831606,1782869025444731,True,True
134888937,0.18350000,137.20000000,229831607,229831608,1782869043000526,True,True
134888938,0.18360000,607.50000000,229831609,229831609,1782869046222898,False,True
134888939,0.18360000,607.50000000,229831610,229831610,1782869066088806,False,True
134888940,0.18370000,11506.30000000,229831611,229831626,1782869066088806,False,True
134888941,0.18380000,14406.40000000,229831627,229831635,1782869066088806,False,True
134888942,0.18390000,19685.60000000,229831636,229831645,1782869066088806,False,True
134888943,0.18400000,30.00000000,229831646,229831646,1782869066090771,False,True
134888944,0.18390000,227.80000000,229831647,229831647,1782869066091045,True,True
134888945,0.18390000,2092.90000000,229831648,229831648,1782869066091074,True,True
134888946,0.18390000,1000.00000000,229831649,229831649,1782869066091158,True,True
134888947,0.18390000,1946.70000000,229831650,229831650,1782869066091200,True,True
134888948,0.18390000,57.70000000,229831651,229831651,1782869066109900,True,True
134888949,0.18390000,345.60000000,229831652,229831652,1782869066164958,True,True
134888950,0.18390000,1194.30000000,229831653,229831653,1782869066411903,True,True
134888951,0.18390000,13500.00000000,229831654,229831654,1782869066413320,True,True
134888952,0.18390000,2700.00000000,229831655,229831655,1782869066413703,True,True
134888953,0.18390000,2700.00000000,229831656,229831656,1782869066414644,True,True
134888954,0.18390000,5400.00000000,229831657,229831657,1782869066414934,True,True
134888955,0.18390000,163.20000000,229831658,229831658,1782869066416549,True,True
134888956,0.18390000,2503.10000000,229831659,229831659,1782869066416982,True,True
134888957,0.18390000,2146.90000000,229831660,229831660,1782869066417080,True,True
134888958,0.18390000,6072.90000000,229831661,229831661,1782869066417623,True,True
134888959,0.18390000,2234.40000000,229831662,229831662,1782869066417778,True,True
134888960,0.18390000,1574.30000000,229831663,229831663,1782869066418467,True,True
134888961,0.18390000,4329.20000000,229831664,229831664,1782869066419438,True,True
134888962,0.18390000,1446.80000000,229831665,229831665,1782869066419660,True,True
134888963,0.18390000,3005.00000000,229831666,229831666,1782869066420744,True,True
134888964,0.18390000,44.00000000,229831667,229831667,1782869066476298,True,True
134888965,0.18390000,132.70000000,229831668,229831668,1782869066677248,True,True
134888966,0.18390000,119.50000000,229831669,229831669,1782869066907415,True,True
134888967,0.18390000,2700.00000000,229831670,229831670,1782869067175279,True,True
134888968,0.18390000,2700.00000000,229831671,229831671,1782869067176533,True,True
134888969,0.18390000,2700.00000000,229831672,229831672,1782869067177972,True,True
134888970,0.18390000,1659.80000000,229831673,229831673,1782869067236454,True,True
134888971,0.18390000,2700.00000000,229831674,229831674,1782869073624770,True,True
134888972,0.18390000,2700.00000000,229831675,229831675,1782869073625461,True,True
134888973,0.18390000,2700.00000000,229831676,229831676,1782869073626200,True,True
134888974,0.18390000,2432.60000000,229831677,229831677,1782869073626308,True,True
134888975,0.18390000,2700.00000000,229831678,229831678,1782869073626719,True,True
134888976,0.18390000,29357.40000000,229831679,229831679,1782869073627060,True,True
134888977,0.18390000,5400.00000000,229831680,229831680,1782869073627385,True,True
134888978,0.18390000,163.40000000,229831681,229831681,1782869073627995,True,True
134888979,0.18390000,2700.00000000,229831682,229831682,1782869073629005,True,True
134888980,0.18390000,241.50000000,229831683,229831683,1782869073659809,True,True
134888981,0.18390000,2700.00000000,229831684,229831684,1782869074727375,True,True
134888982,0.18390000,2700.00000000,229831685,229831685,1782869074727700,True,True
134888983,0.18390000,2700.00000000,229831686,229831686,1782869074728793,True,True
134888984,0.18390000,2318.10000000,229831687,229831689,1782869074729324,True,True
134888985,0.18380000,222.80000000,229831690,229831691,1782869074729774,True,True
134888986,0.18380000,222.80000000,229831692,229831692,1782869074729915,True,True
134888987,0.18370000,163.40000000,229831693,229831695,1782869074732696,True,True
134888988,0.18370000,30.00000000,229831696,229831696,1782869074734343,True,True
134888989,0.18360000,301.10000000,229831697,229831697,1782869078893585,True,True
134888990,0.18370000,607.50000000,229831698,229831698,1782869079953099,False,True
134888991,0.18370000,607.50000000,229831699,229831699,1782869081158826,False,True
134888992,0.18360000,28.50000000,229831700,229831700,1782869090506788,True,True
134888993,0.18350000,53.30000000,229831701,229831702,1782869090506788,True,True
134888994,0.18370000,28.60000000,229831703,229831703,1782869102044777,False,True
134888995,0.18380000,28.60000000,229831704,229831704,1782869103500489,False,True
134888996,0.18380000,95.10000000,229831705,229831705,1782869116905608,True,True
134888997,0.18370000,1243.10000000,229831706,229831708,1782869116905608,True,True
134888998,0.18380000,607.50000000,229831709,229831709,1782869118053822,False,True
134888999,0.18380000,607.50000000,229831710,229831710,1782869118057262,False,True
134889000,0.18370000,113.20000000,229831711,229831711,1782869133025450,True,True
134889001,0.18370000,714.10000000,229831712,229831713,1782869186533235,False,True
134889002,0.18380000,607.50000000,229831714,229831714,1782869194645807,False,True
134889003,0.18390000,28.60000000,229831715,229831715,1782869267618670,False,True
134889004,0.18390000,607.50000000,229831716,229831716,1782869270823034,False,True
134889005,0.18400000,2316.00000000,229831717,229831719,1782869276194883,False,True
134889006,0.18400000,910.20000000,229831720,229831720,1782869276197746,False,True
134889007,0.18400000,133.70000000,229831721,229831721,1782869276335097,True,True
134889008,0.18410000,625.10000000,229831722,229831724,1782869276927845,False,True
134889009,0.18410000,116.90000000,229831725,229831726,1782869278105786,True,True
134889010,0.18410000,263.90000000,229831727,229831727,1782869286165842,True,True
134889011,0.18420000,7000.00000000,229831728,229831735,1782869306560253,False,True
134889012,0.18420000,254.60000000,229831736,229831736,1782869307277136,True,True
134889013,0.18420000,323.60000000,229831737,229831737,1782869308371968,True,True
134889014,0.18420000,98.30000000,229831738,229831738,1782869316883198,False,True
134889015,0.18410000,465.30000000,229831739,229831740,1782869340651692,True,True
134889016,0.18410000,607.50000000,229831741,229831741,1782869359682776,False,True
134889017,0.18420000,28.50000000,229831742,229831742,1782869420903481,False,True
134889018,0.18430000,62.00000000,229831743,229831744,1782869422587641,False,True
134889019,0.18430000,203.00000000,229831745,229831745,1782869423299360,True,True
134889020,0.18440000,1727.00000000,229831746,229831747,1782869424685675,False,True
134889021,0.18450000,508.50000000,229831748,229831749,1782869424701352,False,True
134889022,0.18450000,433.50000000,229831750,229831752,1782869433770829,True,True
134889023,0.18460000,28.50000000,229831753,229831753,1782869434755062,False,True
134889024,0.18460000,920.60000000,229831754,229831758,1782869451088077,True,True
134889025,0.18450000,142.30000000,229831759,229831759,1782869452265940,True,True
134889026,0.18460000,607.50000000,229831760,229831760,1782869453087621,False,True
134889027,0.18460000,1201.10000000,229831761,229831763,1782869501608538,True,True
134889028,0.18450000,65.20000000,229831764,229831764,1782869520612274,False,True
134889029,0.18460000,345.90000000,229831765,229831765,1782869541485376,True,True
134889030,0.18470000,28.40000000,229831766,229831766,1782869562679073,False,True
134889031,0.18480000,1753.40000000,229831767,229831769,1782869562679073,False,True
134889032,0.18480000,284.20000000,229831770,229831770,1782869562763878,True,True
134889033,0.18490000,1042.50000000,229831771,229831773,1782869567793359,False,True
134889034,0.18490000,607.50000000,229831774,229831774,1782869567796380,False,True
134889035,0.18480000,1530.00000000,229831775,229831777,1782869569080222,True,True
134889036,0.18490000,213.90000000,229831778,229831778,1782869570285859,True,True
134889037,0.18490000,1472.60000000,229831779,229831779,1782869570297013,False,True
134889038,0.18490000,607.50000000,229831780,229831780,1782869577307115,False,True
134889039,0.18490000,74.60000000,229831781,229831781,1782869577373623,True,True
134889040,0.18480000,694.20000000,229831782,229831784,1782869581798128,True,True
134889041,0.18480000,1643.70000000,229831785,229831786,1782869582733996,True,True
134889042,0.18470000,320.50000000,229831787,229831788,1782869582794783,True,True
134889043,0.18460000,403.40000000,229831789,229831790,1782869582802044,True,True
134889044,0.18480000,1136.90000000,229831791,229831792,1782869591945625,False,True
134889045,0.18460000,28.40000000,229831793,229831793,1782869661093218,True,True
134889046,0.18450000,1058.20000000,229831794,229831796,1782869661093218,True,True
134889047,0.18450000,836.30000000,229831797,229831798,1782869665321285,False,True
134889048,0.18460000,86.40000000,229831799,229831799,1782869686130011,False,True
134889049,0.18470000,3649.60000000,229831800,229831809,1782869698115393,False,True
134889050,0.18480000,2185.70000000,229831810,229831811,1782869700682385,False,True
134889051,0.18490000,135.30000000,229831812,229831812,1782869700784373,False,True
134889052,0.18490000,103.00000000,229831813,229831814,1782869703004448,False,True
134889053,0.18480000,500.00000000,229831815,229831815,1782869714807367,True,True
134889054,0.18480000,611.10000000,229831816,229831817,1782869726085617,True,True
134889055,0.18480000,24.80000000,229831818,229831818,1782869726086309,True,True
134889056,0.18490000,28.40000000,229831819,229831819,1782869737605281,False,True
134889057,0.18500000,719.50000000,229831820,229831821,1782869754562291,False,True
134889058,0.18500000,1002.50000000,229831822,229831822,1782869754563655,False,True
134889059,0.18500000,1144.30000000,229831823,229831825,1782869773551766,True,True
134889060,0.18510000,961.50000000,229831826,229831827,1782869795790158,False,True
134889061,0.18510000,1277.70000000,229831828,229831830,1782869798500341,True,True
134889062,0.18520000,28.40000000,229831831,229831831,1782869806012779,False,True
134889063,0.18530000,135.30000000,229831832,229831833,1782869809064559,False,True
134889064,0.18520000,37.40000000,229831834,229831834,1782869820693355,True,True
134889065,0.18530000,150.60000000,229831835,229831836,1782869833311913,True,True
134889066,0.18520000,3063.70000000,229831837,229831840,1782869833311913,True,True
134889067,0.18510000,4556.30000000,229831841,229831847,1782869833311913,True,True
134889068,0.18500000,831.20000000,229831848,229831849,1782869833311913,True,True
134889069,0.18510000,54.50000000,229831850,229831850,1782869833313623,True,True
134889070,0.18520000,1119.00000000,229831851,229831853,1782869843656058,False,True
134889071,0.18520000,607.50000000,229831854,229831854,1782869851507171,False,True
134889072,0.18520000,1412.40000000,229831855,229831856,1782869852577653,False,True
134889073,0.18520000,920.30000000,229831857,229831857,1782869852578996,False,True
134889074,0.18520000,855.00000000,229831858,229831859,1782869856882963,True,True
134889075,0.18510000,5086.70000000,229831860,229831864,1782869856882963,True,True
134889076,0.18510000,449.30000000,229831865,229831865,1782869857552511,True,True
134889077,0.18510000,3148.00000000,229831866,229831869,1782869857573724,True,True
134889078,0.18500000,1921.30000000,229831870,229831873,1782869857573724,True,True
134889079,0.18510000,607.50000000,229831874,229831874,1782869857576606,False,True
134889080,0.18510000,1399.60000000,229831875,229831875,1782869857577434,False,True
134889081,0.18500000,1399.60000000,229831876,229831876,1782869857580174,False,True
134889082,0.18510000,736.00000000,229831877,229831877,1782869862267619,False,True
134889083,0.18510000,197.10000000,229831878,229831878,1782869862268089,False,True
134889084,0.18510000,551.30000000,229831879,229831879,1782869870046687,False,True
134889085,0.18510000,900.60000000,229831880,229831881,1782869870091570,False,True
134889086,0.18510000,750.00000000,229831882,229831883,1782869870093450,False,True
134889087,0.18510000,543.50000000,229831884,229831884,1782869870094673,False,True
134889088,0.18510000,715.90000000,229831885,229831886,1782869876538298,True,True
134889089,0.18520000,2361.00000000,229831887,229831889,1782869879587762,False,True
134889090,0.18530000,1239.50000000,229831890,229831892,1782869885483292,False,True
134889091,0.18520000,1399.60000000,229831893,229831893,1782869888270294,False,True
134889092,0.18520000,933.10000000,229831894,229831894,1782869890815768,False,True
134889093,0.18530000,135.30000000,229831895,229831895,1782869894020690,False,True
134889094,0.18520000,2659.00000000,229831896,229831898,1782869896911801,True,True
134889095,0.18510000,8295.80000000,229831899,229831905,1782869896911801,True,True
134889096,0.18500000,1199.10000000,229831906,229831908,1782869896911801,True,True
134889097,0.18510000,1213.80000000,229831909,229831909,1782869896936474,False,True
134889098,0.18510000,95.40000000,229831910,229831910,1782869896981721,False,True
134889099,0.18520000,2361.00000000,229831911,229831913,1782869908938214,False,True
134889100,0.18520000,607.50000000,229831914,229831914,1782869910486422,False,True
134889101,0.18520000,2332.70000000,229831915,229831916,1782869914918382,False,True
134889102,0.18530000,961.40000000,229831917,229831918,1782869924986387,False,True
134889103,0.18540000,961.50000000,229831919,229831920,1782869926989748,False,True
134889104,0.18550000,2238.20000000,229831921,229831924,1782869927753442,False,True
134889105,0.18550000,190.80000000,229831925,229831926,1782869931160556,True,True
134889106,0.18550000,1475.10000000,229831927,229831928,1782869931769565,False,True
134889107,0.18550000,674.50000000,229831929,229831930,1782869931770931,False,True
134889108,0.18550000,663.10000000,229831931,229831931,1782869935395247,False,True
134889109,0.18550000,66.30000000,229831932,229831932,1782869935537711,True,True
134889110,0.18550000,823.60000000,229831933,229831933,1782869943278893,False,True
134889111,0.18550000,1509.10000000,229831934,229831935,1782869943280486,False,True
134889112,0.18560000,40.50000000,229831936,229831937,1782869946256317,False,True
134889113,0.18560000,40.50000000,229831938,229831939,1782869946256503,False,True
134889114,0.18560000,40.50000000,229831940,229831940,1782869946256504,False,True
134889115,0.18560000,40.50000000,229831941,229831941,1782869946256507,False,True
134889116,0.18560000,1776.90000000,229831942,229831942,1782869946261540,False,True
134889117,0.18560000,1028.90000000,229831943,229831944,1782869946262340,False,True
134889118,0.18570000,28.40000000,229831945,229831945,1782869946412287,False,True
134889119,0.18570000,1056.70000000,229831946,229831946,1782869946469608,False,True
134889120,0.18570000,53.60000000,229831947,229831947,1782869946473998,False,True
134889121,0.18580000,435.00000000,229831948,229831949,1782869947866578,False,True
134889122,0.18580000,30.00000000,229831950,229831950,1782869948067477,True,True
134889123,0.18590000,706.80000000,229831951,229831953,1782869948306925,False,True
134889124,0.18590000,40.30000000,229831954,229831954,1782869948320715,False,True
134889125,0.18590000,607.50000000,229831955,229831955,1782869948503367,False,True
134889126,0.18590000,30.10000000,229831956,229831956,1782869948825514,True,True
134889127,0.18600000,694.90000000,229831957,229831960,1782869948905586,False,True
134889128,0.18600000,687.50000000,229831961,229831961,1782869948907058,False,True
134889129,0.18590000,607.50000000,229831962,229831962,1782869949008998,False,True
134889130,0.18590000,844.70000000,229831963,229831963,1782869949805335,False,True
134889131,0.18580000,112.90000000,229831964,229831964,1782869951323368,True,True
134889132,0.18590000,1423.10000000,229831965,229831966,1782869953002574,False,True
134889133,0.18590000,1056.50000000,229831967,229831968,1782869953598672,False,True
134889134,0.18590000,607.50000000,229831969,229831969,1782869954354626,False,True
134889135,0.18590000,324.40000000,229831970,229831970,1782869954475799,True,True
134889136,0.18580000,163.10000000,229831971,229831972,1782869963313479,True,True
134889137,0.18570000,28.20000000,229831973,229831973,1782869963313479,True,True
134889138,0.18560000,133.10000000,229831974,229831974,1782869963313479,True,True
134889139,0.18580000,2797.00000000,229831975,229831977,1782869967452714,False,True
134889140,0.18590000,28.20000000,229831978,229831978,1782869969270546,False,True
134889141,0.18600000,961.30000000,229831979,229831980,1782869969455828,False,True
134889142,0.18610000,665.60000000,229831981,229831982,1782869969511643,False,True
134889143,0.18610000,183.90000000,229831983,229831983,1782869970545321,True,True
134889144,0.18600000,1087.50000000,229831984,229831985,1782869970808477,False,True
134889145,0.18600000,540.10000000,229831986,229831986,1782869971500155,True,True
134889146,0.18590000,28.20000000,229831987,229831987,1782869978287443,True,True
134889147,0.18590000,334.10000000,229831988,229831988,1782869981108091,False,True
134889148,0.18590000,2423.00000000,229831989,229831991,1782869981110735,False,True
134889149,0.18590000,2328.20000000,229831992,229831993,1782869986818804,False,True
134889150,0.18590000,4.50000000,229831994,229831994,1782869986820332,False,True
134889151,0.18580000,28.20000000,229831995,229831995,1782869992895130,True,True
134889152,0.18570000,28.20000000,229831996,229831996,1782870000532945,True,True
134889153,0.18560000,57.90000000,229831997,229831998,1782870000532945,True,True
134889154,0.18550000,29.70000000,229831999,229831999,1782870000690848,True,True
134889155,0.18550000,567.00000000,229832000,229832001,1782870001312092,True,True
134889156,0.18550000,2480.10000000,229832002,229832004,1782870005854948,False,True
134889157,0.18550000,277.00000000,229832005,229832005,1782870005855328,False,True
134889158,0.18570000,4234.90000000,229832006,229832010,1782870007874288,False,True
134889159,0.18570000,742.80000000,229832011,229832012,1782870013399757,True,True
134889160,0.18560000,635.70000000,229832013,229832014,1782870032778227,True,True
134889161,0.18550000,3360.30000000,229832015,229832020,1782870032778227,True,True
134889162,0.18550000,29.70000000,229832021,229832021,1782870032780016,True,True
134889163,0.18550000,1385.00000000,229832022,229832022,1782870032783770,False,True
134889164,0.18550000,760.90000000,229832023,229832023,1782870038872288,False,True
134889165,0.18550000,850.40000000,229832024,229832024,1782870038873750,False,True
134889166,0.18570000,2361.00000000,229832025,229832027,1782870051601088,False,True
134889167,0.18580000,961.40000000,229832028,229832029,1782870058892367,False,True
134889168,0.18590000,920.00000000,229832030,229832031,1782870061668102,False,True
134889169,0.18590000,241.30000000,229832032,229832032,1782870067547770,False,True
134889170,0.18590000,788.40000000,229832033,229832033,1782870067566450,False,True
134889171,0.18590000,1303.00000000,229832034,229832035,1782870067567639,False,True
134889172,0.18600000,2035.30000000,229832036,229832038,1782870068160565,False,True
134889173,0.18610000,28.10000000,229832039,229832039,1782870069026573,False,True
134889174,0.18610000,607.50000000,229832040,229832041,1782870069570735,False,True
134889175,0.18610000,325.70000000,229832042,229832042,1782870069570900,False,True
134889176,0.18620000,28.20000000,229832043,229832043,1782870071259576,False,True
134889177,0.18610000,97.90000000,229832044,229832044,1782870073650964,True,True
134889178,0.18600000,227.80000000,229832045,229832045,1782870073661004,True,True
134889179,0.18590000,109.20000000,229832046,229832046,1782870075017152,True,True
134889180,0.18600000,6316.60000000,229832047,229832054,1782870082929520,False,True
134889181,0.18600000,111.20000000,229832055,229832055,1782870093397733,False,True
134889182,0.18600000,821.90000000,229832056,229832056,1782870101885609,False,True
134889183,0.18590000,28.20000000,229832057,229832057,1782870105208013,True,True
134889184,0.18580000,28.20000000,229832058,229832058,1782870120628302,True,True
134889185,0.18570000,28.20000000,229832059,229832059,1782870120628302,True,True
134889186,0.18570000,135.30000000,229832060,229832060,1782870134369725,False,True
134889187,0.18570000,592.30000000,229832061,229832061,1782870208714155,False,True
134889188,0.18570000,933.10000000,229832062,229832062,1782870208740175,False,True
134889189,0.18580000,227.80000000,229832063,229832064,1782870214046211,True,True
134889190,0.18580000,607.50000000,229832065,229832065,1782870214108634,False,True
134889191,0.18580000,1399.60000000,229832066,229832066,1782870214109521,False,True
134889192,0.18580000,572.30000000,229832067,229832067,1782870214111196,False,True
134889193,0.18580000,607.50000000,229832068,229832068,1782870214716706,False,True
134889194,0.18580000,933.10000000,229832069,229832069,1782870225860498,False,True
134889195,0.18580000,90.70000000,229832070,229832070,1782870273260100,True,True
134889196,0.18580000,607.50000000,229832071,229832071,1782870292827323,False,True
134889197,0.18590000,28.20000000,229832072,229832072,1782870336472086,False,True
134889198,0.18590000,565.90000000,229832073,229832074,1782870350697393,True,True
134889199,0.18580000,227.80000000,229832075,229832076,1782870366203165,True,True
134889200,0.18570000,28.20000000,229832077,229832077,1782870410650041,True,True
134889201,0.18560000,57.90000000,229832078,229832079,1782870410650041,True,True
134889202,0.18550000,29.70000000,229832080,229832080,1782870410655899,True,True
134889203,0.18550000,28.20000000,229832081,229832081,1782870512680310,True,True
134889204,0.18540000,28.30000000,229832082,229832082,1782870512680310,True,True
134889205,0.18530000,28.30000000,229832083,229832083,1782870592492090,True,True
134889206,0.18520000,635.80000000,229832084,229832085,1782870592492090,True,True
134889207,0.18510000,108.20000000,229832086,229832086,1782870592493804,True,True
134889208,0.18510000,108.20000000,229832087,229832087,1782870592494288,True,True
134889209,0.18510000,635.80000000,229832088,229832089,1782870606493300,True,True
134889210,0.18510000,920.50000000,229832090,229832092,1782870615076139,False,True
134889211,0.18510000,1420.60000000,229832093,229832094,1782870634071064,False,True
134889212,0.18510000,1498.10000000,229832095,229832096,1782870693706556,False,True
134889213,0.18510000,834.60000000,229832097,229832097,1782870694436198,False,True
134889214,0.18520000,1459.20000000,229832098,229832100,1782870755881793,False,True
134889215,0.18520000,901.80000000,229832101,229832101,1782870755882122,False,True
134889216,0.18530000,468.10000000,229832102,229832103,1782870760882398,False,True
134889217,0.18530000,607.50000000,229832104,229832104,1782870782417730,True,True
134889218,0.18540000,2700.00000000,229832105,229832115,1782870810096679,False,True
134889219,0.18540000,2700.00000000,229832116,229832116,1782870810097121,False,True
134889220,0.18540000,703.20000000,229832117,229832117,1782870810097927,False,True
134889221,0.18550000,28.30000000,229832118,229832118,1782870838645635,False,True
134889222,0.18560000,1180.10000000,229832119,229832121,1782870838645635,False,True
134889223,0.18570000,240.20000000,229832122,229832122,1782870838645635,False,True
134889224,0.18570000,29.70000000,229832123,229832123,1782870838647461,False,True
134889225,0.18560000,607.50000000,229832124,229832124,1782870838648321,True,True
134889226,0.18560000,227.80000000,229832125,229832125,1782870838861651,True,True
134889227,0.18550000,1068.90000000,229832126,229832127,1782870854091179,True,True
134889228,0.18550000,414.80000000,229832128,229832129,1782870864134167,True,True
134889229,0.18560000,1399.60000000,229832130,229832130,1782870865145114,False,True
134889230,0.18560000,570.50000000,229832131,229832132,1782870865165947,True,True
134889231,0.18570000,28.30000000,229832133,229832133,1782870893254414,False,True
134889232,0.18570000,118.50000000,229832134,229832135,1782870904336034,True,True
134889233,0.18570000,874.80000000,229832136,229832139,1782870926083062,True,True
134889234,0.18570000,750.00000000,229832140,229832141,1782870936800394,True,True
134889235,0.18570000,1087.50000000,229832142,229832143,1782870937086329,True,True
134889236,0.18560000,3769.30000000,229832144,229832147,1782870937538794,True,True
134889237,0.18560000,607.50000000,229832148,229832148,1782870937541799,False,True
134889238,0.18560000,1399.60000000,229832149,229832149,1782870937541906,False,True
134889239,0.18560000,607.50000000,229832150,229832150,1782870937544657,False,True
134889240,0.18580000,961.40000000,229832151,229832152,1782870953200999,False,True
134889241,0.18580000,279.50000000,229832153,229832154,1782870954116593,True,True
134889242,0.18570000,688.00000000,229832155,229832155,1782870960325159,False,True
134889243,0.18570000,735.70000000,229832156,229832157,1782870960326451,False,True
134889244,0.18570000,656.90000000,229832158,229832158,1782870960331084,False,True
134889245,0.18560000,28.20000000,229832159,229832159,1782871084274839,True,True
134889246,0.18550000,1269.20000000,229832160,229832163,1782871084274839,True,True
134889247,0.18550000,903.10000000,229832164,229832164,1782871084277629,True,True
134889248,0.18540000,29.70000000,229832165,229832165,1782871084283234,True,True
134889249,0.18550000,45.60000000,229832166,229832166,1782871145863608,False,True
134889250,0.18550000,2332.70000000,229832167,229832168,1782871153579964,False,True
134889251,0.18540000,33.10000000,229832169,229832170,1782871310248455,True,True
134889252,0.18530000,32.80000000,229832171,229832171,1782871312970990,True,True
134889253,0.18540000,1029.60000000,229832172,229832173,1782871333254195,False,True
134889254,0.18540000,545.90000000,229832174,229832174,1782871348548883,True,True
134889255,0.18550000,28.30000000,229832175,229832175,1782871380238118,False,True
134889256,0.18560000,28.30000000,229832176,229832176,1782871425791730,False,True
134889257,0.18560000,227.80000000,229832177,229832177,1782871431871227,True,True
134889258,0.18560000,660.90000000,229832178,229832184,1782871473685761,True,True
134889259,0.18550000,90.20000000,229832185,229832185,1782871477331251,True,True
134889260,0.18540000,28.30000000,229832186,229832186,1782871501810233,True,True
134889261,0.18530000,28.30000000,229832187,229832187,1782871501810233,True,True
134889262,0.18520000,28.30000000,229832188,229832188,1782871513841593,True,True
134889263,0.18520000,3401.50000000,229832189,229832194,1782871525446855,False,True
134889264,0.18510000,1115.80000000,229832195,229832197,1782871530300365,True,True
134889265,0.18510000,607.50000000,229832198,229832198,1782871555914211,True,True
134889266,0.18520000,715.90000000,229832199,229832201,1782871565255397,False,True
134889267,0.18500000,45.50000000,229832202,229832203,1782871573473632,True,True
134889268,0.18520000,27.00000000,229832204,229832204,1782871593606368,False,True
134889269,0.18510000,2397.10000000,229832205,229832205,1782871597439684,True,True
134889270,0.18510000,3195.60000000,229832206,229832208,1782871597440103,True,True
134889271,0.18510000,333.60000000,229832209,229832209,1782871628180607,True,True
134889272,0.18510000,737.00000000,229832210,229832211,1782871629820347,False,True
134889273,0.18520000,87.90000000,229832212,229832213,1782871674801056,False,True
134889274,0.18510000,86.00000000,229832214,229832214,1782871718455130,True,True
134889275,0.18500000,607.50000000,229832215,229832215,1782871720878279,True,True
134889276,0.18500000,607.50000000,229832216,229832216,1782871864648077,True,True
134889277,0.18500000,581.50000000,229832217,229832217,1782871920966369,False,True
134889278,0.18500000,1272.60000000,229832218,229832221,1782871930244514,True,True
134889279,0.18500000,906.50000000,229832222,229832222,1782871941488684,False,True
134889280,0.18500000,1013.50000000,229832223,229832223,1782871941529377,False,True
134889281,0.18500000,118.10000000,229832224,229832224,1782871941530839,False,True
134889282,0.18510000,1155.00000000,229832225,229832226,1782871951024621,False,True
134889283,0.18520000,960.10000000,229832227,229832228,1782871968537276,False,True
134889284,0.18530000,659.40000000,229832229,229832229,1782871968537276,False,True
134889285,0.18530000,28.30000000,229832230,229832230,1782871991209997,False,True
134889286,0.18540000,28.30000000,229832231,229832231,1782871991209997,False,True
134889287,0.18550000,165.40000000,229832232,229832232,1782871991209997,False,True
134889288,0.18540000,32.60000000,229832233,229832233,1782871991666865,True,True
134889289,0.18540000,227.80000000,229832234,229832235,1782871991942479,True,True
134889290,0.18540000,85.20000000,229832236,229832236,1782871992617545,True,True
134889291,0.18530000,635.80000000,229832237,229832238,1782871998082679,True,True
134889292,0.18530000,467.80000000,229832239,229832239,1782872001070381,True,True
134889293,0.18520000,635.80000000,229832240,229832241,1782872023432910,True,True
134889294,0.18530000,589.10000000,229832242,229832243,1782872031688700,True,True
134889295,0.18510000,635.80000000,229832244,229832245,1782872069218573,True,True
134889296,0.18520000,500.00000000,229832246,229832247,1782872110207815,False,True
134889297,0.18520000,573.00000000,229832248,229832248,1782872114873005,True,True
134889298,0.18520000,607.50000000,229832249,229832249,1782872127320121,True,True
134889299,0.18520000,607.50000000,229832250,229832250,1782872127418207,True,True
134889300,0.18530000,28.30000000,229832251,229832251,1782872192048636,False,True
134889301,0.18540000,28.30000000,229832252,229832252,1782872192048636,False,True
134889302,0.18550000,635.80000000,229832253,229832254,1782872201490314,False,True
134889303,0.18550000,2617.90000000,229832255,229832260,1782872254442417,True,True
134889304,0.18540000,56.50000000,229832261,229832262,1782872267108166,True,True
134889305,0.18540000,55.40000000,229832263,229832263,1782872267109193,True,True
134889306,0.18540000,490.80000000,229832264,229832265,1782872321722155,True,True
134889307,0.18540000,607.50000000,229832266,229832266,1782872368486710,False,True
134889308,0.18540000,593.30000000,229832267,229832267,1782872376758693,True,True
134889309,0.18540000,607.50000000,229832268,229832268,1782872384436742,True,True
134889310,0.18550000,566.30000000,229832269,229832270,1782872458435615,False,True
134889311,0.18560000,53.80000000,229832271,229832272,1782872470194426,False,True
134889312,0.18570000,28.30000000,229832273,229832273,1782872490672747,False,True
134889313,0.18580000,28.30000000,229832274,229832274,1782872490675286,False,True
134889314,0.18580000,81.10000000,229832275,229832275,1782872491629092,True,True
134889315,0.18590000,635.70000000,229832276,229832277,1782872497548991,False,True
134889316,0.18590000,2672.90000000,229832278,229832281,1782872503927160,True,True
134889317,0.18590000,837.70000000,229832282,229832282,1782872503927164,True,True
134889318,0.18580000,2799.00000000,229832283,229832286,1782872521488870,True,True
134889319,0.18580000,1992.10000000,229832287,229832288,1782872522498569,True,True
134889320,0.18580000,607.50000000,229832289,229832289,1782872522501368,False,True
134889321,0.18600000,1568.80000000,229832290,229832292,1782872536039367,False,True
134889322,0.18610000,635.70000000,229832293,229832294,1782872536108168,False,True
134889323,0.18610000,302.40000000,229832295,229832297,1782872544767827,True,True
134889324,0.18600000,3125.90000000,229832298,229832301,1782872544767827,True,True
134889325,0.18610000,1022.10000000,229832302,229832303,1782872546083529,False,True
134889326,0.18610000,2398.10000000,229832304,229832306,1782872546083945,False,True
134889327,0.18610000,607.50000000,229832307,229832307,1782872546086874,False,True
134889328,0.18610000,1935.20000000,229832308,229832309,1782872550187688,False,True
134889329,0.18610000,40.40000000,229832310,229832310,1782872562910611,False,True
134889330,0.18610000,40.40000000,229832311,229832311,1782872562913088,False,True
134889331,0.18610000,40.40000000,229832312,229832312,1782872562916273,False,True
134889332,0.18600000,2700.00000000,229832313,229832314,1782872590900001,True,True
134889333,0.18600000,5619.30000000,229832315,229832316,1782872590900075,True,True
134889334,0.18590000,2170.10000000,229832317,229832318,1782872590900121,True,True
134889335,0.18590000,323.40000000,229832319,229832319,1782872590900227,True,True
134889336,0.18590000,24300.00000000,229832320,229832322,1782872590900236,True,True
134889337,0.18590000,8100.00000000,229832323,229832325,1782872590900376,True,True
134889338,0.18590000,2861.70000000,229832326,229832326,1782872590900385,True,True
134889339,0.18590000,2700.00000000,229832327,229832328,1782872590900501,True,True
134889340,0.18590000,8101.20000000,229832329,229832338,1782872590900508,True,True
134889341,0.18580000,480.00000000,229832339,229832340,1782872590901604,True,True
134889342,0.18580000,3145.90000000,229832341,229832341,1782872590901806,True,True
134889343,0.18570000,2205.70000000,229832342,229832343,1782872590901806,True,True
134889344,0.18570000,29.60000000,229832344,229832344,1782872590902611,True,True
134889345,0.18570000,1365.30000000,229832345,229832345,1782872590903805,True,True
134889346,0.18570000,86.00000000,229832346,229832347,1782872590906359,False,True
134889347,0.18560000,3362.80000000,229832348,229832351,1782872590908393,True,True
134889348,0.18570000,53.70000000,229832352,229832352,1782872590919364,True,True
134889349,0.18570000,607.50000000,229832353,229832353,1782872590948133,True,True
134889350,0.18570000,4636.80000000,229832354,229832355,1782872590951388,False,True
134889351,0.18570000,2116.40000000,229832356,229832356,1782872590974929,True,True
134889352,0.18580000,2675.60000000,229832357,229832365,1782872590976566,False,True
134889353,0.18570000,3237.20000000,229832366,229832366,1782872590979214,False,True
134889354,0.18580000,933.10000000,229832367,229832367,1782872591056735,False,True
134889355,0.18580000,159.50000000,229832368,229832369,1782872591136087,True,True
134889356,0.18580000,159.50000000,229832370,229832370,1782872591318208,True,True
134889357,0.18590000,2360.90000000,229832371,229832373,1782872600875738,False,True
134889358,0.18590000,607.50000000,229832374,229832374,1782872601083630,True,True
134889359,0.18580000,326.30000000,229832375,229832375,1782872601083630,True,True
134889360,0.18590000,1080.30000000,229832376,229832376,1782872601084905,False,True
134889361,0.18600000,1427.80000000,229832377,229832378,1782872603950957,False,True
134889362,0.18610000,961.30000000,229832379,229832380,1782872625577536,False,True
134889363,0.18620000,557.80000000,229832381,229832383,1782872633635994,False,True
134889364,0.18620000,96.20000000,229832384,229832384,1782872651808270,True,True
134889365,0.18610000,4058.90000000,229832385,229832386,1782872653502338,True,True
134889366,0.18610000,40.40000000,229832387,229832387,1782872659162989,False,True
134889367,0.18610000,40.40000000,229832388,229832388,1782872659162995,False,True
134889368,0.18610000,40.40000000,229832389,229832389,1782872659163016,False,True
134889369,0.18610000,1023.80000000,229832390,229832390,1782872659167582,False,True
134889370,0.18610000,788.10000000,229832391,229832394,1782872689765530,True,True
134889371,0.18610000,1239.50000000,229832395,229832396,1782872704831753,True,True
134889372,0.18610000,30.00000000,229832397,229832397,1782872712758517,False,True
134889373,0.18600000,28.20000000,229832398,229832398,1782872765501283,True,True
134889374,0.18590000,28.20000000,229832399,229832399,1782872765501283,True,True
134889375,0.18580000,4531.30000000,229832400,229832406,1782872765501283,True,True
134889376,0.18590000,607.50000000,229832407,229832407,1782872785606398,True,True
134889377,0.18590000,607.50000000,229832408,229832408,1782872847562759,True,True
134889378,0.18590000,679.70000000,229832409,229832410,1782872886697120,True,True
134889379,0.18590000,188.40000000,229832411,229832412,1782872952912239,True,True
134889380,0.18590000,607.50000000,229832413,229832413,1782872973376841,True,True
134889381,0.18600000,28.20000000,229832414,229832414,1782873055148457,False,True
134889382,0.18610000,28.20000000,229832415,229832415,1782873057976805,False,True
134889383,0.18610000,30.00000000,229832416,229832416,1782873064976862,True,True
134889384,0.18620000,28.20000000,229832417,229832417,1782873083286282,False,True
134889385,0.18630000,116.90000000,229832418,229832420,1782873083286282,False,True
134889386,0.18630000,32.50000000,229832421,229832421,1782873083825432,True,True
134889387,0.18630000,1613.80000000,229832422,229832424,1782873101443295,True,True
134889388,0.18610000,28.10000000,229832425,229832425,1782873117596436,True,True
134889389,0.18600000,635.60000000,229832426,229832427,1782873150050169,True,True
134889390,0.18600000,607.50000000,229832428,229832428,1782873151297553,False,True
134889391,0.18600000,1495.90000000,229832429,229832429,1782873151299168,True,True
134889392,0.18600000,607.50000000,229832430,229832430,1782873152502170,True,True
134889393,0.18600000,541.10000000,229832431,229832431,1782873152504767,True,True
134889394,0.18600000,1449.90000000,229832432,229832433,1782873182424136,True,True
134889395,0.18600000,664.80000000,229832434,229832434,1782873182425475,True,True
134889396,0.18590000,541.40000000,229832435,229832436,1782873192849438,True,True
134889397,0.18600000,84.20000000,229832437,229832438,1782873280185106,False,True
134889398,0.18610000,28.20000000,229832439,229832439,1782873310585346,False,True
134889399,0.18620000,28.20000000,229832440,229832440,1782873310585346,False,True
134889400,0.18630000,28.20000000,229832441,229832441,1782873345435809,False,True
134889401,0.18630000,572.60000000,229832442,229832444,1782873435856707,True,True
134889402,0.18630000,211.00000000,229832445,229832446,1782873443099889,True,True
134889403,0.18640000,84.50000000,229832447,229832448,1782873527724364,False,True
134889404,0.18640000,607.50000000,229832449,229832449,1782873527825165,False,True
134889405,0.18640000,97.20000000,229832450,229832450,1782873534544091,True,True
134889406,0.18640000,948.50000000,229832451,229832451,1782873545103074,True,True
134889407,0.18640000,1087.50000000,229832452,229832453,1782873570455273,False,True
134889408,0.18640000,1007.30000000,229832454,229832454,1782873570739619,True,True
134889409,0.18640000,1144.30000000,229832455,229832455,1782873570741015,True,True
134889410,0.18640000,556.60000000,229832456,229832456,1782873570742200,True,True
134889411,0.18640000,826.00000000,229832457,229832457,1782873570743449,True,True
134889412,0.18640000,891.10000000,229832458,229832458,1782873571403607,True,True
134889413,0.18630000,996.20000000,229832459,229832460,1782873623645882,True,True
134889414,0.18630000,639.20000000,229832461,229832461,1782873623647297,True,True
134889415,0.18630000,2349.20000000,229832462,229832462,1782873623647827,True,True
134889416,0.18620000,635.60000000,229832463,229832464,1782873633962690,True,True
134889417,0.18620000,1087.50000000,229832465,229832466,1782873639180039,False,True
134889418,0.18630000,607.50000000,229832467,229832467,1782873644012075,False,True
134889419,0.18640000,2793.00000000,229832468,229832470,1782873644012075,False,True
134889420,0.18640000,2087.50000000,229832471,229832471,1782873644013249,True,True
134889421,0.18640000,525.60000000,229832472,229832472,1782873644014037,True,True
134889422,0.18640000,34774.60000000,229832473,229832473,1782873644014073,True,True
134889423,0.18640000,73.90000000,229832474,229832474,1782873644014710,True,True
134889424,0.18640000,8100.00000000,229832475,229832475,1782873644015432,True,True
134889425,0.18640000,2700.00000000,229832476,229832476,1782873644015511,True,True
134889426,0.18640000,2700.00000000,229832477,229832477,1782873644015591,True,True
134889427,0.18640000,1774.10000000,229832478,229832478,1782873644015623,True,True
134889428,0.18640000,2700.00000000,229832479,229832479,1782873644015666,True,True
134889429,0.18640000,772.30000000,229832480,229832480,1782873644037268,True,True
134889430,0.18640000,808.80000000,229832481,229832481,1782873644038649,True,True
134889431,0.18640000,1035.90000000,229832482,229832482,1782873644040056,True,True
134889432,0.18640000,1163.40000000,229832483,229832483,1782873644041525,True,True
134889433,0.18640000,987.20000000,229832484,229832484,1782873644042687,True,True
134889434,0.18640000,968.40000000,229832485,229832485,1782873644042720,True,True
134889435,0.18640000,1310.50000000,229832486,229832486,1782873644043838,True,True
134889436,0.18640000,1614.60000000,229832487,229832487,1782873644044847,True,True
134889437,0.18640000,1616.30000000,229832488,229832488,1782873644045830,True,True
134889438,0.18640000,1628.80000000,229832489,229832489,1782873644046877,True,True
134889439,0.18640000,2700.00000000,229832490,229832490,1782873644134439,True,True
134889440,0.18640000,2700.00000000,229832491,229832491,1782873644134829,True,True
134889441,0.18640000,5400.00000000,229832492,229832492,1782873644135772,True,True
134889442,0.18640000,4461.90000000,229832493,229832493,1782873644145506,True,True
134889443,0.18640000,2920.60000000,229832494,229832494,1782873644180365,True,True
134889444,0.18640000,53.60000000,229832495,229832495,1782873644181334,True,True
134889445,0.18640000,2636.00000000,229832496,229832497,1782873644183672,True,True
134889446,0.18630000,28.10000000,229832498,229832498,1782873650254256,True,True
134889447,0.18620000,28.10000000,229832499,229832499,1782873650282977,True,True
134889448,0.18620000,583.80000000,229832500,229832500,1782873681029452,True,True
134889449,0.18630000,28.10000000,229832501,229832501,1782873712250077,False,True
134889450,0.18640000,79.20000000,229832502,229832502,1782873712250077,False,True
134889451,0.18640000,28.20000000,229832503,229832503,1782873801433272,False,True
134889452,0.18650000,28.40000000,229832504,229832504,1782873812102895,False,True
134889453,0.18660000,1090.90000000,229832505,229832508,1782873812233957,False,True
134889454,0.18670000,28.40000000,229832509,229832509,1782873859570932,False,True
134889455,0.18670000,112.30000000,229832510,229832510,1782873868573562,True,True
134889456,0.18670000,112.30000000,229832511,229832511,1782873868573969,True,True
134889457,0.18670000,257.50000000,229832512,229832513,1782873868601804,True,True
134889458,0.18660000,690.80000000,229832514,229832515,1782873981224491,True,True
134889459,0.18650000,28.10000000,229832516,229832516,1782874000190171,True,True
134889460,0.18640000,28.10000000,229832517,229832517,1782874016627093,True,True
134889461,0.18630000,2783.70000000,229832518,229832522,1782874016627093,True,True
134889462,0.18620000,3953.30000000,229832523,229832529,1782874016627093,True,True
134889463,0.18620000,29.60000000,229832530,229832530,1782874016628671,True,True
134889464,0.18630000,277.90000000,229832531,229832532,1782874042436333,True,True
134889465,0.18630000,607.50000000,229832533,229832533,1782874042671285,False,True
134889466,0.18630000,607.50000000,229832534,229832534,1782874042674783,False,True
134889467,0.18640000,56.30000000,229832535,229832536,1782874051911574,False,True
134889468,0.18640000,6563.80000000,229832537,229832544,1782874094100848,False,True
134889469,0.18650000,5921.90000000,229832545,229832550,1782874094112341,False,True
134889470,0.18660000,7492.30000000,229832551,229832558,1782874094118845,False,True
134889471,0.18660000,480.00000000,229832559,229832559,1782874094186761,True,True
134889472,0.18670000,53.50000000,229832560,229832560,1782874094229799,False,True
134889473,0.18660000,480.00000000,229832561,229832561,1782874094261244,True,True
134889474,0.18660000,591.60000000,229832562,229832562,1782874094311616,True,True
134889475,0.18660000,91.40000000,229832563,229832563,1782874094656309,False,True
134889476,0.18650000,54.50000000,229832564,229832564,1782874267378867,False,True
134889477,0.18640000,28.10000000,229832565,229832565,1782874344128233,True,True
134889478,0.18630000,199.70000000,229832566,229832567,1782874344128233,True,True
134889479,0.18630000,247.00000000,229832568,229832568,1782874387719448,True,True
134889480,0.18630000,607.50000000,229832569,229832569,1782874414749791,True,True
134889481,0.18640000,6553.00000000,229832570,229832579,1782874429130618,False,True
134889482,0.18650000,3458.00000000,229832580,229832584,1782874429130618,False,True
134889483,0.18640000,349.10000000,229832585,229832585,1782874429132977,True,True
134889484,0.18630000,54.40000000,229832586,229832586,1782874448511439,True,True
134889485,0.18640000,77.10000000,229832587,229832587,1782874459859398,False,True
134889486,0.18650000,28.10000000,229832588,229832588,1782874739862077,False,True
134889487,0.18660000,1971.90000000,229832589,229832592,1782874739862077,False,True
134889488,0.18660000,273.80000000,229832593,229832593,1782874820065975,False,True
134889489,0.18660000,607.50000000,229832594,229832594,1782874842942065,False,True
134889490,0.18670000,392.50000000,229832595,229832595,1782874842942065,False,True
134889491,0.18660000,536.40000000,229832596,229832596,1782874852917308,True,True
134889492,0.18660000,657.40000000,229832597,229832598,1782874871393474,True,True
134889493,0.18650000,1529.00000000,229832599,229832599,1782874889420773,True,True
134889494,0.18650000,1395.00000000,229832600,229832600,1782874889421970,True,True
134889495,0.18650000,594.20000000,229832601,229832601,1782874889429892,True,True
134889496,0.18650000,988.70000000,229832602,229832602,1782874896653450,True,True
