24564881,0.20310000,136.24000000,63088775,63088776,1782864011507970,False,True
24564882,0.20320000,25.70000000,63088777,63088777,1782864023359403,False,True
24564883,0.20320000,1253.53000000,63088778,63088778,1782864035690022,True,True
24564884,0.20310000,320.67000000,63088779,63088779,1782864050172240,True,True
24564885,0.20310000,383.37000000,63088780,63088780,1782864053353317,True,True
24564886,0.20320000,540.00000000,63088781,63088781,1782864065603140,False,True
24564887,0.20330000,3014.89000000,63088782,63088784,1782864065603140,False,True
24564888,0.20310000,1441.62000000,63088785,63088785,1782864075808313,True,True
24564889,0.20300000,565.67000000,63088786,63088787,1782864086410035,True,True
24564890,0.20290000,1938.90000000,63088788,63088790,1782864092997892,True,True
24564891,0.20280000,518.79000000,63088791,63088792,1782864093197600,True,True
24564892,0.20270000,565.71000000,63088793,63088794,1782864115025791,True,True
24564893,0.20260000,185.75000000,63088795,63088795,1782864115347307,True,True
24564894,0.20260000,25.71000000,63088796,63088796,1782864115409197,True,True
24564895,0.20250000,25.72000000,63088797,63088797,1782864138979728,True,True
24564896,0.20260000,25.76000000,63088798,63088798,1782864155448441,False,True
24564897,0.20270000,25.76000000,63088799,63088799,1782864155449299,False,True
24564898,0.20260000,757.20000000,63088800,63088801,1782864157652938,True,True
24564899,0.20250000,25.72000000,63088802,63088802,1782864166601721,True,True
24564900,0.20240000,102.75000000,63088803,63088804,1782864171779780,True,True
24564901,0.20230000,1278.79000000,63088805,63088806,1782864176729332,True,True
24564902,0.20230000,233.60000000,63088807,63088807,1782864177103716,False,True
24564903,0.20220000,25.26000000,63088808,63088808,1782864177288953,True,True
24564904,0.20220000,50.37000000,63088809,63088809,1782864177317431,False,True
24564905,0.20220000,540.00000000,63088810,63088810,1782864179410823,True,True
24564906,0.20210000,980.67000000,63088811,63088813,1782864180096170,True,True
24564907,0.20220000,62.00000000,63088814,63088814,1782864212112819,False,True
24564908,0.20220000,37.70000000,63088815,63088815,1782864216233890,False,True
24564909,0.20220000,8.30000000,63088816,63088816,1782864216793100,False,True
24564910,0.20230000,25.80000000,63088817,63088817,1782864216793100,False,True
24564911,0.20240000,222.25000000,63088818,63088818,1782864216793100,False,True
24564912,0.20240000,1504.97000000,63088819,63088820,1782864220904667,False,True
24564913,0.20240000,300.99000000,63088821,63088821,1782864220909393,False,True
24564914,0.20240000,60.19000000,63088822,63088822,1782864220914442,False,True
24564915,0.20250000,138.94000000,63088823,63088824,1782864227468817,False,True
24564916,0.20250000,113.55000000,63088825,63088826,1782864251523363,False,True
24564917,0.20240000,108.00000000,63088827,63088827,1782864278826464,False,True
24564918,0.20250000,618.17000000,63088828,63088828,1782864302085374,False,True
24564919,0.20250000,123.63000000,63088829,63088829,1782864302088199,False,True
24564920,0.20230000,25.76000000,63088830,63088830,1782864360018993,True,True
24564921,0.20230000,49.43000000,63088831,63088831,1782864367229311,False,True
24564922,0.20220000,25.78000000,63088832,63088832,1782864371258396,True,True
24564923,0.20220000,582.92000000,63088833,63088834,1782864397749853,False,True
24564924,0.20210000,25.78000000,63088835,63088835,1782864406831659,True,True
24564925,0.20220000,6026.77000000,63088836,63088840,1782864412246505,False,True
24564926,0.20230000,77.34000000,63088841,63088841,1782864412247256,False,True
24564927,0.20220000,1478.64000000,63088842,63088842,1782864412247957,False,True
24564928,0.20220000,291.79000000,63088843,63088843,1782864412250600,False,True
24564929,0.20220000,3.93000000,63088844,63088844,1782864412250652,False,True
24564930,0.20220000,591.44000000,63088845,63088846,1782864412253725,True,True
24564931,0.20210000,4409.59000000,63088847,63088853,1782864416084636,True,True
24564932,0.20210000,118.09000000,63088854,63088854,1782864421224857,False,True
24564933,0.20220000,47.50000000,63088855,63088855,1782864422248791,False,True
24564934,0.20220000,47.50000000,63088856,63088856,1782864422248873,False,True
24564935,0.20220000,47.50000000,63088857,63088857,1782864422248884,False,True
24564936,0.20220000,47.50000000,63088858,63088858,1782864422249080,False,True
24564937,0.20220000,47.50000000,63088859,63088859,1782864422249105,False,True
24564938,0.20220000,135.64000000,63088860,63088860,1782864422250627,False,True
24564939,0.20220000,102.48000000,63088861,63088861,1782864428881902,False,True
24564940,0.20220000,698.46000000,63088862,63088864,1782864443301858,False,True
24564941,0.20220000,404.00000000,63088865,63088865,1782864443457424,True,True
24564942,0.20220000,294.46000000,63088866,63088866,1782864443458968,True,True
24564943,0.20220000,188.80000000,63088867,63088868,1782864501563997,False,True
24564944,0.20220000,37.76000000,63088869,63088869,1782864501565592,False,True
24564945,0.20220000,26.20000000,63088870,63088870,1782864510156066,False,True
24564946,0.20220000,26.20000000,63088871,63088871,1782864510161807,False,True
24564947,0.20220000,51.10000000,63088872,63088872,1782864511065184,False,True
24564948,0.20220000,51.10000000,63088873,63088873,1782864511065381,False,True
24564949,0.20220000,49.30000000,63088874,63088874,1782864511286898,False,True
24564950,0.20220000,49.30000000,63088875,63088875,1782864511287017,False,True
24564951,0.20220000,39.40000000,63088876,63088876,1782864511557574,False,True
24564952,0.20220000,39.40000000,63088877,63088877,1782864511558013,False,True
24564953,0.20220000,39.40000000,63088878,63088878,1782864511586966,False,True
24564954,0.20220000,27.60000000,63088879,63088879,1782864511797838,False,True
24564955,0.20220000,27.60000000,63088880,63088880,1782864511798362,False,True
24564956,0.20220000,27.60000000,63088881,63088881,1782864511814645,False,True
24564957,0.20220000,25.30000000,63088882,63088882,1782864512080489,False,True
24564958,0.20220000,25.30000000,63088883,63088883,1782864512080575,False,True
24564959,0.20220000,108.00000000,63088884,63088884,1782864512081906,False,True
24564960,0.20220000,113.72000000,63088885,63088886,1782864517765542,False,True
24564961,0.20220000,27.80000000,63088887,63088887,1782864541278361,False,True
24564962,0.20220000,33.20000000,63088888,63088888,1782864541563427,False,True
24564963,0.20220000,108.00000000,63088889,63088889,1782864545300678,False,True
24564964,0.20230000,678.96000000,63088890,63088892,1782864550874116,False,True
24564965,0.20240000,6422.76000000,63088893,63088899,1782864550874116,False,True
24564966,0.20250000,4047.44000000,63088900,63088904,1782864550874116,False,True
24564967,0.20230000,135.79000000,63088905,63088905,1782864550876559,False,True
24564968,0.20250000,469.53000000,63088906,63088906,1782864561874717,False,True
24564969,0.20250000,93.90000000,63088907,63088907,1782864561877299,False,True
24564970,0.20260000,57.58000000,63088908,63088908,1782864562829410,False,True
24564971,0.20250000,77.38000000,63088909,63088909,1782864563208949,True,True
24564972,0.20230000,25.76000000,63088910,63088910,1782864583086021,True,True
24564973,0.20220000,25.76000000,63088911,63088911,1782864595312259,True,True
24564974,0.20210000,272.10000000,63088912,63088913,1782864604634255,True,True
24564975,0.20230000,883.40000000,63088914,63088917,1782864616149256,False,True
24564976,0.20230000,185.75000000,63088918,63088918,1782864616149600,False,True
24564977,0.20230000,305.88000000,63088919,63088919,1782864616151700,False,True
24564978,0.20240000,51.55000000,63088920,63088921,1782864616195728,False,True
24564979,0.20240000,28.40000000,63088922,63088922,1782864616200659,False,True
24564980,0.20240000,25.30000000,63088923,63088923,1782864616406112,False,True
24564981,0.20240000,25.30000000,63088924,63088924,1782864616606805,False,True
24564982,0.20240000,154.22000000,63088925,63088925,1782864616608339,False,True
24564983,0.20250000,449.91000000,63088926,63088928,1782864665021047,False,True
24564984,0.20250000,629.98000000,63088929,63088930,1782864668448583,False,True
24564985,0.20260000,307.86000000,63088931,63088931,1782864668448583,False,True
24564986,0.20230000,285.76000000,63088932,63088933,1782864708784927,True,True
24564987,0.20220000,396.58000000,63088934,63088935,1782864723602788,True,True
24564988,0.20220000,118.28000000,63088936,63088936,1782864746766233,False,True
24564989,0.20220000,1793.53000000,63088937,63088938,1782864758564631,True,True
24564990,0.20220000,108.00000000,63088939,63088939,1782864761397096,False,True
24564991,0.20230000,103.70000000,63088940,63088941,1782864777624298,False,True
24564992,0.20230000,750.19000000,63088942,63088943,1782864777624925,False,True
24564993,0.20230000,150.03000000,63088944,63088944,1782864777628070,False,True
24564994,0.20240000,1027.44000000,63088945,63088948,1782864783947181,False,True
24564995,0.20240000,216.19000000,63088949,63088949,1782864783948539,True,True
24564996,0.20240000,604.13000000,63088950,63088950,1782864785427741,True,True
24564997,0.20240000,1152.24000000,63088951,63088951,1782864785427999,True,True
24564998,0.20230000,25.76000000,63088952,63088952,1782864787751749,True,True
24564999,0.20230000,640.80000000,63088953,63088954,1782864808738163,True,True
24565000,0.20230000,998.30000000,63088955,63088955,1782864809733400,False,True
24565001,0.20230000,1180.90000000,63088956,63088957,1782864809733532,False,True
24565002,0.20230000,404.00000000,63088958,63088958,1782864809735101,False,True
24565003,0.20230000,31.84000000,63088959,63088959,1782864809736203,False,True
24565004,0.20230000,54.37000000,63088960,63088960,1782864809737574,False,True
24565005,0.20230000,0.95000000,63088961,63088961,1782864809739085,False,True
24565006,0.20240000,138.94000000,63088962,63088963,1782864812225838,False,True
24565007,0.20250000,25.79000000,63088964,63088964,1782864813447012,False,True
24565008,0.20260000,1126.45000000,63088965,63088967,1782864813447012,False,True
24565009,0.20260000,1241.45000000,63088968,63088968,1782864813448356,False,True
24565010,0.20260000,5087.80000000,63088969,63088971,1782864814463191,True,True
24565011,0.20270000,25.76000000,63088972,63088972,1782864822508898,False,True
24565012,0.20280000,25.74000000,63088973,63088973,1782864822508898,False,True
24565013,0.20290000,168.43000000,63088974,63088975,1782864823174246,False,True
24565014,0.20290000,1046.82000000,63088976,63088976,1782864828262568,False,True
24565015,0.20290000,50.56000000,63088977,63088977,1782864828263997,False,True
24565016,0.20290000,50.52000000,63088978,63088978,1782864828264741,False,True
24565017,0.20290000,108.28000000,63088979,63088979,1782864828264824,False,True
24565018,0.20300000,25.72000000,63088980,63088980,1782864835435761,False,True
24565019,0.20300000,1356.70000000,63088981,63088982,1782864835550243,True,True
24565020,0.20300000,504.18000000,63088983,63088983,1782864844697288,True,True
24565021,0.20300000,108.00000000,63088984,63088984,1782864900718881,False,True
24565022,0.20300000,108.00000000,63088985,63088985,1782864911082323,False,True
24565023,0.20310000,138.84000000,63088986,63088987,1782864915740961,False,True
24565024,0.20310000,27.76000000,63088988,63088988,1782864915742630,False,True
24565025,0.20320000,258.42000000,63088989,63088990,1782864938082869,False,True
24565026,0.20320000,51.68000000,63088991,63088991,1782864938085600,False,True
24565027,0.20330000,701.44000000,63088992,63088994,1782864938200506,False,True
24565028,0.20330000,77.12000000,63088995,63088995,1782864938225520,True,True
24565029,0.20320000,1819.17000000,63088996,63088998,1782864944181077,True,True
24565030,0.20310000,25.64000000,63088999,63088999,1782864944249920,True,True
24565031,0.20300000,25.67000000,63089000,63089000,1782864944496184,True,True
24565032,0.20290000,446.44000000,63089001,63089003,1782864944562832,True,True
24565033,0.20280000,25.70000000,63089004,63089004,1782864961217512,True,True
24565034,0.20280000,283.16000000,63089005,63089006,1782864969290806,False,True
24565035,0.20280000,139.85000000,63089007,63089008,1782864972084118,False,True
24565036,0.20280000,27.97000000,63089009,63089009,1782864972087635,False,True
24565037,0.20290000,427.18000000,63089010,63089011,1782865021667529,False,True
24565038,0.20290000,85.43000000,63089012,63089012,1782865021670651,False,True
24565039,0.20300000,166.54000000,63089013,63089014,1782865022545641,False,True
24565040,0.20300000,33.30000000,63089015,63089015,1782865029565018,False,True
24565041,0.20310000,25.70000000,63089016,63089016,1782865029565751,False,True
24565042,0.20320000,72.90000000,63089017,63089018,1782865029565751,False,True
24565043,0.20320000,98.60000000,63089019,63089019,1782865029565790,False,True
24565044,0.20320000,98.60000000,63089020,63089020,1782865029565798,False,True
24565045,0.20320000,98.60000000,63089021,63089021,1782865029565837,False,True
24565046,0.20320000,98.60000000,63089022,63089022,1782865029565954,False,True
24565047,0.20320000,98.60000000,63089023,63089023,1782865029566218,False,True
24565048,0.20320000,98.60000000,63089024,63089024,1782865029566271,False,True
24565049,0.20320000,98.60000000,63089025,63089025,1782865029566855,False,True
24565050,0.20330000,98.60000000,63089026,63089026,1782865029567041,False,True
24565051,0.20330000,98.60000000,63089027,63089027,1782865029567175,False,True
24565052,0.20330000,98.60000000,63089028,63089028,1782865029567203,False,True
24565053,0.20330000,98.60000000,63089029,63089029,1782865029567254,False,True
24565054,0.20330000,98.60000000,63089030,63089031,1782865029567294,False,True
24565055,0.20330000,98.60000000,63089032,63089032,1782865029567332,False,True
24565056,0.20330000,98.60000000,63089033,63089033,1782865029567380,False,True
24565057,0.20330000,98.60000000,63089034,63089034,1782865029567399,False,True
24565058,0.20330000,98.60000000,63089035,63089035,1782865029567405,False,True
24565059,0.20330000,98.60000000,63089036,63089037,1782865029567421,False,True
24565060,0.20320000,98.60000000,63089038,63089038,1782865029567570,False,True
24565061,0.20320000,67.15000000,63089039,63089039,1782865029568253,False,True
24565062,0.20330000,31.45000000,63089040,63089041,1782865029568253,False,True
24565063,0.20330000,98.60000000,63089042,63089042,1782865029586905,False,True
24565064,0.20330000,47.60000000,63089043,63089043,1782865029587144,False,True
24565065,0.20340000,51.00000000,63089044,63089044,1782865029587144,False,True
24565066,0.20340000,98.60000000,63089045,63089045,1782865029587445,False,True
24565067,0.20320000,25.64000000,63089046,63089046,1782865032385248,True,True
24565068,0.20310000,25.64000000,63089047,63089047,1782865032588848,True,True
24565069,0.20300000,25.66000000,63089048,63089048,1782865035936185,True,True
24565070,0.20290000,25.66000000,63089049,63089049,1782865074000890,True,True
24565071,0.20280000,25.70000000,63089050,63089050,1782865074404710,True,True
24565072,0.20270000,274.52000000,63089051,63089052,1782865093607652,True,True
24565073,0.20260000,25.71000000,63089053,63089053,1782865103847372,True,True
24565074,0.20250000,160.04000000,63089054,63089054,1782865103847372,True,True
24565075,0.20250000,883.40000000,63089055,63089057,1782865103847592,True,True
24565076,0.20250000,119.99000000,63089058,63089058,1782865103849763,True,True
24565077,0.20240000,2075.43000000,63089059,63089062,1782865109399239,True,True
24565078,0.20240000,1560.20000000,63089063,63089065,1782865138780909,True,True
24565079,0.20230000,1467.38000000,63089066,63089067,1782865138784034,True,True
24565080,0.20220000,25.78000000,63089068,63089068,1782865179450866,True,True
24565081,0.20210000,25.78000000,63089069,63089069,1782865182593432,True,True
24565082,0.20200000,404.00000000,63089070,63089073,1782865198006893,True,True
24565083,0.20200000,2617.45000000,63089074,63089080,1782865198007027,True,True
24565084,0.20200000,50.60000000,63089081,63089081,1782865198065190,False,True
24565085,0.20200000,285.95000000,63089082,63089083,1782865199944026,False,True
24565086,0.20200000,1100.01000000,63089084,63089085,1782865200497609,False,True
24565087,0.20200000,200.27000000,63089086,63089086,1782865200501926,False,True
24565088,0.20200000,19.73000000,63089087,63089087,1782865200502148,False,True
24565089,0.20210000,7.87000000,63089088,63089088,1782865200502148,False,True
24565090,0.20210000,117.72000000,63089089,63089090,1782865201105042,False,True
24565091,0.20220000,70.80000000,63089091,63089092,1782865212199160,False,True
24565092,0.20220000,68.19000000,63089093,63089093,1782865222745365,False,True
24565093,0.20230000,25.80000000,63089094,63089094,1782865235283684,False,True
24565094,0.20240000,25.79000000,63089095,63089095,1782865235285508,False,True
24565095,0.20250000,25.79000000,63089096,63089096,1782865235285508,False,True
24565096,0.20260000,47.32000000,63089097,63089097,1782865235285508,False,True
24565097,0.20260000,98.90000000,63089098,63089098,1782865235285777,False,True
24565098,0.20260000,98.90000000,63089099,63089099,1782865235287426,False,True
24565099,0.20260000,98.90000000,63089100,63089100,1782865235292124,False,True
24565100,0.20260000,98.90000000,63089101,63089101,1782865235292547,False,True
24565101,0.20260000,98.90000000,63089102,63089103,1782865235296125,False,True
24565102,0.20260000,98.90000000,63089104,63089105,1782865235296592,False,True
24565103,0.20260000,98.90000000,63089106,63089106,1782865235299136,False,True
24565104,0.20260000,98.90000000,63089107,63089107,1782865235300244,False,True
24565105,0.20260000,98.90000000,63089108,63089108,1782865235301684,False,True
24565106,0.20260000,98.90000000,63089109,63089109,1782865235303104,False,True
24565107,0.20260000,98.90000000,63089110,63089110,1782865235303416,False,True
24565108,0.20260000,98.90000000,63089111,63089111,1782865235303683,False,True
24565109,0.20260000,33.60000000,63089112,63089112,1782865235304776,False,True
24565110,0.20260000,98.90000000,63089113,63089113,1782865235304925,False,True
24565111,0.20260000,65.30000000,63089114,63089114,1782865235305124,False,True
24565112,0.20260000,89.66000000,63089115,63089115,1782865235305832,False,True
24565113,0.20270000,9.24000000,63089116,63089116,1782865235305832,False,True
24565114,0.20270000,98.90000000,63089117,63089117,1782865235306552,False,True
24565115,0.20270000,98.90000000,63089118,63089118,1782865235306952,False,True
24565116,0.20270000,98.90000000,63089119,63089119,1782865235308477,False,True
24565117,0.20270000,98.90000000,63089120,63089120,1782865235310520,False,True
24565118,0.20270000,98.90000000,63089121,63089121,1782865235323891,False,True
24565119,0.20270000,987.17000000,63089122,63089123,1782865236710651,False,True
24565120,0.20270000,785.38000000,63089124,63089124,1782865236710783,False,True
24565121,0.20260000,1846.92000000,63089125,63089126,1782865275135042,True,True
24565122,0.20250000,185.75000000,63089127,63089127,1782865275323644,True,True
24565123,0.20250000,216.14000000,63089128,63089129,1782865284488305,True,True
24565124,0.20250000,69.60000000,63089130,63089130,1782865284492412,True,True
24565125,0.20240000,274.55000000,63089131,63089132,1782865284769968,True,True
24565126,0.20240000,540.00000000,63089133,63089133,1782865284772423,False,True
24565127,0.20230000,86.70000000,63089134,63089135,1782865292250631,True,True
24565128,0.20230000,222.73000000,63089136,63089137,1782865305471722,False,True
24565129,0.20220000,1688.45000000,63089138,63089142,1782865312609821,True,True
24565130,0.20210000,1166.98000000,63089143,63089144,1782865312609821,True,True
24565131,0.20210000,1693.82000000,63089145,63089146,1782865312650377,True,True
24565132,0.20210000,53.90000000,63089147,63089147,1782865312777892,True,True
24565133,0.20210000,49.09000000,63089148,63089148,1782865312808160,True,True
24565134,0.20210000,56.21000000,63089149,63089149,1782865312818411,True,True
24565135,0.20220000,67.60000000,63089150,63089150,1782865314042079,False,True
24565136,0.20220000,34.30000000,63089151,63089151,1782865315020710,False,True
24565137,0.20220000,30.80000000,63089152,63089152,1782865315226520,False,True
24565138,0.20220000,25.30000000,63089153,63089153,1782865315512478,False,True
24565139,0.20220000,25.30000000,63089154,63089155,1782865315713374,False,True
24565140,0.20220000,227.27000000,63089156,63089156,1782865315904571,False,True
24565141,0.20220000,45.45000000,63089157,63089157,1782865315905878,False,True
24565142,0.20230000,25.30000000,63089158,63089158,1782865315920999,False,True
24565143,0.20210000,108.00000000,63089159,63089159,1782865318599632,False,True
24565144,0.20210000,192.49000000,63089160,63089161,1782865356341071,True,True
24565145,0.20220000,785.76000000,63089162,63089163,1782865387979063,False,True
24565146,0.20220000,157.15000000,63089164,63089164,1782865387981477,False,True
24565147,0.20220000,31.43000000,63089165,63089165,1782865387983647,False,True
24565148,0.20210000,1295.28000000,63089166,63089169,1782865422854620,True,True
24565149,0.20210000,115.01000000,63089170,63089171,1782865497083132,False,True
24565150,0.20210000,129.60000000,63089172,63089172,1782865497087478,False,True
24565151,0.20210000,25.92000000,63089173,63089173,1782865497088750,False,True
24565152,0.20210000,103.68000000,63089174,63089174,1782865533925043,True,True
24565153,0.20200000,25.80000000,63089175,63089175,1782865537826369,True,True
24565154,0.20190000,25.26000000,63089176,63089176,1782865539914704,True,True
24565155,0.20180000,305.98000000,63089177,63089177,1782865539923360,True,True
24565156,0.20180000,137.11000000,63089178,63089178,1782865539927830,True,True
24565157,0.20180000,3609.04000000,63089179,63089179,1782865539957320,True,True
24565158,0.20180000,1605.56000000,63089180,63089180,1782865539957559,True,True
24565159,0.20180000,117.33000000,63089181,63089181,1782865539961787,True,True
24565160,0.20180000,1105.26000000,63089182,63089182,1782865539980614,True,True
24565161,0.20180000,140.51000000,63089183,63089183,1782865540001716,True,True
24565162,0.20180000,125.76000000,63089184,63089184,1782865540002269,True,True
24565163,0.20180000,3138.71000000,63089185,63089187,1782865540015401,True,True
24565164,0.20170000,73.06000000,63089188,63089189,1782865540133666,True,True
24565165,0.20170000,1172.69000000,63089190,63089192,1782865540185955,False,True
24565166,0.20170000,197.69000000,63089193,63089193,1782865540224022,False,True
24565167,0.20170000,108.00000000,63089194,63089194,1782865548333906,False,True
24565168,0.20180000,54.80000000,63089195,63089196,1782865559073041,False,True
24565169,0.20180000,25.70000000,63089197,63089197,1782865560658808,False,True
24565170,0.20180000,863.79000000,63089198,63089198,1782865561813401,False,True
24565171,0.20170000,1793.14000000,63089199,63089203,1782865562192507,True,True
24565172,0.20170000,48.35000000,63089204,63089204,1782865562210742,True,True
24565173,0.20180000,108.00000000,63089205,63089205,1782865562585626,False,True
24565174,0.20190000,25.86000000,63089206,63089206,1782865579008662,False,True
24565175,0.20180000,25.83000000,63089207,63089207,1782865581831419,True,True
24565176,0.20170000,304.98000000,63089208,63089208,1782865588088155,True,True
24565177,0.20170000,25.84000000,63089209,63089209,1782865592296951,True,True
24565178,0.20170000,108.00000000,63089210,63089210,1782865598207664,False,True
24565179,0.20180000,1822.75000000,63089211,63089212,1782865598207664,False,True
24565180,0.20160000,111.50000000,63089213,63089214,1782865612938981,True,True
24565181,0.20160000,53.78000000,63089215,63089215,1782865612938981,True,True
24565182,0.20150000,565.26000000,63089216,63089217,1782865613244795,True,True
24565183,0.20140000,318.14000000,63089218,63089219,1782865613244795,True,True
24565184,0.20140000,185.75000000,63089220,63089220,1782865613244888,True,True
24565185,0.20140000,61.37000000,63089221,63089221,1782865618310141,True,True
24565186,0.20140000,993.30000000,63089222,63089224,1782865625679738,False,True
24565187,0.20140000,7.89000000,63089225,63089225,1782865625679742,False,True
24565188,0.20140000,192.34000000,63089226,63089226,1782865625682826,False,True
24565189,0.20150000,25.91000000,63089227,63089227,1782865625682905,False,True
24565190,0.20160000,684.60000000,63089228,63089229,1782865629886019,False,True
24565191,0.20150000,25.87000000,63089230,63089230,1782865678915555,True,True
24565192,0.20150000,183.62000000,63089231,63089232,1782865686831465,False,True
24565193,0.20150000,36.72000000,63089233,63089233,1782865692296647,False,True
24565194,0.20160000,99.30000000,63089234,63089234,1782865692299542,False,True
24565195,0.20160000,99.30000000,63089235,63089235,1782865692299743,False,True
24565196,0.20160000,8443.88000000,63089236,63089236,1782865692299822,False,True
24565197,0.20160000,99.30000000,63089237,63089237,1782865692299867,False,True
24565198,0.20160000,99.30000000,63089238,63089238,1782865692299898,False,True
24565199,0.20160000,99.30000000,63089239,63089239,1782865692299964,False,True
24565200,0.20160000,99.30000000,63089240,63089240,1782865692300216,False,True
24565201,0.20160000,99.30000000,63089241,63089241,1782865692300357,False,True
24565202,0.20160000,99.30000000,63089242,63089242,1782865692300364,False,True
24565203,0.20160000,1181.00000000,63089243,63089243,1782865692300668,False,True
24565204,0.20160000,99.30000000,63089244,63089244,1782865692300735,False,True
24565205,0.20160000,99.30000000,63089245,63089245,1782865692300794,False,True
24565206,0.20160000,99.30000000,63089246,63089246,1782865692300921,False,True
24565207,0.20160000,99.30000000,63089247,63089247,1782865692300949,False,True
24565208,0.20160000,99.30000000,63089248,63089248,1782865692300998,False,True
24565209,0.20160000,99.30000000,63089249,63089249,1782865692301023,False,True
24565210,0.20160000,99.30000000,63089250,63089250,1782865692301056,False,True
24565211,0.20160000,99.30000000,63089251,63089251,1782865692301096,False,True
24565212,0.20160000,99.30000000,63089252,63089252,1782865692301153,False,True
24565213,0.20160000,99.30000000,63089253,63089253,1782865692301187,False,True
24565214,0.20160000,99.30000000,63089254,63089254,1782865692301193,False,True
24565215,0.20160000,99.30000000,63089255,63089255,1782865692301346,False,True
24565216,0.20160000,99.30000000,63089256,63089256,1782865692301518,False,True
24565217,0.20160000,99.30000000,63089257,63089257,1782865692302094,False,True
24565218,0.20160000,3222.72000000,63089258,63089258,1782865692302721,False,True
24565219,0.20160000,437.27000000,63089259,63089259,1782865692302998,False,True
24565220,0.20160000,1270.22000000,63089260,63089260,1782865692303079,False,True
24565221,0.20160000,437.25000000,63089261,63089261,1782865692303102,False,True
24565222,0.20160000,437.25000000,63089262,63089262,1782865692303107,False,True
24565223,0.20160000,1566.54000000,63089263,63089263,1782865692303188,False,True
24565224,0.20160000,437.22000000,63089264,63089264,1782865692303322,False,True
24565225,0.20160000,437.20000000,63089265,63089265,1782865692303958,False,True
24565226,0.20160000,437.26000000,63089266,63089266,1782865692304387,False,True
24565227,0.20160000,99.30000000,63089267,63089267,1782865692321460,False,True
24565228,0.20160000,99.30000000,63089268,63089268,1782865692321703,False,True
24565229,0.20160000,99.30000000,63089269,63089269,1782865692322766,False,True
24565230,0.20150000,3048.72000000,63089270,63089275,1782865692357317,True,True
24565231,0.20150000,108.00000000,63089276,63089276,1782865727746189,False,True
24565232,0.20160000,437.27000000,63089277,63089277,1782865740649544,False,True
24565233,0.20160000,185.10000000,63089278,63089278,1782865740649644,False,True
24565234,0.20160000,437.27000000,63089279,63089279,1782865740696475,False,True
24565235,0.20160000,252.20000000,63089280,63089280,1782865740696538,False,True
24565236,0.20160000,437.27000000,63089281,63089281,1782865740696715,False,True
24565237,0.20160000,93.20000000,63089282,63089282,1782865741086292,False,True
24565238,0.20160000,78.00000000,63089283,63089283,1782865742085917,False,True
24565239,0.20160000,437.27000000,63089284,63089284,1782865743202273,False,True
24565240,0.20160000,266.10000000,63089285,63089285,1782865743202472,False,True
24565241,0.20160000,233.92000000,63089286,63089286,1782865743202731,False,True
24565242,0.20160000,134.52000000,63089287,63089287,1782865750757996,False,True
24565243,0.20160000,113.80000000,63089288,63089288,1782865751400243,False,True
24565244,0.20150000,760.20000000,63089289,63089289,1782865763814311,True,True
24565245,0.20150000,108.00000000,63089290,63089290,1782865778209017,False,True
24565246,0.20150000,540.00000000,63089291,63089291,1782865786915902,True,True
24565247,0.20140000,6166.93000000,63089292,63089306,1782865786915902,True,True
24565248,0.20130000,3293.07000000,63089307,63089311,1782865786915902,True,True
24565249,0.20140000,1080.48000000,63089312,63089314,1782865798502317,True,True
24565250,0.20140000,325.64000000,63089315,63089316,1782865798503947,True,True
24565251,0.20140000,437.33000000,63089317,63089317,1782865798505229,True,True
24565252,0.20140000,874.66000000,63089318,63089319,1782865798505243,True,True
24565253,0.20140000,437.33000000,63089320,63089320,1782865798505488,True,True
24565254,0.20140000,437.33000000,63089321,63089321,1782865798505614,True,True
24565255,0.20140000,166.30000000,63089322,63089322,1782865798507609,True,True
24565256,0.20140000,437.33000000,63089323,63089323,1782865798508297,True,True
24565257,0.20140000,133.35000000,63089324,63089325,1782865802371057,False,True
24565258,0.20140000,26.67000000,63089326,63089326,1782865802372424,False,True
24565259,0.20150000,1393.11000000,63089327,63089328,1782865805435268,False,True
24565260,0.20150000,278.62000000,63089329,63089329,1782865805437878,False,True
24565261,0.20150000,55.72000000,63089330,63089330,1782865805439825,False,True
24565262,0.20160000,83.22000000,63089331,63089331,1782865805439825,False,True
24565263,0.20160000,97.99000000,63089332,63089332,1782865805439941,False,True
24565264,0.20150000,2013.73000000,63089333,63089334,1782865809757523,True,True
24565265,0.20140000,1279.41000000,63089335,63089336,1782865829858389,True,True
24565266,0.20140000,108.00000000,63089337,63089337,1782865835189957,False,True
24565267,0.20150000,1395.76000000,63089338,63089339,1782865838317661,False,True
24565268,0.20150000,167.83000000,63089340,63089340,1782865838320469,False,True
24565269,0.20160000,437.27000000,63089341,63089341,1782865842331130,False,True
24565270,0.20160000,437.24000000,63089342,63089342,1782865842331706,False,True
24565271,0.20160000,437.30000000,63089343,63089343,1782865842331969,False,True
24565272,0.20160000,437.27000000,63089344,63089344,1782865842332767,False,True
24565273,0.20160000,437.27000000,63089345,63089345,1782865842333455,False,True
24565274,0.20160000,437.27000000,63089346,63089346,1782865842333537,False,True
24565275,0.20150000,2551.03000000,63089347,63089349,1782865842640250,True,True
24565276,0.20140000,1449.42000000,63089350,63089352,1782865842640250,True,True
24565277,0.20160000,437.30000000,63089353,63089353,1782865851667764,False,True
24565278,0.20160000,437.30000000,63089354,63089354,1782865851667920,False,True
24565279,0.20160000,437.30000000,63089355,63089355,1782865851668049,False,True
24565280,0.20160000,437.30000000,63089356,63089356,1782865851668202,False,True
24565281,0.20160000,170.62000000,63089357,63089357,1782865851669175,False,True
24565282,0.20160000,437.30000000,63089358,63089358,1782865851669443,False,True
24565283,0.20160000,437.30000000,63089359,63089359,1782865851669905,False,True
24565284,0.20160000,37864.01000000,63089360,63089363,1782865851670315,False,True
24565285,0.20160000,49.62000000,63089364,63089364,1782865851672812,False,True
24565286,0.20160000,5843.29000000,63089365,63089365,1782865851673450,False,True
24565287,0.20160000,1767.35000000,63089366,63089366,1782865851673642,False,True
24565288,0.20170000,1035.04000000,63089367,63089368,1782865851673966,False,True
24565289,0.20180000,109.26000000,63089369,63089370,1782865851673966,False,True
24565290,0.20170000,207.00000000,63089371,63089371,1782865851676225,False,True
24565291,0.20180000,181.11000000,63089372,63089372,1782865851676225,False,True
24565292,0.20160000,242.00000000,63089373,63089373,1782865867922420,True,True
24565293,0.20170000,108.00000000,63089374,63089374,1782865870609078,False,True
24565294,0.20180000,769.63000000,63089375,63089376,1782865871431424,False,True
24565295,0.20170000,2871.35000000,63089377,63089378,1782865873524323,True,True
24565296,0.20160000,154.27000000,63089379,63089379,1782865876476685,True,True
24565297,0.20150000,185.75000000,63089380,63089380,1782865876673900,True,True
24565298,0.20150000,1445.20000000,63089381,63089381,1782865876820741,True,True
24565299,0.20150000,532.63000000,63089382,63089383,1782865876822270,True,True
24565300,0.20150000,540.00000000,63089384,63089384,1782865878533905,False,True
24565301,0.20150000,108.00000000,63089385,63089385,1782865878534183,False,True
24565302,0.20150000,972.00000000,63089386,63089387,1782865880654541,True,True
24565303,0.20140000,1360.39000000,63089388,63089390,1782865897299141,True,True
24565304,0.20130000,456.29000000,63089391,63089392,1782865898148938,True,True
24565305,0.20140000,182.90000000,63089393,63089394,1782865908159594,False,True
24565306,0.20130000,531.05000000,63089395,63089395,1782865914665784,True,True
24565307,0.20130000,722.48000000,63089396,63089396,1782865914666327,True,True
24565308,0.20120000,402.18000000,63089397,63089398,1782865916391591,True,True
24565309,0.20120000,108.00000000,63089399,63089399,1782865920697739,False,True
24565310,0.20120000,50.56000000,63089400,63089400,1782865922881647,False,True
24565311,0.20120000,57.44000000,63089401,63089401,1782865922882820,False,True
24565312,0.20120000,108.00000000,63089402,63089402,1782865952661499,False,True
24565313,0.20130000,711.54000000,63089403,63089404,1782865956600735,False,True
24565314,0.20110000,25.26000000,63089405,63089405,1782865964848556,True,True
24565315,0.20110000,50.56000000,63089406,63089406,1782865966532723,False,True
24565316,0.20110000,50.52000000,63089407,63089408,1782865966532888,False,True
24565317,0.20110000,773.84000000,63089409,63089410,1782865968393344,False,True
24565318,0.20110000,154.76000000,63089411,63089411,1782865968396116,False,True
24565319,0.20110000,30.95000000,63089412,63089412,1782865968744201,False,True
24565320,0.20120000,314.97000000,63089413,63089413,1782865968744201,False,True
24565321,0.20120000,272.77000000,63089414,63089414,1782865980665503,False,True
24565322,0.20120000,108.10000000,63089415,63089415,1782865980684449,False,True
24565323,0.20120000,6.50000000,63089416,63089416,1782865980721751,False,True
24565324,0.20120000,1040.65000000,63089417,63089417,1782866015852352,True,True
24565325,0.20120000,212.88000000,63089418,63089418,1782866015853740,True,True
24565326,0.20120000,108.00000000,63089419,63089419,1782866028203434,False,True
24565327,0.20130000,471.80000000,63089420,63089421,1782866029923872,False,True
24565328,0.20120000,407.63000000,63089422,63089423,1782866067485292,False,True
24565329,0.20110000,396.12000000,63089424,63089425,1782866077771675,True,True
24565330,0.20120000,129.60000000,63089426,63089426,1782866090168326,False,True
24565331,0.20120000,25.92000000,63089427,63089427,1782866097718253,False,True
24565332,0.20130000,139.12000000,63089428,63089429,1782866100675615,False,True
24565333,0.20120000,408.57000000,63089430,63089431,1782866107772043,True,True
24565334,0.20110000,121.70000000,63089432,63089432,1782866113949237,True,True
24565335,0.20110000,55.12000000,63089433,63089433,1782866113950671,True,True
24565336,0.20100000,33.29000000,63089434,63089434,1782866117401418,True,True
24565337,0.20100000,1160.10000000,63089435,63089439,1782866127415116,True,True
24565338,0.20100000,648.00000000,63089440,63089441,1782866129358566,False,True
24565339,0.20090000,25.26000000,63089442,63089442,1782866133615434,True,True
24565340,0.20090000,108.00000000,63089443,63089443,1782866137489417,False,True
24565341,0.20090000,302.53000000,63089444,63089444,1782866137772109,True,True
24565342,0.20090000,423.09000000,63089445,63089446,1782866150522568,False,True
24565343,0.20080000,1933.10000000,63089447,63089450,1782866157476356,True,True
24565344,0.20080000,108.00000000,63089451,63089451,1782866160729045,False,True
24565345,0.20090000,252.82000000,63089452,63089452,1782866160911174,False,True
24565346,0.20090000,211.95000000,63089453,63089453,1782866165185962,False,True
24565347,0.20080000,209.88000000,63089454,63089454,1782866172771901,True,True
24565348,0.20090000,39.93000000,63089455,63089455,1782866179620808,False,True
24565349,0.20090000,398.32000000,63089456,63089456,1782866187905446,False,True
24565350,0.20090000,79.66000000,63089457,63089457,1782866187911596,False,True
24565351,0.20090000,181.66000000,63089458,63089460,1782866197772302,True,True
24565352,0.20090000,1231.19000000,63089461,63089461,1782866201338972,True,True
24565353,0.20090000,108.00000000,63089462,63089462,1782866220646958,False,True
24565354,0.20080000,305.57000000,63089463,63089463,1782866227772062,True,True
24565355,0.20090000,108.00000000,63089464,63089464,1782866237370618,False,True
24565356,0.20080000,1065.58000000,63089465,63089466,1782866243980151,True,True
24565357,0.20070000,253.57000000,63089467,63089469,1782866257772204,True,True
24565358,0.20080000,181.67000000,63089470,63089470,1782866272666171,False,True
24565359,0.20070000,700.22000000,63089471,63089471,1782866280885412,True,True
24565360,0.20070000,108.00000000,63089472,63089472,1782866293580739,False,True
24565361,0.20080000,679.98000000,63089473,63089475,1782866294020820,False,True
24565362,0.20070000,286.39000000,63089476,63089476,1782866297780266,True,True
24565363,0.20070000,33.80000000,63089477,63089477,1782866299720931,True,True
24565364,0.20060000,160.19000000,63089478,63089479,1782866317773038,True,True
24565365,0.20060000,1253.53000000,63089480,63089480,1782866322493379,True,True
24565366,0.20050000,2319.15000000,63089481,63089484,1782866327009533,True,True
24565367,0.20040000,896.01000000,63089485,63089487,1782866327009533,True,True
24565368,0.20040000,190.88000000,63089488,63089488,1782866330558282,True,True
24565369,0.20040000,108.00000000,63089489,63089489,1782866330596040,False,True
24565370,0.20050000,679.24000000,63089490,63089492,1782866330598111,False,True
24565371,0.20050000,210.68000000,63089493,63089494,1782866330620143,False,True
24565372,0.20050000,42.13000000,63089495,63089495,1782866331292629,False,True
24565373,0.20060000,233.89000000,63089496,63089497,1782866333751381,False,True
24565374,0.20050000,299.57000000,63089498,63089498,1782866337772009,True,True
24565375,0.20050000,294.91000000,63089499,63089499,1782866377772342,True,True
24565376,0.20040000,116.40000000,63089500,63089501,1782866402080944,True,True
24565377,0.20040000,125.62000000,63089502,63089503,1782866402081024,True,True
24565378,0.20030000,25.26000000,63089504,63089504,1782866417780073,True,True
24565379,0.20020000,209.88000000,63089505,63089506,1782866417780073,True,True
24565380,0.20020000,778.89000000,63089507,63089507,1782866420077542,True,True
24565381,0.20030000,282.70000000,63089508,63089510,1782866424953185,False,True
24565382,0.20030000,49.97000000,63089511,63089511,1782866424958007,False,True
24565383,0.20030000,46.50000000,63089512,63089512,1782866424958693,False,True
24565384,0.20030000,74.00000000,63089513,63089513,1782866432209121,False,True
24565385,0.20020000,113.66000000,63089514,63089514,1782866437772380,True,True
24565386,0.20030000,0.19000000,63089515,63089515,1782866439898282,False,True
24565387,0.20040000,99.71000000,63089516,63089516,1782866439898282,False,True
24565388,0.20040000,99.90000000,63089517,63089517,1782866439898486,False,True
24565389,0.20040000,106.59000000,63089518,63089518,1782866439952387,False,True
24565390,0.20040000,93.38000000,63089519,63089519,1782866439953486,False,True
24565391,0.20050000,13.22000000,63089520,63089520,1782866439953486,False,True
24565392,0.20050000,280.98000000,63089521,63089522,1782866441894848,False,True
24565393,0.20050000,173.72000000,63089523,63089523,1782866441895194,False,True
24565394,0.20060000,224.42000000,63089524,63089525,1782866441895626,False,True
24565395,0.20060000,163.68000000,63089526,63089526,1782866441896529,False,True
24565396,0.20050000,90.94000000,63089527,63089527,1782866442037028,False,True
24565397,0.20050000,125.96000000,63089528,63089528,1782866452772124,True,True
24565398,0.20040000,26.02000000,63089529,63089529,1782866463846169,True,True
24565399,0.20030000,133.12000000,63089530,63089531,1782866467772671,True,True
24565400,0.20030000,33.90000000,63089532,63089532,1782866490729090,False,True
24565401,0.20020000,152.59000000,63089533,63089533,1782866497772604,True,True
24565402,0.20030000,998.76000000,63089534,63089535,1782866509756030,False,True
24565403,0.20030000,786.26000000,63089536,63089537,1782866509756031,False,True
24565404,0.20040000,1256.21000000,63089538,63089539,1782866509756072,False,True
24565405,0.20030000,99.90000000,63089540,63089540,1782866509759129,False,True
24565406,0.20030000,99.90000000,63089541,63089541,1782866509759428,False,True
24565407,0.20030000,99.90000000,63089542,63089542,1782866509759682,False,True
24565408,0.20030000,57.30000000,63089543,63089543,1782866509759706,False,True
24565409,0.20050000,42.60000000,63089544,63089545,1782866509759706,False,True
24565410,0.20050000,28.00000000,63089546,63089546,1782866509759911,False,True
24565411,0.20050000,99.90000000,63089547,63089547,1782866509759961,False,True
24565412,0.20030000,51.42000000,63089548,63089548,1782866509762599,False,True
24565413,0.20050000,371.50000000,63089549,63089549,1782866509765292,False,True
24565414,0.20050000,1033.38000000,63089550,63089551,1782866509765667,False,True
24565415,0.20060000,859.62000000,63089552,63089554,1782866509765667,False,True
24565416,0.20050000,82.50000000,63089555,63089555,1782866509780957,False,True
24565417,0.20040000,142.48000000,63089556,63089557,1782866522777348,True,True
24565418,0.20050000,99.80000000,63089558,63089558,1782866544972425,False,True
24565419,0.20050000,99.80000000,63089559,63089560,1782866544972607,False,True
24565420,0.20050000,99.80000000,63089561,63089561,1782866544973283,False,True
24565421,0.20050000,99.80000000,63089562,63089562,1782866544973360,False,True
24565422,0.20050000,12.18000000,63089563,63089563,1782866544973434,False,True
24565423,0.20060000,87.62000000,63089564,63089565,1782866544973434,False,True
24565424,0.20060000,99.80000000,63089566,63089566,1782866544973477,False,True
24565425,0.20060000,99.80000000,63089567,63089567,1782866544973535,False,True
24565426,0.20060000,99.80000000,63089568,63089568,1782866544973598,False,True
24565427,0.20050000,99.80000000,63089569,63089569,1782866544973846,False,True
24565428,0.20050000,66.10000000,63089570,63089570,1782866544973894,False,True
24565429,0.20060000,33.70000000,63089571,63089571,1782866544973894,False,True
24565430,0.20050000,33.18000000,63089572,63089572,1782866544995387,False,True
24565431,0.20060000,66.62000000,63089573,63089573,1782866544995387,False,True
24565432,0.20060000,78.69000000,63089574,63089574,1782866545078088,False,True
24565433,0.20070000,77.51000000,63089575,63089575,1782866545078088,False,True
24565434,0.20050000,225.83000000,63089576,63089577,1782866547772737,True,True
24565435,0.20040000,255.49000000,63089578,63089578,1782866557130102,True,True
24565436,0.20040000,4781.49000000,63089579,63089580,1782866557130289,True,True
24565437,0.20030000,187.79000000,63089581,63089582,1782866557772313,True,True
24565438,0.20030000,1279.55000000,63089583,63089584,1782866574151428,True,True
24565439,0.20030000,195.15000000,63089585,63089585,1782866579060601,False,True
24565440,0.20030000,195.15000000,63089586,63089586,1782866579060747,False,True
24565441,0.20030000,243.93000000,63089587,63089588,1782866580592834,False,True
24565442,0.20020000,192.84000000,63089589,63089590,1782866582779336,True,True
24565443,0.20030000,352.64000000,63089591,63089592,1782866606585269,False,True
24565444,0.20020000,157.30000000,63089593,63089593,1782866617771982,True,True
24565445,0.20030000,225.11000000,63089594,63089595,1782866642897667,False,True
24565446,0.20030000,45.02000000,63089596,63089596,1782866643254337,False,True
24565447,0.20040000,25.50000000,63089597,63089597,1782866649018082,False,True
24565448,0.20040000,82.50000000,63089598,63089598,1782866649019562,False,True
24565449,0.20040000,1253.53000000,63089599,63089599,1782866652648122,True,True
24565450,0.20030000,25.50000000,63089600,63089600,1782866653423618,False,True
24565451,0.20030000,25.50000000,63089601,63089601,1782866659829361,False,True
24565452,0.20030000,25.50000000,63089602,63089602,1782866660084686,False,True
24565453,0.20030000,155.65000000,63089603,63089604,1782866661876132,False,True
24565454,0.20040000,501.17000000,63089605,63089605,1782866687318591,False,True
24565455,0.20050000,169.57000000,63089606,63089607,1782866697750083,False,True
24565456,0.20040000,108.00000000,63089608,63089608,1782866709194883,False,True
24565457,0.20040000,2909.90000000,63089609,63089613,1782866714817785,True,True
24565458,0.20030000,11731.76000000,63089614,63089621,1782866714817785,True,True
24565459,0.20030000,202.63000000,63089622,63089622,1782866714819725,False,True
24565460,0.20030000,202.63000000,63089623,63089623,1782866714819859,False,True
24565461,0.20030000,388.37000000,63089624,63089624,1782866714819928,False,True
24565462,0.20030000,199.69000000,63089625,63089625,1782866714820435,False,True
24565463,0.20020000,404.00000000,63089626,63089626,1782866714820668,True,True
24565464,0.20020000,162.04000000,63089627,63089628,1782866714959836,True,True
24565465,0.20010000,1310.79000000,63089629,63089631,1782866725024306,True,True
24565466,0.20000000,32.00000000,63089632,63089633,1782866727618164,True,True
24565467,0.20000000,61.90000000,63089634,63089634,1782866727618164,True,True
24565468,0.20010000,404.00000000,63089635,63089635,1782866741490020,False,True
24565469,0.20010000,296.88000000,63089636,63089639,1782866741490652,False,True
24565470,0.20020000,205.76000000,63089640,63089640,1782866741513251,False,True
24565471,0.20020000,522.81000000,63089641,63089641,1782866748829557,False,True
24565472,0.20020000,360.10000000,63089642,63089642,1782866766728552,False,True
24565473,0.20020000,1069.29000000,63089643,63089645,1782866766728747,False,True
24565474,0.20020000,39.10000000,63089646,63089646,1782866767197082,False,True
24565475,0.20020000,618.09000000,63089647,63089648,1782866768824086,False,True
24565476,0.20020000,123.61000000,63089649,63089649,1782866768826896,False,True
24565477,0.20030000,250.00000000,63089650,63089650,1782866769527656,False,True
24565478,0.20030000,149.99000000,63089651,63089651,1782866769533409,False,True
24565479,0.20030000,149.92000000,63089652,63089652,1782866769533482,False,True
24565480,0.20030000,440.10000000,63089653,63089653,1782866769535302,False,True
24565481,0.20030000,117.30000000,63089654,63089654,1782866769536153,False,True
24565482,0.20030000,440.10000000,63089655,63089655,1782866769536216,False,True
24565483,0.20020000,90.00000000,63089656,63089656,1782866776082092,False,True
24565484,0.20010000,880.26000000,63089657,63089658,1782866786552077,True,True
24565485,0.20010000,218.22000000,63089659,63089660,1782866820650812,False,True
24565486,0.20010000,302.32000000,63089661,63089662,1782866824878872,False,True
24565487,0.20020000,55.30000000,63089663,63089663,1782866826086008,False,True
24565488,0.20020000,296.70000000,63089664,63089664,1782866826088813,False,True
24565489,0.20020000,361.00000000,63089665,63089665,1782866830500394,False,True
24565490,0.20010000,1253.53000000,63089666,63089666,1782866856771303,True,True
24565491,0.20010000,231.54000000,63089667,63089668,1782866880689894,False,True
24565492,0.20000000,2391.35000000,63089669,63089669,1782866888653175,True,True
24565493,0.20000000,1216.40000000,63089670,63089670,1782866888654820,True,True
24565494,0.20000000,7124.39000000,63089671,63089685,1782866888655275,True,True
24565495,0.20000000,312.70000000,63089686,63089686,1782866888663453,True,True
24565496,0.20000000,7340.82000000,63089687,63089687,1782866888665090,True,True
24565497,0.20000000,190.17000000,63089688,63089688,1782866888665825,True,True
24565498,0.20000000,404.00000000,63089689,63089689,1782866888667297,True,True
24565499,0.20000000,2308.23000000,63089690,63089690,1782866888673235,True,True
24565500,0.20000000,2308.23000000,63089691,63089691,1782866888673304,True,True
24565501,0.20000000,404.00000000,63089692,63089692,1782866888675270,True,True
24565502,0.20000000,404.00000000,63089693,63089693,1782866888690638,True,True
24565503,0.20000000,116.39000000,63089694,63089694,1782866888692090,True,True
24565504,0.20000000,2899.89000000,63089695,63089698,1782866888869957,True,True
24565505,0.19990000,2341.99000000,63089699,63089701,1782866908460591,True,True
24565506,0.19980000,2776.35000000,63089702,63089706,1782866908460591,True,True
24565507,0.19990000,172.20000000,63089707,63089707,1782866908821757,False,True
24565508,0.19990000,382.60000000,63089708,63089709,1782866909029785,False,True
24565509,0.19990000,403.12000000,63089710,63089711,1782866909325029,False,True
24565510,0.20000000,491.57000000,63089712,63089713,1782866946082943,False,True
24565511,0.20000000,98.31000000,63089714,63089714,1782866946084155,False,True
24565512,0.20010000,30.79000000,63089715,63089715,1782866946084155,False,True
24565513,0.20010000,129.10000000,63089716,63089716,1782866946084309,False,True
24565514,0.20010000,1382.69000000,63089717,63089719,1782866946128085,False,True
24565515,0.20010000,276.53000000,63089720,63089720,1782866946171579,False,True
24565516,0.20010000,55.30000000,63089721,63089721,1782866946174627,False,True
24565517,0.20020000,451.90000000,63089722,63089722,1782866953330815,False,True
24565518,0.20020000,484.80000000,63089723,63089724,1782866955712168,False,True
24565519,0.20020000,100.70000000,63089725,63089725,1782866957401545,False,True
24565520,0.20020000,396.40000000,63089726,63089726,1782866957995135,False,True
24565521,0.20020000,356.40000000,63089727,63089727,1782866960113755,False,True
24565522,0.20020000,80.70000000,63089728,63089728,1782867013081223,False,True
24565523,0.20020000,129.90000000,63089729,63089730,1782867036028212,False,True
24565524,0.20020000,77.80000000,63089731,63089731,1782867045050798,False,True
24565525,0.20020000,25.20000000,63089732,63089732,1782867047495186,False,True
24565526,0.20020000,150.00000000,63089733,63089733,1782867062951339,False,True
24565527,0.20020000,56.40000000,63089734,63089735,1782867077082865,False,True
24565528,0.20020000,103.00000000,63089736,63089736,1782867078081918,False,True
24565529,0.20020000,79.70000000,63089737,63089737,1782867079084308,False,True
24565530,0.20020000,79.70000000,63089738,63089738,1782867080083189,False,True
24565531,0.20020000,30.70000000,63089739,63089739,1782867081083051,False,True
24565532,0.20020000,254.40000000,63089740,63089740,1782867082083883,False,True
24565533,0.20020000,889.02000000,63089741,63089742,1782867082083887,False,True
24565534,0.20020000,217.80000000,63089743,63089743,1782867082083963,False,True
24565535,0.20020000,379.42000000,63089744,63089745,1782867082084181,False,True
24565536,0.20020000,56.12000000,63089746,63089746,1782867082085302,False,True
24565537,0.20020000,292.00000000,63089747,63089747,1782867082086833,False,True
24565538,0.20020000,58.40000000,63089748,63089748,1782867082135283,False,True
24565539,0.20030000,58.40000000,63089749,63089749,1782867082135378,False,True
24565540,0.20020000,108.00000000,63089750,63089750,1782867111153672,False,True
24565541,0.20030000,79.50000000,63089751,63089751,1782867112082847,False,True
24565542,0.20010000,108.00000000,63089752,63089752,1782867118090752,False,True
24565543,0.20020000,73.20000000,63089753,63089753,1782867118090752,False,True
24565544,0.20020000,53.40000000,63089754,63089754,1782867140084234,False,True
24565545,0.20020000,79.60000000,63089755,63089755,1782867141082044,False,True
24565546,0.20020000,791.30000000,63089756,63089757,1782867141755963,False,True
24565547,0.20020000,999.26000000,63089758,63089758,1782867141756236,False,True
24565548,0.20020000,138.72000000,63089759,63089760,1782867141756237,False,True
24565549,0.20030000,924.30000000,63089761,63089761,1782867141756315,False,True
24565550,0.20020000,324.20000000,63089762,63089762,1782867164823026,False,True
24565551,0.20020000,62.27000000,63089763,63089763,1782867164827101,False,True
24565552,0.20020000,440.40000000,63089764,63089764,1782867164828962,False,True
24565553,0.20020000,440.40000000,63089765,63089766,1782867164829774,False,True
24565554,0.20020000,378.10000000,63089767,63089767,1782867164829834,False,True
24565555,0.20020000,241.87000000,63089768,63089768,1782867164839230,False,True
24565556,0.20020000,198.50000000,63089769,63089769,1782867164839486,False,True
24565557,0.20020000,505.70000000,63089770,63089770,1782867164850439,False,True
24565558,0.20020000,101.14000000,63089771,63089771,1782867164853058,False,True
24565559,0.20030000,377.06000000,63089772,63089772,1782867164853058,False,True
24565560,0.20030000,27.50000000,63089773,63089773,1782867164853425,False,True
24565561,0.20020000,803.89000000,63089774,63089775,1782867170064832,False,True
24565562,0.20020000,1080.00000000,63089776,63089778,1782867179203883,False,True
24565563,0.20020000,1188.05000000,63089779,63089779,1782867179206005,False,True
24565564,0.20020000,237.70000000,63089780,63089781,1782867179228240,False,True
24565565,0.20020000,100.55000000,63089782,63089782,1782867179228350,False,True
24565566,0.20030000,137.15000000,63089783,63089783,1782867179228350,False,True
24565567,0.20000000,26.07000000,63089784,63089784,1782867245248283,True,True
24565568,0.19990000,26.09000000,63089785,63089785,1782867245310552,True,True
24565569,0.19980000,26.09000000,63089786,63089786,1782867252347633,True,True
24565570,0.19970000,140.22000000,63089787,63089788,1782867254781212,True,True
24565571,0.19970000,49.38000000,63089789,63089789,1782867254781212,True,True
24565572,0.19970000,128.61000000,63089790,63089790,1782867254785586,True,True
24565573,0.19970000,648.40000000,63089791,63089793,1782867255172607,False,True
24565574,0.19970000,65.20000000,63089794,63089794,1782867255211628,False,True
24565575,0.19960000,25.16000000,63089795,63089795,1782867262816195,True,True
24565576,0.19950000,185.75000000,63089796,63089798,1782867263000007,True,True
24565577,0.19950000,883.40000000,63089799,63089800,1782867263000042,True,True
24565578,0.19960000,493.28000000,63089801,63089802,1782867267504937,False,True
24565579,0.19960000,98.65000000,63089803,63089803,1782867267511470,False,True
24565580,0.19960000,698.46000000,63089804,63089806,1782867289498361,False,True
24565581,0.19960000,93.89000000,63089807,63089807,1782867292463956,False,True
24565582,0.19960000,27.63000000,63089808,63089808,1782867296812671,False,True
24565583,0.19960000,329.92000000,63089809,63089809,1782867303347451,False,True
24565584,0.19960000,65.98000000,63089810,63089810,1782867303349997,False,True
24565585,0.19970000,208.60000000,63089811,63089811,1782867303987015,False,True
24565586,0.19960000,1041.00000000,63089812,63089813,1782867305660132,True,True
24565587,0.19960000,44.20000000,63089814,63089814,1782867309944033,False,True
24565588,0.19960000,282.55000000,63089815,63089816,1782867319760836,False,True
24565589,0.19960000,56.51000000,63089817,63089817,1782867319763055,False,True
24565590,0.19970000,355.50000000,63089818,63089818,1782867324202275,False,True
24565591,0.19970000,208.60000000,63089819,63089819,1782867324207576,False,True
24565592,0.19970000,152.31000000,63089820,63089820,1782867326284369,False,True
24565593,0.19980000,25.40000000,63089821,63089821,1782867326289089,False,True
24565594,0.19980000,200.30000000,63089822,63089823,1782867330682433,False,True
24565595,0.19980000,200.30000000,63089824,63089824,1782867330682685,False,True
24565596,0.19980000,232.50000000,63089825,63089825,1782867330706315,False,True
24565597,0.19980000,382.50000000,63089826,63089826,1782867330706383,False,True
24565598,0.19980000,70.62000000,63089827,63089827,1782867330706422,False,True
24565599,0.19990000,0.08000000,63089828,63089828,1782867330706422,False,True
24565600,0.19990000,140.00000000,63089829,63089829,1782867330707938,False,True
24565601,0.19990000,27.60000000,63089830,63089830,1782867330708205,False,True
24565602,0.19980000,139.28000000,63089831,63089831,1782867357500003,False,True
24565603,0.19970000,88.94000000,63089832,63089833,1782867373052947,True,True
24565604,0.19970000,679.27000000,63089834,63089834,1782867379721442,True,True
24565605,0.19970000,511.43000000,63089835,63089835,1782867379721883,True,True
24565606,0.19960000,1279.64000000,63089836,63089837,1782867393904368,True,True
24565607,0.19950000,185.75000000,63089838,63089839,1782867394224864,True,True
24565608,0.19950000,80.40000000,63089840,63089840,1782867415634668,False,True
24565609,0.19950000,80.40000000,63089841,63089842,1782867415634882,False,True
24565610,0.19950000,80.40000000,63089843,63089843,1782867415634896,False,True
24565611,0.19950000,80.40000000,63089844,63089844,1782867415634927,False,True
24565612,0.19950000,33.47000000,63089845,63089845,1782867415634972,False,True
24565613,0.19950000,4.32000000,63089846,63089846,1782867415635518,False,True
24565614,0.19950000,71.87000000,63089847,63089847,1782867418780710,False,True
24565615,0.19960000,115.23000000,63089848,63089849,1782867464043586,False,True
24565616,0.19960000,282.70000000,63089850,63089850,1782867477862205,False,True
24565617,0.19960000,1181.00000000,63089851,63089852,1782867477863486,False,True
24565618,0.19960000,45.64000000,63089853,63089853,1782867477867680,False,True
24565619,0.19960000,27.60000000,63089854,63089854,1782867477886023,False,True
24565620,0.19960000,382.50000000,63089855,63089855,1782867477886350,False,True
24565621,0.19960000,30.30000000,63089856,63089857,1782867477886619,False,True
24565622,0.19960000,68.30000000,63089858,63089858,1782867477887378,False,True
24565623,0.19960000,39.50000000,63089859,63089859,1782867477992812,False,True
24565624,0.19960000,58.71000000,63089860,63089860,1782867481415272,False,True
24565625,0.19950000,1279.67000000,63089861,63089862,1782867491538013,True,True
24565626,0.19940000,216.18000000,63089863,63089864,1782867540035157,True,True
24565627,0.19940000,460.63000000,63089865,63089865,1782867542239973,True,True
24565628,0.19930000,25.19000000,63089866,63089866,1782867543134578,True,True
24565629,0.19930000,108.00000000,63089867,63089867,1782867544143348,False,True
24565630,0.19940000,108.00000000,63089868,63089868,1782867544144129,False,True
24565631,0.19940000,608.04000000,63089869,63089870,1782867554515321,False,True
24565632,0.19940000,540.00000000,63089871,63089872,1782867569591084,False,True
24565633,0.19940000,575.29000000,63089873,63089873,1782867569591347,False,True
24565634,0.19940000,192.54000000,63089874,63089874,1782867569592888,False,True
24565635,0.19940000,30.51000000,63089875,63089875,1782867569593611,False,True
24565636,0.19950000,37.09000000,63089876,63089876,1782867569593611,False,True
24565637,0.19950000,294.10000000,63089877,63089878,1782867569593768,False,True
24565638,0.19950000,299.90000000,63089879,63089879,1782867569594431,False,True
24565639,0.19950000,241.38000000,63089880,63089882,1782867569596682,False,True
24565640,0.19950000,54.72000000,63089883,63089883,1782867569599736,False,True
24565641,0.19960000,243.02000000,63089884,63089885,1782867570069899,False,True
24565642,0.19970000,0.08000000,63089886,63089886,1782867570069899,False,True
24565643,0.19970000,187.40000000,63089887,63089888,1782867570069917,False,True
24565644,0.19970000,55.70000000,63089889,63089889,1782867570070038,False,True
24565645,0.19970000,243.10000000,63089890,63089890,1782867570070227,False,True
24565646,0.19960000,48.60000000,63089891,63089891,1782867570072171,False,True
24565647,0.19970000,25.60000000,63089892,63089892,1782867570086181,False,True
24565648,0.19970000,410.79000000,63089893,63089893,1782867570177391,False,True
24565649,0.19980000,61.60000000,63089894,63089895,1782867574716809,False,True
24565650,0.19980000,129.40000000,63089896,63089896,1782867607025833,False,True
24565651,0.19980000,309.70000000,63089897,63089897,1782867607025896,False,True
24565652,0.19980000,248.10000000,63089898,63089898,1782867607026079,False,True
24565653,0.19980000,285.36000000,63089899,63089899,1782867607026110,False,True
24565654,0.19990000,24.34000000,63089900,63089900,1782867607026110,False,True
24565655,0.19990000,309.70000000,63089901,63089901,1782867607026217,False,True
24565656,0.19990000,1142.31000000,63089902,63089903,1782867607071412,False,True
24565657,0.19990000,228.46000000,63089904,63089904,1782867607073960,False,True
24565658,0.20000000,756.79000000,63089905,63089906,1782867618423610,False,True
24565659,0.20010000,162.30000000,63089907,63089907,1782867618423967,False,True
24565660,0.20010000,162.30000000,63089908,63089908,1782867618423991,False,True
24565661,0.20010000,162.30000000,63089909,63089909,1782867618424223,False,True
24565662,0.20000000,34.99000000,63089910,63089910,1782867627073913,True,True
24565663,0.20000000,668.98000000,63089911,63089911,1782867647890484,True,True
24565664,0.19990000,26.09000000,63089912,63089912,1782867654628722,True,True
24565665,0.19990000,825.41000000,63089913,63089914,1782867657058430,False,True
24565666,0.19990000,2.91000000,63089915,63089915,1782867657058526,False,True
24565667,0.19990000,702.75000000,63089916,63089917,1782867657059895,False,True
24565668,0.20000000,1298.75000000,63089918,63089918,1782867657059895,False,True
24565669,0.19990000,654.51000000,63089919,63089921,1782867657072943,False,True
24565670,0.19990000,130.90000000,63089922,63089922,1782867673360921,False,True
24565671,0.19990000,1253.53000000,63089923,63089923,1782867679435725,True,True
24565672,0.19980000,190.04000000,63089924,63089925,1782867694429184,True,True
24565673,0.19980000,244.52000000,63089926,63089926,1782867694429594,True,True
24565674,0.19980000,845.06000000,63089927,63089927,1782867694430575,True,True
24565675,0.19980000,81.92000000,63089928,63089928,1782867700211411,False,True
24565676,0.19980000,95.90000000,63089929,63089929,1782867701380420,False,True
24565677,0.19980000,3436.64000000,63089930,63089939,1782867701411033,False,True
24565678,0.19980000,216.19000000,63089940,63089940,1782867706916712,False,True
24565679,0.19980000,86.00000000,63089941,63089941,1782867714767836,False,True
24565680,0.19980000,39.50000000,63089942,63089942,1782867714768023,False,True
24565681,0.19980000,86.00000000,63089943,63089943,1782867714768028,False,True
24565682,0.19980000,46.50000000,63089944,63089944,1782867717692379,False,True
24565683,0.19980000,213.13000000,63089945,63089945,1782867717692674,False,True
24565684,0.19980000,42.62000000,63089946,63089946,1782867720535907,False,True
24565685,0.19990000,682.81000000,63089947,63089947,1782867727438617,False,True
24565686,0.19990000,1253.53000000,63089948,63089948,1782867750559603,True,True
24565687,0.19980000,1615.15000000,63089949,63089951,1782867766865389,False,True
24565688,0.19980000,5973.45000000,63089952,63089955,1782867806717623,False,True
24565689,0.19970000,26.11000000,63089956,63089956,1782867823077951,True,True
24565690,0.19960000,26.11000000,63089957,63089957,1782867823202138,True,True
24565691,0.19950000,2743.95000000,63089958,63089962,1782867823204206,True,True
24565692,0.19940000,26.15000000,63089963,63089963,1782867823521510,True,True
24565693,0.19930000,857.25000000,63089964,63089966,1782867823521510,True,True
24565694,0.19930000,185.75000000,63089967,63089967,1782867823521537,True,True
24565695,0.19930000,75.26000000,63089968,63089968,1782867841224569,True,True
24565696,0.19920000,25.21000000,63089969,63089969,1782867848168750,True,True
24565697,0.19920000,35.40000000,63089970,63089970,1782867848251464,False,True
24565698,0.19920000,35.40000000,63089971,63089971,1782867848251501,False,True
24565699,0.19920000,33.37000000,63089972,63089972,1782867848251700,False,True
24565700,0.19930000,35.40000000,63089973,63089973,1782867848251896,False,True
24565701,0.19930000,1025.06000000,63089974,63089975,1782867848252121,False,True
24565702,0.19930000,2282.69000000,63089976,63089978,1782867849698041,True,True
24565703,0.19930000,255.10000000,63089979,63089979,1782867849698484,True,True
24565704,0.19930000,772.97000000,63089980,63089981,1782867849698520,True,True
24565705,0.19930000,177.83000000,63089982,63089982,1782867849709548,False,True
24565706,0.19920000,1761.11000000,63089983,63089984,1782867858577610,True,True
24565707,0.19920000,166.30000000,63089985,63089985,1782867858578072,True,True
24565708,0.19920000,27.23000000,63089986,63089986,1782867859633356,False,True
24565709,0.19910000,332.93000000,63089987,63089988,1782867866666334,True,True
24565710,0.19920000,358.15000000,63089989,63089989,1782867878088614,True,True
24565711,0.19920000,51.40000000,63089990,63089990,1782867884236017,False,True
24565712,0.19920000,372.38000000,63089991,63089991,1782867892431829,True,True
24565713,0.19920000,349.39000000,63089992,63089992,1782867900992753,True,True
24565714,0.19900000,112.04000000,63089993,63089994,1782867906511322,True,True
24565715,0.19890000,25.24000000,63089995,63089995,1782867906630803,True,True
24565716,0.19880000,467.49000000,63089996,63089997,1782867906630803,True,True
24565717,0.19890000,1084.40000000,63089998,63089998,1782867911280477,False,True
24565718,0.19900000,25.30000000,63089999,63089999,1782867911281063,False,True
24565719,0.19880000,404.00000000,63090000,63090001,1782867925089965,True,True
24565720,0.19880000,181.00000000,63090002,63090003,1782867925091494,True,True
24565721,0.19870000,934.37000000,63090004,63090006,1782867925530306,True,True
24565722,0.19880000,255.67000000,63090007,63090007,1782867937145117,False,True
24565723,0.19860000,5563.94000000,63090008,63090017,1782867952092933,True,True
24565724,0.19870000,540.00000000,63090018,63090018,1782867957909492,True,True
24565725,0.19870000,1166.15000000,63090019,63090019,1782867957911241,False,True
24565726,0.19880000,26.28000000,63090020,63090020,1782867959938744,False,True
24565727,0.19880000,1300.20000000,63090021,63090022,1782867961138942,True,True
24565728,0.19870000,3578.14000000,63090023,63090026,1782867961138942,True,True
24565729,0.19870000,712.17000000,63090027,63090028,1782867993616056,True,True
24565730,0.19870000,567.61000000,63090029,63090029,1782867993617632,True,True
24565731,0.19860000,26.25000000,63090030,63090030,1782867998002587,True,True
24565732,0.19860000,107.90000000,63090031,63090031,1782867998401195,False,True
24565733,0.19870000,48.39000000,63090032,63090032,1782868055178907,False,True
24565734,0.19850000,735.78000000,63090033,63090036,1782868068913268,True,True
24565735,0.19850000,635.45000000,63090037,63090038,1782868069400473,True,True
24565736,0.19850000,568.56000000,63090039,63090041,1782868069850883,True,True
24565737,0.19850000,535.11000000,63090042,63090043,1782868070290269,True,True
24565738,0.19840000,468.22000000,63090044,63090046,1782868070728791,True,True
24565739,0.19840000,434.78000000,63090047,63090048,1782868071161632,True,True
24565740,0.19840000,367.89000000,63090049,63090049,1782868071568570,True,True
24565741,0.19840000,334.44000000,63090050,63090050,1782868072024486,True,True
24565742,0.19830000,185.75000000,63090051,63090052,1782868072210980,True,True
24565743,0.19830000,334.44000000,63090053,63090053,1782868072437350,True,True
24565744,0.19830000,1715.22000000,63090054,63090055,1782868072715820,True,True
24565745,0.19820000,560.62000000,63090056,63090057,1782868072721197,True,True
24565746,0.19810000,1138.81000000,63090058,63090060,1782868072723564,True,True
24565747,0.19800000,1189.30000000,63090061,63090061,1782868072723564,True,True
24565748,0.19800000,1303.10000000,63090062,63090062,1782868072724053,True,True
24565749,0.19800000,1026.54000000,63090063,63090066,1782868072724121,True,True
24565750,0.19810000,253.75000000,63090067,63090067,1782868072726483,False,True
24565751,0.19810000,1441.62000000,63090068,63090068,1782868072726707,False,True
24565752,0.19820000,964.62000000,63090069,63090070,1782868072727123,False,True
24565753,0.19800000,148.80000000,63090071,63090072,1782868072729237,True,True
24565754,0.19820000,577.05000000,63090073,63090073,1782868072730134,False,True
24565755,0.19820000,303.95000000,63090074,63090074,1782868072730858,False,True
24565756,0.19820000,334.44000000,63090075,63090075,1782868072872436,True,True
24565757,0.19820000,334.44000000,63090076,63090076,1782868073344590,True,True
24565758,0.19820000,334.44000000,63090077,63090077,1782868073910394,True,True
24565759,0.19820000,334.44000000,63090078,63090078,1782868074331887,True,True
24565760,0.19820000,334.44000000,63090079,63090079,1782868074771573,True,True
24565761,0.19820000,334.44000000,63090080,63090080,1782868075211291,True,True
24565762,0.19820000,321.47000000,63090081,63090081,1782868075644594,True,True
24565763,0.19810000,12.97000000,63090082,63090082,1782868075644594,True,True
24565764,0.19810000,334.44000000,63090083,63090083,1782868076072126,True,True
24565765,0.19810000,334.44000000,63090084,63090085,1782868076656028,True,True
24565766,0.19810000,334.44000000,63090086,63090087,1782868077072285,True,True
24565767,0.19810000,334.44000000,63090088,63090088,1782868077651058,True,True
24565768,0.19810000,334.44000000,63090089,63090090,1782868078092461,True,True
24565769,0.19810000,334.44000000,63090091,63090092,1782868081758388,True,True
24565770,0.19810000,334.44000000,63090093,63090093,1782868082428154,True,True
24565771,0.19810000,334.44000000,63090094,63090094,1782868082846146,True,True
24565772,0.19810000,334.44000000,63090095,63090095,1782868083290771,True,True
24565773,0.19810000,334.44000000,63090096,63090096,1782868083732561,True,True
24565774,0.19810000,334.44000000,63090097,63090098,1782868084161556,True,True
24565775,0.19830000,26.36000000,63090099,63090099,1782868088289741,False,True
24565776,0.19830000,334.44000000,63090100,63090101,1782868088532744,True,True
24565777,0.19820000,334.44000000,63090102,63090102,1782868088965815,True,True
24565778,0.19820000,26.32000000,63090103,63090103,1782868092860498,True,True
24565779,0.19810000,31.20000000,63090104,63090104,1782868092860498,True,True
24565780,0.19810000,26.32000000,63090105,63090105,1782868098145227,True,True
24565781,0.19800000,132.54000000,63090106,63090107,1782868130200719,True,True
24565782,0.19790000,101.16000000,63090108,63090109,1782868131403941,True,True
24565783,0.19790000,1322.77000000,63090110,63090110,1782868132640076,False,True
24565784,0.19780000,989.50000000,63090111,63090117,1782868148704345,True,True
24565785,0.19780000,128.71000000,63090118,63090118,1782868148707646,False,True
24565786,0.19790000,70.02000000,63090119,63090119,1782868151718563,False,True
24565787,0.19800000,2511.87000000,63090120,63090123,1782868151744172,False,True
24565788,0.19810000,26.37000000,63090124,63090124,1782868155601643,False,True
24565789,0.19820000,26.37000000,63090125,63090125,1782868168278987,False,True
24565790,0.19820000,60.54000000,63090126,63090126,1782868200913274,True,True
24565791,0.19800000,26.35000000,63090127,63090127,1782868222169089,True,True
24565792,0.19790000,26.36000000,63090128,63090128,1782868224463383,True,True
24565793,0.19780000,1070.10000000,63090129,63090130,1782868224463383,True,True
24565794,0.19770000,25.40000000,63090131,63090131,1782868238072726,True,True
24565795,0.19760000,472.16000000,63090132,63090135,1782868238196797,True,True
24565796,0.19750000,83.48000000,63090136,63090137,1782868238745048,True,True
24565797,0.19740000,102.27000000,63090138,63090139,1782868238745048,True,True
24565798,0.19750000,76.10000000,63090140,63090140,1782868239076158,False,True
24565799,0.19730000,428.80000000,63090141,63090143,1782868239160988,True,True
24565800,0.19730000,1085.97000000,63090144,63090144,1782868239569159,True,True
24565801,0.19730000,1181.00000000,63090145,63090145,1782868241081135,False,True
24565802,0.19730000,481.10000000,63090146,63090146,1782868241093337,False,True
24565803,0.19730000,32.00000000,63090147,63090147,1782868242353746,True,True
24565804,0.19730000,1268.20000000,63090148,63090149,1782868243505523,True,True
24565805,0.19720000,9355.33000000,63090150,63090161,1782868243505523,True,True
24565806,0.19710000,3496.68000000,63090162,63090165,1782868243505523,True,True
24565807,0.19700000,3547.75000000,63090166,63090170,1782868243505523,True,True
24565808,0.19690000,4643.58000000,63090171,63090176,1782868243505523,True,True
24565809,0.19680000,4801.52000000,63090177,63090182,1782868243505523,True,True
24565810,0.19670000,8575.61000000,63090183,63090188,1782868243505523,True,True
24565811,0.19660000,5175.58000000,63090189,63090191,1782868243505523,True,True
24565812,0.19650000,5224.41000000,63090192,63090195,1782868243505523,True,True
24565813,0.19640000,582.28000000,63090196,63090196,1782868243505523,True,True
24565814,0.19640000,70.37000000,63090197,63090199,1782868243505523,True,True
24565815,0.19680000,116.27000000,63090200,63090200,1782868243507383,False,True
24565816,0.19700000,1519.76000000,63090201,63090201,1782868243508196,False,True
24565817,0.19710000,55.88000000,63090202,63090202,1782868243508542,False,True
24565818,0.19710000,55.88000000,63090203,63090203,1782868243508867,False,True
24565819,0.19700000,1519.76000000,63090204,63090204,1782868243509909,False,True
24565820,0.19710000,1408.00000000,63090205,63090205,1782868243510704,False,True
24565821,0.19720000,211.56000000,63090206,63090206,1782868243511997,False,True
24565822,0.19700000,395.92000000,63090207,63090207,1782868243512291,False,True
24565823,0.19700000,176.30000000,63090208,63090208,1782868243512890,False,True
24565824,0.19700000,176.30000000,63090209,63090209,1782868243512969,False,True
24565825,0.19700000,176.30000000,63090210,63090210,1782868243513019,False,True
24565826,0.19700000,38.35000000,63090211,63090211,1782868243513504,False,True
24565827,0.19700000,556.59000000,63090212,63090212,1782868243513521,False,True
24565828,0.19710000,1519.76000000,63090213,63090213,1782868243514838,False,True
24565829,0.19720000,269.02000000,63090214,63090214,1782868243515349,False,True
24565830,0.19720000,507.80000000,63090215,63090215,1782868243516143,False,True
24565831,0.19720000,176.30000000,63090216,63090216,1782868243516146,False,True
24565832,0.19710000,1058.20000000,63090217,63090217,1782868243626616,False,True
24565833,0.19720000,34.80000000,63090218,63090218,1782868245082453,False,True
24565834,0.19720000,97.10000000,63090219,63090219,1782868246071537,False,True
24565835,0.19720000,54.50000000,63090220,63090220,1782868246081706,False,True
24565836,0.19720000,39.50000000,63090221,63090221,1782868246081853,False,True
24565837,0.19720000,186.40000000,63090222,63090222,1782868246742582,False,True
24565838,0.19720000,186.40000000,63090223,63090224,1782868246742633,False,True
24565839,0.19720000,146.90000000,63090225,63090225,1782868246742714,False,True
24565840,0.19710000,282.70000000,63090226,63090226,1782868248078127,True,True
24565841,0.19710000,38.35000000,63090227,63090227,1782868248138383,True,True
24565842,0.19720000,4014.31000000,63090228,63090230,1782868250623370,True,True
24565843,0.19710000,1784.99000000,63090231,63090232,1782868253513171,True,True
24565844,0.19700000,26.49000000,63090233,63090233,1782868257129113,True,True
24565845,0.19700000,5646.25000000,63090234,63090237,1782868257170297,False,True
24565846,0.19700000,247.29000000,63090238,63090238,1782868260762973,False,True
24565847,0.19700000,186.40000000,63090239,63090239,1782868262162868,False,True
24565848,0.19700000,186.40000000,63090240,63090240,1782868262162952,False,True
24565849,0.19700000,167.20000000,63090241,63090241,1782868262162989,False,True
24565850,0.19710000,19.20000000,63090242,63090242,1782868262162989,False,True
24565851,0.19710000,1181.00000000,63090243,63090245,1782868262163166,False,True
24565852,0.19710000,186.40000000,63090246,63090246,1782868262163242,False,True
24565853,0.19720000,26.51000000,63090247,63090247,1782868267083259,False,True
24565854,0.19730000,26.49000000,63090248,63090248,1782868269367416,False,True
24565855,0.19740000,44.41000000,63090249,63090249,1782868269367416,False,True
24565856,0.19740000,70.90000000,63090250,63090250,1782868269367533,False,True
24565857,0.19740000,70.90000000,63090251,63090251,1782868269367563,False,True
24565858,0.19740000,26.49000000,63090252,63090252,1782868269925453,False,True
24565859,0.19720000,48.39000000,63090253,63090254,1782868300227708,True,True
24565860,0.19740000,975.72000000,63090255,63090255,1782868320304999,False,True
24565861,0.19720000,4566.16000000,63090256,63090257,1782868344649574,True,True
24565862,0.19720000,11015.62000000,63090258,63090258,1782868344650639,True,True
24565863,0.19720000,404.00000000,63090259,63090259,1782868344652250,True,True
24565864,0.19720000,1853.07000000,63090260,63090260,1782868344652460,True,True
24565865,0.19710000,26.46000000,63090261,63090261,1782868364689241,True,True
24565866,0.19700000,26.49000000,63090262,63090262,1782868364891121,True,True
24565867,0.19690000,26.49000000,63090263,63090263,1782868364975361,True,True
24565868,0.19680000,26.49000000,63090264,63090264,1782868365030071,True,True
24565869,0.19670000,26.49000000,63090265,63090265,1782868365030071,True,True
24565870,0.19660000,1312.59000000,63090266,63090268,1782868365051464,True,True
24565871,0.19660000,219.54000000,63090269,63090269,1782868365059277,True,True
24565872,0.19660000,446.04000000,63090270,63090270,1782868365078364,True,True
24565873,0.19670000,126.76000000,63090271,63090271,1782868365157895,False,True
24565874,0.19660000,101.40000000,63090272,63090272,1782868365519639,False,True
24565875,0.19650000,26.49000000,63090273,63090273,1782868365618829,True,True
24565876,0.19640000,716.51000000,63090274,63090276,1782868365618829,True,True
24565877,0.19640000,631.00000000,63090277,63090277,1782868365619334,True,True
24565878,0.19640000,185.75000000,63090278,63090278,1782868365619772,True,True
24565879,0.19640000,99.58000000,63090279,63090279,1782868365650491,True,True
24565880,0.19640000,540.00000000,63090280,63090280,1782868365710188,False,True
24565881,0.19640000,1489.58000000,63090281,63090281,1782868365843077,False,True
24565882,0.19630000,387.04000000,63090282,63090283,1782868365941545,True,True
24565883,0.19620000,25.59000000,63090284,63090284,1782868366009605,True,True
24565884,0.19610000,31.43000000,63090285,63090286,1782868366097708,True,True
24565885,0.19620000,926.70000000,63090287,63090287,1782868366107659,False,True
24565886,0.19620000,540.00000000,63090288,63090288,1782868366121553,False,True
24565887,0.19630000,26.63000000,63090289,63090289,1782868366991357,False,True
24565888,0.19630000,85.32000000,63090290,63090291,1782868367364849,True,True
24565889,0.19630000,165.60000000,63090292,63090294,1782868367394848,True,True
24565890,0.19620000,26.60000000,63090295,63090295,1782868367400092,True,True
24565891,0.19610000,99.10000000,63090296,63090296,1782868367400092,True,True
24565892,0.19610000,125.70000000,63090297,63090297,1782868367400117,True,True
24565893,0.19610000,50.20000000,63090298,63090298,1782868367400158,True,True
24565894,0.19610000,125.70000000,63090299,63090299,1782868367400427,True,True
24565895,0.19630000,2249.98000000,63090300,63090301,1782868367649083,False,True
24565896,0.19640000,288.68000000,63090302,63090303,1782868367991689,False,True
24565897,0.19630000,1018.33000000,63090304,63090304,1782868369165242,True,True
24565898,0.19630000,697.87000000,63090305,63090305,1782868374198005,False,True
24565899,0.19630000,117.70000000,63090306,63090306,1782868374539491,False,True
24565900,0.19630000,96.80000000,63090307,63090307,1782868374540349,False,True
24565901,0.19630000,146.20000000,63090308,63090308,1782868374540372,False,True
24565902,0.19630000,55.70000000,63090309,63090309,1782868374540442,False,True
24565903,0.19630000,34.80000000,63090310,63090310,1782868374540522,False,True
24565904,0.19630000,69.95000000,63090311,63090311,1782868374540708,False,True
24565905,0.19640000,82.55000000,63090312,63090312,1782868374540708,False,True
24565906,0.19630000,1300.20000000,63090313,63090314,1782868375076392,True,True
24565907,0.19630000,295.49000000,63090315,63090315,1782868380802140,False,True
24565908,0.19630000,1058.03000000,63090316,63090316,1782868380803806,False,True
24565909,0.19620000,26.60000000,63090317,63090317,1782868382078478,True,True
24565910,0.19610000,26.60000000,63090318,63090318,1782868383012867,True,True
24565911,0.19610000,194.50000000,63090319,63090321,1782868384384900,True,True
24565912,0.19600000,318.90000000,63090322,63090322,1782868390511348,True,True
24565913,0.19600000,2933.27000000,63090323,63090326,1782868390513783,True,True
24565914,0.19590000,25.63000000,63090327,63090327,1782868393757886,True,True
24565915,0.19580000,25.64000000,63090328,63090328,1782868393796236,True,True
24565916,0.19570000,25.66000000,63090329,63090329,1782868393878503,True,True
24565917,0.19560000,25.67000000,63090330,63090330,1782868393956949,True,True
24565918,0.19550000,68.52000000,63090331,63090332,1782868393956949,True,True
24565919,0.19540000,8.31000000,63090333,63090333,1782868393956949,True,True
24565920,0.19540000,102.50000000,63090334,63090334,1782868393973946,True,True
24565921,0.19540000,102.50000000,63090335,63090335,1782868393978233,True,True
24565922,0.19540000,102.50000000,63090336,63090336,1782868393980686,True,True
24565923,0.19540000,102.50000000,63090337,63090337,1782868393996130,True,True
24565924,0.19540000,108.80000000,63090338,63090339,1782868394039871,True,True
24565925,0.19530000,25.71000000,63090340,63090340,1782868394073386,True,True
24565926,0.19520000,25.72000000,63090341,63090341,1782868394073386,True,True
24565927,0.19510000,66.87000000,63090342,63090343,1782868394073386,True,True
24565928,0.19510000,118.30000000,63090344,63090344,1782868394073638,True,True
24565929,0.19510000,118.30000000,63090345,63090345,1782868394074485,True,True
24565930,0.19510000,1178.30000000,63090346,63090347,1782868394100864,True,True
24565931,0.19510000,1178.30000000,63090348,63090348,1782868394100978,True,True
24565932,0.19510000,1178.30000000,63090349,63090349,1782868394100996,True,True
24565933,0.19510000,277.73000000,63090350,63090350,1782868394101609,True,True
24565934,0.19510000,841.48000000,63090351,63090351,1782868394101688,True,True
24565935,0.19510000,262.27000000,63090352,63090352,1782868394102609,True,True
24565936,0.19510000,828.74000000,63090353,63090353,1782868394103397,True,True
24565937,0.19500000,29.40000000,63090354,63090355,1782868394109810,True,True
24565938,0.19500000,35.63000000,63090356,63090356,1782868394109810,True,True
24565939,0.19510000,101.80000000,63090357,63090357,1782868394230231,False,True
24565940,0.19500000,3846.70000000,63090358,63090359,1782868394282792,True,True
24565941,0.19500000,3846.70000000,63090360,63090360,1782868394283867,True,True
24565942,0.19500000,3415.48000000,63090361,63090361,1782868394285377,True,True
24565943,0.19500000,447.42000000,63090362,63090362,1782868394285860,True,True
24565944,0.19500000,66.60000000,63090363,63090363,1782868394289047,True,True
24565945,0.19500000,1143.40000000,63090364,63090364,1782868394289418,True,True
24565946,0.19500000,382.50000000,63090365,63090365,1782868394291971,True,True
24565947,0.19500000,281.63000000,63090366,63090366,1782868394304618,True,True
24565948,0.19500000,352.58000000,63090367,63090367,1782868394304928,True,True
24565949,0.19500000,371.44000000,63090368,63090368,1782868394311316,True,True
24565950,0.19500000,49.60000000,63090369,63090369,1782868394347436,True,True
24565951,0.19500000,2204.60000000,63090370,63090370,1782868394405428,True,True
24565952,0.19500000,382.50000000,63090371,63090371,1782868394406707,True,True
24565953,0.19500000,1505.00000000,63090372,63090372,1782868394406709,True,True
24565954,0.19500000,404.00000000,63090373,63090373,1782868394409228,True,True
24565955,0.19500000,1959.20000000,63090374,63090374,1782868394414706,True,True
24565956,0.19500000,6017.10000000,63090375,63090375,1782868394417799,True,True
24565957,0.19500000,404.00000000,63090376,63090377,1782868394419378,True,True
24565958,0.19500000,638.52000000,63090378,63090380,1782868394420376,True,True
24565959,0.19500000,601.43000000,63090381,63090381,1782868394421410,True,True
24565960,0.19500000,315.25000000,63090382,63090383,1782868394421756,True,True
24565961,0.19490000,57.76000000,63090384,63090385,1782868394652010,True,True
24565962,0.19480000,1673.39000000,63090386,63090388,1782868394652010,True,True
24565963,0.19470000,1014.89000000,63090389,63090391,1782868394652010,True,True
24565964,0.19460000,1258.35000000,63090392,63090394,1782868394652010,True,True
24565965,0.19450000,4386.13000000,63090395,63090399,1782868394652010,True,True
24565966,0.19440000,5532.90000000,63090400,63090402,1782868394652010,True,True
24565967,0.19430000,13471.08000000,63090403,63090410,1782868394652010,True,True
24565968,0.19420000,2085.62000000,63090411,63090413,1782868394652010,True,True
24565969,0.19410000,12241.81000000,63090414,63090417,1782868394652010,True,True
24565970,0.19400000,4482.30000000,63090418,63090420,1782868394652010,True,True
24565971,0.19450000,697.81000000,63090421,63090421,1782868394655930,False,True
24565972,0.19450000,697.81000000,63090422,63090422,1782868394655933,False,True
24565973,0.19470000,190.50000000,63090423,63090423,1782868394658667,False,True
24565974,0.19470000,514.40000000,63090424,63090424,1782868394660432,False,True
24565975,0.19470000,25.90000000,63090425,63090425,1782868394661092,False,True
24565976,0.19470000,788.96000000,63090426,63090426,1782868394661408,False,True
24565977,0.19480000,1317.04000000,63090427,63090427,1782868394661408,False,True
24565978,0.19480000,1063.00000000,63090428,63090429,1782868394661673,False,True
24565979,0.19480000,587.00000000,63090430,63090430,1782868394661736,False,True
24565980,0.19480000,190.40000000,63090431,63090432,1782868394663103,False,True
24565981,0.19460000,74.90000000,63090433,63090433,1782868394683084,True,True
24565982,0.19480000,1108.73000000,63090434,63090434,1782868394783008,False,True
24565983,0.19480000,1108.73000000,63090435,63090435,1782868394795194,False,True
24565984,0.19480000,540.00000000,63090436,63090436,1782868395038496,False,True
24565985,0.19490000,2029.58000000,63090437,63090438,1782868395083971,False,True
24565986,0.19500000,2056.46000000,63090439,63090441,1782868395235128,False,True
24565987,0.19510000,1954.58000000,63090442,63090444,1782868395271864,False,True
24565988,0.19510000,404.00000000,63090445,63090445,1782868395337641,True,True
24565989,0.19510000,540.00000000,63090446,63090446,1782868395407859,False,True
24565990,0.19520000,26.80000000,63090447,63090447,1782868395627597,False,True
24565991,0.19530000,44.20000000,63090448,63090448,1782868395627597,False,True
24565992,0.19530000,71.00000000,63090449,63090449,1782868395627832,False,True
24565993,0.19530000,71.00000000,63090450,63090450,1782868395627877,False,True
24565994,0.19520000,404.00000000,63090451,63090451,1782868395726282,True,True
24565995,0.19510000,1018.00000000,63090452,63090454,1782868395726282,True,True
24565996,0.19530000,326.20000000,63090455,63090455,1782868396007680,False,True
24565997,0.19530000,343.90000000,63090456,63090458,1782868396007821,False,True
24565998,0.19530000,19.39000000,63090459,63090459,1782868396007872,False,True
24565999,0.19540000,306.81000000,63090460,63090460,1782868396007872,False,True
24566000,0.19540000,177.92000000,63090461,63090462,1782868396220097,False,True
24566001,0.19550000,133.28000000,63090463,63090463,1782868396220097,False,True
24566002,0.19550000,311.30000000,63090464,63090464,1782868396220139,False,True
24566003,0.19550000,32.60000000,63090465,63090465,1782868396220259,False,True
24566004,0.19550000,26.74000000,63090466,63090466,1782868396242806,False,True
24566005,0.19560000,566.73000000,63090467,63090468,1782868396242806,False,True
24566006,0.19560000,77.00000000,63090469,63090469,1782868396741885,False,True
24566007,0.19540000,256.10000000,63090470,63090471,1782868397394978,True,True
24566008,0.19540000,1024.14000000,63090472,63090472,1782868397394997,True,True
24566009,0.19530000,566.71000000,63090473,63090474,1782868397394997,True,True
24566010,0.19520000,543.95000000,63090475,63090476,1782868397394997,True,True
24566011,0.19520000,256.10000000,63090477,63090477,1782868397395138,True,True
24566012,0.19520000,256.10000000,63090478,63090479,1782868397395217,True,True
24566013,0.19520000,212.35000000,63090480,63090481,1782868397395567,True,True
24566014,0.19520000,1519.76000000,63090482,63090482,1782868397420358,False,True
24566015,0.19530000,26.77000000,63090483,63090483,1782868397425940,False,True
24566016,0.19510000,1157.05000000,63090484,63090487,1782868397548656,True,True
24566017,0.19500000,26.77000000,63090488,63090488,1782868397798443,True,True
24566018,0.19490000,26.78000000,63090489,63090489,1782868398069817,True,True
24566019,0.19480000,86.62000000,63090490,63090490,1782868398069817,True,True
24566020,0.19480000,113.40000000,63090491,63090491,1782868398069835,True,True
24566021,0.19480000,113.40000000,63090492,63090492,1782868398069982,True,True
24566022,0.19500000,2119.08000000,63090493,63090495,1782868398092863,False,True
24566023,0.19510000,886.88000000,63090496,63090496,1782868398092863,False,True
24566024,0.19480000,26.78000000,63090497,63090497,1782868398563494,True,True
24566025,0.19470000,86.62000000,63090498,63090498,1782868398563494,True,True
24566026,0.19470000,113.40000000,63090499,63090499,1782868398563669,True,True
24566027,0.19470000,113.40000000,63090500,63090500,1782868398565921,True,True
24566028,0.19470000,176.90000000,63090501,63090501,1782868398664783,True,True
24566029,0.19470000,26.81000000,63090502,63090502,1782868398664962,True,True
24566030,0.19460000,41.19000000,63090503,63090503,1782868398664962,True,True
24566031,0.19460000,68.00000000,63090504,63090504,1782868398666855,True,True
24566032,0.19460000,68.00000000,63090505,63090505,1782868398667969,True,True
24566033,0.19470000,80.20000000,63090506,63090506,1782868398680176,False,True
24566034,0.19480000,1519.76000000,63090507,63090507,1782868398994050,False,True
24566035,0.19500000,80.20000000,63090508,63090508,1782868399036219,False,True
24566036,0.19500000,26.81000000,63090509,63090509,1782868399155760,False,True
24566037,0.19510000,26.80000000,63090510,63090510,1782868400030541,False,True
24566038,0.19520000,26.80000000,63090511,63090511,1782868400033115,False,True
24566039,0.19520000,260.00000000,63090512,63090512,1782868400820125,False,True
24566040,0.19500000,256.10000000,63090513,63090514,1782868401529813,True,True
24566041,0.19500000,256.10000000,63090515,63090515,1782868401530656,True,True
24566042,0.19500000,256.10000000,63090516,63090516,1782868401531467,True,True
24566043,0.19500000,181.86000000,63090517,63090517,1782868401533789,True,True
24566044,0.19500000,330.14000000,63090518,63090518,1782868401534960,True,True
24566045,0.19490000,38.20000000,63090519,63090519,1782868401568131,True,True
24566046,0.19530000,26.77000000,63090520,63090520,1782868402572164,False,True
24566047,0.19520000,26.74000000,63090521,63090521,1782868402962496,True,True
24566048,0.19510000,26.74000000,63090522,63090522,1782868403496245,True,True
24566049,0.19500000,26.75000000,63090523,63090523,1782868403612574,True,True
24566050,0.19490000,80.20000000,63090524,63090525,1782868405269844,True,True
24566051,0.19500000,26.81000000,63090526,63090526,1782868406703867,False,True
24566052,0.19510000,26.80000000,63090527,63090527,1782868408103808,False,True
24566053,0.19500000,2139.39000000,63090528,63090530,1782868410641355,True,True
24566054,0.19500000,762.27000000,63090531,63090531,1782868410643331,True,True
24566055,0.19500000,200.00000000,63090532,63090532,1782868412217785,False,True
24566056,0.19510000,26.80000000,63090533,63090533,1782868413055053,False,True
24566057,0.19510000,32.00000000,63090534,63090534,1782868413426687,True,True
24566058,0.19500000,26.77000000,63090535,63090535,1782868415061044,True,True
24566059,0.19510000,26.80000000,63090536,63090536,1782868417216372,False,True
24566060,0.19520000,26.80000000,63090537,63090537,1782868417488285,False,True
24566061,0.19530000,26.77000000,63090538,63090538,1782868418405179,False,True
24566062,0.19540000,371.50000000,63090539,63090540,1782868418413753,False,True
24566063,0.19520000,107.34000000,63090541,63090542,1782868425253160,True,True
24566064,0.19530000,26.77000000,63090543,63090543,1782868426135473,False,True
24566065,0.19540000,26.77000000,63090544,63090544,1782868427193670,False,True
24566066,0.19550000,26.75000000,63090545,63090545,1782868427194802,False,True
24566067,0.19560000,26.73000000,63090546,63090546,1782868427762048,False,True
24566068,0.19570000,26.73000000,63090547,63090547,1782868428537179,False,True
24566069,0.19580000,26.70000000,63090548,63090548,1782868429532070,False,True
24566070,0.19590000,566.70000000,63090549,63090550,1782868429724443,False,True
24566071,0.19600000,26.67000000,63090551,63090551,1782868430452060,False,True
24566072,0.19610000,608.96000000,63090552,63090553,1782868434101370,False,True
24566073,0.19620000,566.65000000,63090554,63090555,1782868434101370,False,True
24566074,0.19630000,26.63000000,63090556,63090556,1782868434809731,False,True
24566075,0.19640000,365.64000000,63090557,63090558,1782868436943192,False,True
24566076,0.19650000,26.60000000,63090559,63090559,1782868437348400,False,True
24566077,0.19660000,26.60000000,63090560,63090561,1782868437348469,False,True
24566078,0.19660000,26.60000000,63090562,63090563,1782868437351394,False,True
24566079,0.19660000,26.60000000,63090564,63090564,1782868437351540,False,True
24566080,0.19660000,311.99000000,63090565,63090565,1782868440423458,False,True
24566081,0.19660000,277.33000000,63090566,63090567,1782868440434503,False,True
24566082,0.19670000,26.58000000,63090568,63090568,1782868440654806,False,True
24566083,0.19680000,0.02000000,63090569,63090569,1782868440654806,False,True
24566084,0.19680000,26.60000000,63090570,63090570,1782868440655091,False,True
24566085,0.19680000,5446.44000000,63090571,63090573,1782868440682385,False,True
24566086,0.19690000,26.56000000,63090574,63090574,1782868440788468,False,True
24566087,0.19700000,26.53000000,63090575,63090575,1782868441788447,False,True
24566088,0.19710000,26.51000000,63090576,63090576,1782868441788447,False,True
24566089,0.19720000,2773.61000000,63090577,63090578,1782868443125706,False,True
24566090,0.19720000,6242.86000000,63090579,63090579,1782868443127592,False,True
24566091,0.19720000,5302.25000000,63090580,63090580,1782868443133050,False,True
24566092,0.19720000,938.27000000,63090581,63090581,1782868443135842,False,True
24566093,0.19720000,2406.34000000,63090582,63090582,1782868443136138,False,True
24566094,0.19720000,404.00000000,63090583,63090583,1782868444950976,True,True
24566095,0.19720000,404.00000000,63090584,63090584,1782868444953542,True,True
24566096,0.19730000,613.23000000,63090585,63090586,1782868445664962,False,True
24566097,0.19720000,1217.18000000,63090587,63090587,1782868446528703,True,True
24566098,0.19700000,26.49000000,63090588,63090588,1782868447921955,True,True
24566099,0.19690000,26.50000000,63090589,63090589,1782868449455924,True,True
24566100,0.19680000,26.50000000,63090590,63090590,1782868451282730,True,True
24566101,0.19670000,26.53000000,63090591,63090591,1782868451498891,True,True
24566102,0.19680000,26.56000000,63090592,63090592,1782868460950220,False,True
24566103,0.19690000,26.56000000,63090593,63090593,1782868461019629,False,True
24566104,0.19690000,1253.53000000,63090594,63090594,1782868464846712,True,True
24566105,0.19680000,183.51000000,63090595,63090595,1782868472386387,False,True
24566106,0.19670000,1280.06000000,63090596,63090597,1782868476631003,True,True
24566107,0.19680000,26.56000000,63090598,63090598,1782868481308434,False,True
24566108,0.19690000,1735.07000000,63090599,63090602,1782868481308434,False,True
24566109,0.19690000,1005.29000000,63090603,63090603,1782868481309504,False,True
24566110,0.19680000,1253.53000000,63090604,63090604,1782868483912430,True,True
24566111,0.19670000,26.51000000,63090605,63090605,1782868484329181,True,True
24566112,0.19660000,26.53000000,63090606,63090606,1782868485360761,True,True
24566113,0.19650000,26.56000000,63090607,63090607,1782868485751294,True,True
24566114,0.19640000,159.19000000,63090608,63090609,1782868485751294,True,True
24566115,0.19660000,125.95000000,63090610,63090611,1782868489427007,False,True
24566116,0.19670000,26.58000000,63090612,63090612,1782868492200721,False,True
24566117,0.19680000,26.56000000,63090613,63090613,1782868493175157,False,True
24566118,0.19690000,26.56000000,63090614,63090614,1782868494991440,False,True
24566119,0.19700000,26.53000000,63090615,63090615,1782868497341643,False,True
24566120,0.19710000,73.57000000,63090616,63090617,1782868497341643,False,True
24566121,0.19720000,226.51000000,63090618,63090619,1782868500394938,False,True
24566122,0.19730000,226.50000000,63090620,63090621,1782868500716111,False,True
24566123,0.19740000,226.49000000,63090622,63090623,1782868501528516,False,True
24566124,0.19750000,26.46000000,63090624,63090624,1782868507544051,False,True
24566125,0.19760000,333.94000000,63090625,63090626,1782868507544051,False,True
24566126,0.19770000,844.75000000,63090627,63090630,1782868507544051,False,True
24566127,0.19770000,47.84000000,63090631,63090631,1782868507544051,False,True
24566128,0.19780000,26.42000000,63090632,63090632,1782868508882145,False,True
24566129,0.19790000,26.42000000,63090633,63090633,1782868509127690,False,True
24566130,0.19800000,226.40000000,63090634,63090635,1782868510535031,False,True
24566131,0.19810000,226.37000000,63090636,63090637,1782868511004372,False,True
24566132,0.19820000,1225.67000000,63090638,63090639,1782868511106471,False,True
24566133,0.19820000,200.00000000,63090640,63090640,1782868511117068,False,True
24566134,0.19810000,1253.53000000,63090641,63090641,1782868511844192,True,True
24566135,0.19800000,26.35000000,63090642,63090642,1782868511972106,True,True
24566136,0.19790000,213.99000000,63090643,63090644,1782868514681976,True,True
24566137,0.19790000,1065.90000000,63090645,63090645,1782868514683686,True,True
24566138,0.19780000,26.36000000,63090646,63090646,1782868514966193,True,True
24566139,0.19800000,6770.77000000,63090647,63090651,1782868517992604,False,True
24566140,0.19810000,26.37000000,63090652,63090652,1782868518551084,False,True
24566141,0.19820000,26.37000000,63090653,63090653,1782868518896797,False,True
24566142,0.19830000,226.35000000,63090654,63090655,1782868525386799,False,True
24566143,0.19820000,1253.53000000,63090656,63090656,1782868527225659,True,True
24566144,0.19810000,200.00000000,63090657,63090657,1782868535366951,False,True
24566145,0.19820000,2029.58000000,63090658,63090659,1782868535366951,False,True
24566146,0.19820000,224.74000000,63090660,63090660,1782868535368423,True,True
24566147,0.19820000,2017.65000000,63090661,63090661,1782868535369120,True,True
24566148,0.19830000,276.15000000,63090662,63090666,1782868538678864,False,True
24566149,0.19830000,471.43000000,63090667,63090667,1782868538680226,False,True
24566150,0.19830000,282.70000000,63090668,63090668,1782868538681925,False,True
24566151,0.19830000,254.79000000,63090669,63090669,1782868538685767,False,True
24566152,0.19830000,49.96000000,63090670,63090670,1782868538687455,False,True
24566153,0.19830000,200.00000000,63090671,63090671,1782868540809691,False,True
24566154,0.19840000,340.67000000,63090672,63090674,1782868542393766,False,True
24566155,0.19850000,226.33000000,63090675,63090676,1782868542620324,False,True
