10593004,0.06420000,793.00000000,16298732,16298732,1782864002111891,True,True
10593005,0.06420000,374.40000000,16298733,16298733,1782864005680251,True,True
10593006,0.06420000,116.80000000,16298734,16298734,1782864020748546,True,True
10593007,0.06420000,7161.30000000,16298735,16298756,1782864020748621,True,True
10593008,0.06420000,116.80000000,16298757,16298758,1782864020748627,True,True
10593009,0.06420000,116.80000000,16298759,16298759,1782864020748646,True,True
10593010,0.06420000,116.80000000,16298760,16298760,1782864020748710,True,True
10593011,0.06420000,116.80000000,16298761,16298762,1782864020748909,True,True
10593012,0.06420000,313.60000000,16298763,16298763,1782864020749357,True,True
10593013,0.06420000,1938.70000000,16298764,16298764,1782864024216124,True,True
10593014,0.06420000,112.00000000,16298765,16298765,1782864050948058,False,True
10593015,0.06420000,338.70000000,16298766,16298766,1782864063621137,False,True
10593016,0.06410000,2585.00000000,16298767,16298769,1782864068739253,True,True
10593017,0.06410000,339.70000000,16298770,16298771,1782864123607928,True,True
10593018,0.06410000,678.60000000,16298772,16298773,1782864123611748,True,True
10593019,0.06420000,80.00000000,16298774,16298774,1782864125413866,False,True
10593020,0.06420000,80.00000000,16298775,16298775,1782864125413878,False,True
10593021,0.06420000,80.00000000,16298776,16298776,1782864125413955,False,True
10593022,0.06420000,80.00000000,16298777,16298777,1782864125414118,False,True
10593023,0.06420000,80.00000000,16298778,16298778,1782864125414246,False,True
10593024,0.06420000,80.00000000,16298779,16298779,1782864125429982,False,True
10593025,0.06420000,111.00000000,16298780,16298780,1782864125629200,False,True
10593026,0.06420000,111.00000000,16298781,16298781,1782864125629306,False,True
10593027,0.06420000,111.00000000,16298782,16298782,1782864125629339,False,True
10593028,0.06420000,111.00000000,16298783,16298783,1782864125629359,False,True
10593029,0.06420000,111.00000000,16298784,16298784,1782864125629462,False,True
10593030,0.06420000,111.00000000,16298785,16298785,1782864125643426,False,True
10593031,0.06420000,104.00000000,16298786,16298786,1782864125981572,False,True
10593032,0.06420000,104.00000000,16298787,16298787,1782864125981615,False,True
10593033,0.06420000,104.00000000,16298788,16298788,1782864125981618,False,True
10593034,0.06420000,104.00000000,16298789,16298789,1782864125981799,False,True
10593035,0.06420000,104.00000000,16298790,16298791,1782864125981915,False,True
10593036,0.06420000,104.00000000,16298792,16298792,1782864125998478,False,True
10593037,0.06420000,125.00000000,16298793,16298793,1782864126185750,False,True
10593038,0.06420000,125.00000000,16298794,16298794,1782864126185835,False,True
10593039,0.06420000,125.00000000,16298795,16298795,1782864126185865,False,True
10593040,0.06420000,125.00000000,16298796,16298796,1782864126185956,False,True
10593041,0.06420000,125.00000000,16298797,16298797,1782864126185997,False,True
10593042,0.06420000,125.00000000,16298798,16298798,1782864126200970,False,True
10593043,0.06420000,91.00000000,16298799,16298799,1782864126477593,False,True
10593044,0.06420000,91.00000000,16298800,16298800,1782864126477606,False,True
10593045,0.06420000,91.00000000,16298801,16298801,1782864126477673,False,True
10593046,0.06420000,91.00000000,16298802,16298802,1782864126477783,False,True
10593047,0.06420000,91.00000000,16298803,16298803,1782864126478040,False,True
10593048,0.06420000,91.00000000,16298804,16298804,1782864126493159,False,True
10593049,0.06420000,91.00000000,16298805,16298805,1782864127208650,False,True
10593050,0.06420000,91.00000000,16298806,16298806,1782864127209018,False,True
10593051,0.06420000,91.00000000,16298807,16298807,1782864127209069,False,True
10593052,0.06420000,91.00000000,16298808,16298808,1782864127209088,False,True
10593053,0.06420000,91.00000000,16298809,16298809,1782864127209130,False,True
10593054,0.06420000,91.00000000,16298810,16298810,1782864127226482,False,True
10593055,0.06420000,81.00000000,16298811,16298811,1782864128083237,False,True
10593056,0.06420000,81.00000000,16298812,16298812,1782864128083288,False,True
10593057,0.06420000,81.00000000,16298813,16298813,1782864128083316,False,True
10593058,0.06420000,81.00000000,16298814,16298814,1782864128083398,False,True
10593059,0.06420000,81.00000000,16298815,16298815,1782864128083762,False,True
10593060,0.06420000,81.00000000,16298816,16298816,1782864128097979,False,True
10593061,0.06420000,80.00000000,16298817,16298817,1782864133268778,False,True
10593062,0.06420000,80.00000000,16298818,16298818,1782864133268907,False,True
10593063,0.06420000,80.00000000,16298819,16298819,1782864133268983,False,True
10593064,0.06420000,80.00000000,16298820,16298820,1782864133269173,False,True
10593065,0.06420000,80.00000000,16298821,16298821,1782864133270292,False,True
10593066,0.06420000,80.00000000,16298822,16298822,1782864133301923,False,True
10593067,0.06420000,80.00000000,16298823,16298823,1782864133877582,False,True
10593068,0.06420000,80.00000000,16298824,16298824,1782864133877588,False,True
10593069,0.06420000,80.00000000,16298825,16298825,1782864133877757,False,True
10593070,0.06420000,80.00000000,16298826,16298826,1782864133877951,False,True
10593071,0.06420000,80.00000000,16298827,16298827,1782864133877971,False,True
10593072,0.06420000,80.00000000,16298828,16298828,1782864133894078,False,True
10593073,0.06420000,370.00000000,16298829,16298829,1782864141487915,False,True
10593074,0.06420000,370.00000000,16298830,16298830,1782864141487918,False,True
10593075,0.06420000,370.00000000,16298831,16298831,1782864141488110,False,True
10593076,0.06420000,370.00000000,16298832,16298832,1782864141488204,False,True
10593077,0.06420000,370.00000000,16298833,16298834,1782864141488732,False,True
10593078,0.06420000,370.00000000,16298835,16298835,1782864141504029,False,True
10593079,0.06420000,133.00000000,16298836,16298836,1782864141690725,False,True
10593080,0.06420000,133.00000000,16298837,16298837,1782864141691034,False,True
10593081,0.06420000,133.00000000,16298838,16298838,1782864141691105,False,True
10593082,0.06420000,133.00000000,16298839,16298839,1782864141691134,False,True
10593083,0.06420000,133.00000000,16298840,16298840,1782864141691197,False,True
10593084,0.06420000,148.00000000,16298841,16298841,1782864141718224,False,True
10593085,0.06420000,109.00000000,16298842,16298842,1782864141893400,False,True
10593086,0.06420000,109.00000000,16298843,16298843,1782864141893419,False,True
10593087,0.06420000,109.00000000,16298844,16298844,1782864141893679,False,True
10593088,0.06420000,109.00000000,16298845,16298845,1782864141893741,False,True
10593089,0.06420000,109.00000000,16298846,16298846,1782864141894053,False,True
10593090,0.06420000,109.00000000,16298847,16298847,1782864141910210,False,True
10593091,0.06420000,5755.50000000,16298848,16298857,1782864142504070,False,True
10593092,0.06420000,104.00000000,16298858,16298858,1782864142522901,False,True
10593093,0.06420000,104.00000000,16298859,16298859,1782864142523240,False,True
10593094,0.06420000,104.00000000,16298860,16298860,1782864142523246,False,True
10593095,0.06420000,104.00000000,16298861,16298861,1782864142539068,False,True
10593096,0.06420000,80.00000000,16298862,16298862,1782864142593508,False,True
10593097,0.06420000,80.00000000,16298863,16298863,1782864142594035,False,True
10593098,0.06420000,80.00000000,16298864,16298864,1782864142806568,False,True
10593099,0.06420000,80.00000000,16298865,16298865,1782864142806651,False,True
10593100,0.06420000,80.00000000,16298866,16298866,1782864142806672,False,True
10593101,0.06420000,80.00000000,16298867,16298867,1782864142806714,False,True
10593102,0.06420000,80.00000000,16298868,16298868,1782864142807332,False,True
10593103,0.06420000,80.00000000,16298869,16298869,1782864142823158,False,True
10593104,0.06420000,80.00000000,16298870,16298870,1782864143011438,False,True
10593105,0.06420000,80.00000000,16298871,16298871,1782864143011478,False,True
10593106,0.06420000,80.00000000,16298872,16298872,1782864143011609,False,True
10593107,0.06420000,80.00000000,16298873,16298873,1782864143011718,False,True
10593108,0.06420000,80.00000000,16298874,16298874,1782864143011936,False,True
10593109,0.06420000,1028.00000000,16298875,16298875,1782864143015442,True,True
10593110,0.06420000,1028.00000000,16298876,16298876,1782864143015600,True,True
10593111,0.06420000,1028.00000000,16298877,16298878,1782864143015705,True,True
10593112,0.06420000,2074.20000000,16298879,16298879,1782864143016682,True,True
10593113,0.06420000,2073.00000000,16298880,16298880,1782864143016970,True,True
10593114,0.06420000,1608.80000000,16298881,16298881,1782864143017181,True,True
10593115,0.06420000,80.00000000,16298882,16298882,1782864143026782,False,True
10593116,0.06420000,99.00000000,16298883,16298883,1782864143708106,False,True
10593117,0.06420000,99.00000000,16298884,16298884,1782864143708268,False,True
10593118,0.06420000,99.00000000,16298885,16298885,1782864143708293,False,True
10593119,0.06420000,99.00000000,16298886,16298887,1782864143708345,False,True
10593120,0.06420000,99.00000000,16298888,16298888,1782864143708657,False,True
10593121,0.06420000,99.00000000,16298889,16298889,1782864143724848,False,True
10593122,0.06420000,102.00000000,16298890,16298890,1782864154384798,False,True
10593123,0.06420000,102.00000000,16298891,16298891,1782864154384852,False,True
10593124,0.06420000,102.00000000,16298892,16298892,1782864154385011,False,True
10593125,0.06420000,102.00000000,16298893,16298893,1782864154385183,False,True
10593126,0.06420000,102.00000000,16298894,16298894,1782864154385557,False,True
10593127,0.06420000,102.00000000,16298895,16298895,1782864154402205,False,True
10593128,0.06420000,82.00000000,16298896,16298896,1782864154605542,False,True
10593129,0.06420000,82.00000000,16298897,16298897,1782864154605629,False,True
10593130,0.06420000,82.00000000,16298898,16298898,1782864154605698,False,True
10593131,0.06420000,82.00000000,16298899,16298899,1782864154605745,False,True
10593132,0.06420000,82.00000000,16298900,16298900,1782864154605845,False,True
10593133,0.06420000,82.00000000,16298901,16298901,1782864154619718,False,True
10593134,0.06420000,231.00000000,16298902,16298902,1782864154870083,False,True
10593135,0.06420000,231.00000000,16298903,16298903,1782864154870098,False,True
10593136,0.06420000,231.00000000,16298904,16298904,1782864154870152,False,True
10593137,0.06420000,231.00000000,16298905,16298906,1782864154870187,False,True
10593138,0.06420000,231.00000000,16298907,16298907,1782864154870198,False,True
10593139,0.06420000,231.00000000,16298908,16298908,1782864154886602,False,True
10593140,0.06420000,165.00000000,16298909,16298909,1782864155356384,False,True
10593141,0.06420000,133.00000000,16298910,16298910,1782864155366450,False,True
10593142,0.06420000,80.00000000,16298911,16298911,1782864155426356,False,True
10593143,0.06420000,80.00000000,16298912,16298912,1782864155813505,False,True
10593144,0.06420000,80.00000000,16298913,16298913,1782864155813554,False,True
10593145,0.06420000,80.00000000,16298914,16298914,1782864155813582,False,True
10593146,0.06420000,80.00000000,16298915,16298915,1782864155813788,False,True
10593147,0.06420000,80.00000000,16298916,16298916,1782864155829849,False,True
10593148,0.06420000,207.00000000,16298917,16298917,1782864157562927,False,True
10593149,0.06420000,207.00000000,16298918,16298918,1782864157563055,False,True
10593150,0.06420000,207.00000000,16298919,16298919,1782864157563107,False,True
10593151,0.06420000,207.00000000,16298920,16298921,1782864157563242,False,True
10593152,0.06420000,207.00000000,16298922,16298923,1782864157563311,False,True
10593153,0.06420000,207.00000000,16298924,16298925,1782864157578003,False,True
10593154,0.06420000,122.00000000,16298926,16298927,1782864157777561,False,True
10593155,0.06420000,122.00000000,16298928,16298929,1782864157777583,False,True
10593156,0.06420000,122.00000000,16298930,16298931,1782864157777647,False,True
10593157,0.06420000,122.00000000,16298932,16298932,1782864157777652,False,True
10593158,0.06420000,122.00000000,16298933,16298934,1782864157777672,False,True
10593159,0.06420000,122.00000000,16298935,16298936,1782864157793617,False,True
10593160,0.06420000,280.30000000,16298937,16298937,1782864158401342,True,True
10593161,0.06420000,280.30000000,16298938,16298938,1782864158402232,True,True
10593162,0.06420000,15.40000000,16298939,16298939,1782864158402368,True,True
10593163,0.06420000,100.00000000,16298940,16298940,1782864158420970,False,True
10593164,0.06420000,100.00000000,16298941,16298941,1782864158421030,False,True
10593165,0.06420000,100.00000000,16298942,16298942,1782864158421240,False,True
10593166,0.06420000,100.00000000,16298943,16298943,1782864158421349,False,True
10593167,0.06420000,100.00000000,16298944,16298944,1782864158421354,False,True
10593168,0.06420000,100.00000000,16298945,16298946,1782864158436603,False,True
10593169,0.06420000,134.00000000,16298947,16298947,1782864159306634,False,True
10593170,0.06420000,134.00000000,16298948,16298948,1782864159306719,False,True
10593171,0.06420000,134.00000000,16298949,16298949,1782864159306769,False,True
10593172,0.06420000,134.00000000,16298950,16298950,1782864159307352,False,True
10593173,0.06420000,134.00000000,16298951,16298952,1782864159307366,False,True
10593174,0.06420000,134.00000000,16298953,16298953,1782864159324285,False,True
10593175,0.06420000,94.00000000,16298954,16298954,1782864159519477,False,True
10593176,0.06420000,94.00000000,16298955,16298955,1782864159519762,False,True
10593177,0.06420000,94.00000000,16298956,16298956,1782864159519767,False,True
10593178,0.06420000,94.00000000,16298957,16298958,1782864159519771,False,True
10593179,0.06420000,94.00000000,16298959,16298959,1782864159520206,False,True
10593180,0.06420000,94.00000000,16298960,16298960,1782864159535672,False,True
10593181,0.06420000,255.00000000,16298961,16298961,1782864159741667,False,True
10593182,0.06420000,255.00000000,16298962,16298962,1782864159741672,False,True
10593183,0.06420000,255.00000000,16298963,16298963,1782864159741676,False,True
10593184,0.06420000,255.00000000,16298964,16298964,1782864159741721,False,True
10593185,0.06420000,255.00000000,16298965,16298965,1782864159741753,False,True
10593186,0.06420000,255.00000000,16298966,16298966,1782864159757311,False,True
10593187,0.06420000,161.00000000,16298967,16298967,1782864160391210,False,True
10593188,0.06420000,161.00000000,16298968,16298969,1782864160391379,False,True
10593189,0.06420000,161.00000000,16298970,16298970,1782864160391384,False,True
10593190,0.06420000,161.00000000,16298971,16298971,1782864160391569,False,True
10593191,0.06430000,161.00000000,16298972,16298972,1782864160404208,False,True
10593192,0.06420000,1028.00000000,16298973,16298973,1782864160586339,True,True
10593193,0.06420000,1028.00000000,16298974,16298974,1782864160586532,True,True
10593194,0.06420000,1397.00000000,16298975,16298976,1782864160587472,True,True
10593195,0.06420000,178.00000000,16298977,16298977,1782864160606718,False,True
10593196,0.06420000,178.00000000,16298978,16298978,1782864160606837,False,True
10593197,0.06420000,178.00000000,16298979,16298979,1782864160623158,False,True
10593198,0.06420000,125.00000000,16298980,16298980,1782864160624937,False,True
10593199,0.06420000,153.00000000,16298981,16298982,1782864160656614,False,True
10593200,0.06420000,153.00000000,16298983,16298983,1782864160656797,False,True
10593201,0.06420000,103.00000000,16298984,16298984,1782864160806701,False,True
10593202,0.06420000,103.00000000,16298985,16298985,1782864160807056,False,True
10593203,0.06420000,103.00000000,16298986,16298986,1782864160822801,False,True
10593204,0.06420000,80.00000000,16298987,16298987,1782864160825189,False,True
10593205,0.06420000,80.00000000,16298988,16298988,1782864160853154,False,True
10593206,0.06420000,80.00000000,16298989,16298989,1782864160853245,False,True
10593207,0.06420000,103.00000000,16298990,16298990,1782864161080686,False,True
10593208,0.06420000,103.00000000,16298991,16298991,1782864161080863,False,True
10593209,0.06420000,103.00000000,16298992,16298992,1782864161080973,False,True
10593210,0.06420000,103.00000000,16298993,16298993,1782864161081005,False,True
10593211,0.06420000,103.00000000,16298994,16298994,1782864161081230,False,True
10593212,0.06420000,103.00000000,16298995,16298995,1782864161096689,False,True
10593213,0.06420000,146.00000000,16298996,16298996,1782864162412619,False,True
10593214,0.06420000,146.00000000,16298997,16298997,1782864162412708,False,True
10593215,0.06420000,146.00000000,16298998,16298998,1782864162412834,False,True
10593216,0.06420000,146.00000000,16298999,16298999,1782864162412883,False,True
10593217,0.06420000,146.00000000,16299000,16299001,1782864162413154,False,True
10593218,0.06420000,82.00000000,16299002,16299002,1782864162640159,False,True
10593219,0.06420000,82.00000000,16299003,16299003,1782864162640245,False,True
10593220,0.06420000,82.00000000,16299004,16299004,1782864162640291,False,True
10593221,0.06420000,82.00000000,16299005,16299005,1782864162640487,False,True
10593222,0.06420000,82.00000000,16299006,16299006,1782864162640510,False,True
10593223,0.06420000,155.00000000,16299007,16299007,1782864163597614,False,True
10593224,0.06420000,155.00000000,16299008,16299008,1782864163597812,False,True
10593225,0.06420000,155.00000000,16299009,16299009,1782864163597959,False,True
10593226,0.06420000,155.00000000,16299010,16299010,1782864163598082,False,True
10593227,0.06420000,155.00000000,16299011,16299011,1782864163598092,False,True
10593228,0.06420000,86.00000000,16299012,16299012,1782864165752657,False,True
10593229,0.06420000,86.00000000,16299013,16299013,1782864165752807,False,True
10593230,0.06420000,86.00000000,16299014,16299014,1782864165752812,False,True
10593231,0.06420000,86.00000000,16299015,16299015,1782864165752831,False,True
10593232,0.06420000,86.00000000,16299016,16299016,1782864165753021,False,True
10593233,0.06420000,216.00000000,16299017,16299017,1782864166416459,False,True
10593234,0.06420000,216.00000000,16299018,16299019,1782864166416600,False,True
10593235,0.06420000,216.00000000,16299020,16299020,1782864166416801,False,True
10593236,0.06420000,216.00000000,16299021,16299021,1782864166416905,False,True
10593237,0.06420000,130.00000000,16299022,16299022,1782864166720884,False,True
10593238,0.06420000,130.00000000,16299023,16299023,1782864166721037,False,True
10593239,0.06420000,130.00000000,16299024,16299024,1782864166721259,False,True
10593240,0.06420000,130.00000000,16299025,16299025,1782864166721336,False,True
10593241,0.06420000,168.00000000,16299026,16299026,1782864167157478,False,True
10593242,0.06420000,168.00000000,16299027,16299027,1782864167157577,False,True
10593243,0.06420000,168.00000000,16299028,16299028,1782864167157702,False,True
10593244,0.06420000,168.00000000,16299029,16299029,1782864167157940,False,True
10593245,0.06420000,243.00000000,16299030,16299030,1782864167577518,False,True
10593246,0.06420000,243.00000000,16299031,16299032,1782864167577577,False,True
10593247,0.06420000,243.00000000,16299033,16299033,1782864167577583,False,True
10593248,0.06420000,243.00000000,16299034,16299034,1782864167577732,False,True
10593249,0.06420000,179.00000000,16299035,16299035,1782864168027614,False,True
10593250,0.06420000,179.00000000,16299036,16299036,1782864168027625,False,True
10593251,0.06420000,179.00000000,16299037,16299037,1782864168027667,False,True
10593252,0.06420000,179.00000000,16299038,16299038,1782864168027928,False,True
10593253,0.06410000,410.60000000,16299039,16299040,1782864194423861,True,True
10593254,0.06400000,3186.00000000,16299041,16299045,1782864274715685,True,True
10593255,0.06410000,80.00000000,16299046,16299046,1782864297099800,False,True
10593256,0.06400000,6961.40000000,16299047,16299064,1782864326900193,True,True
10593257,0.06400000,431.80000000,16299065,16299066,1782864326903038,True,True
10593258,0.06400000,90.00000000,16299067,16299067,1782864327063927,False,True
10593259,0.06400000,80.00000000,16299068,16299068,1782864330090273,False,True
10593260,0.06400000,80.00000000,16299069,16299069,1782864330404154,False,True
10593261,0.06400000,80.00000000,16299070,16299070,1782864330693790,False,True
10593262,0.06400000,80.00000000,16299071,16299071,1782864330986067,False,True
10593263,0.06400000,155.00000000,16299072,16299072,1782864331284845,False,True
10593264,0.06400000,139.00000000,16299073,16299073,1782864334731197,False,True
10593265,0.06400000,250.00000000,16299074,16299075,1782864334971862,False,True
10593266,0.06400000,100.00000000,16299076,16299076,1782864335231698,False,True
10593267,0.06400000,90.00000000,16299077,16299077,1782864335474587,False,True
10593268,0.06400000,81.00000000,16299078,16299078,1782864336151616,False,True
10593269,0.06400000,88.00000000,16299079,16299079,1782864336928021,False,True
10593270,0.06400000,80.00000000,16299080,16299080,1782864337237644,False,True
10593271,0.06400000,80.00000000,16299081,16299081,1782864337527814,False,True
10593272,0.06400000,80.00000000,16299082,16299082,1782864337781763,False,True
10593273,0.06400000,80.00000000,16299083,16299083,1782864338077594,False,True
10593274,0.06400000,93.70000000,16299084,16299084,1782864342482347,False,True
10593275,0.06400000,80.00000000,16299085,16299085,1782864350743844,False,True
10593276,0.06400000,7087.70000000,16299086,16299089,1782864350756220,False,True
10593277,0.06400000,80.00000000,16299090,16299090,1782864350769731,False,True
10593278,0.06400000,80.00000000,16299091,16299091,1782864350769916,False,True
10593279,0.06400000,80.00000000,16299092,16299092,1782864350769974,False,True
10593280,0.06400000,80.00000000,16299093,16299093,1782864350770034,False,True
10593281,0.06400000,80.00000000,16299094,16299094,1782864350788720,False,True
10593282,0.06400000,101.00000000,16299095,16299095,1782864350952885,False,True
10593283,0.06400000,91.00000000,16299096,16299096,1782864350980806,False,True
10593284,0.06400000,91.00000000,16299097,16299097,1782864350980928,False,True
10593285,0.06400000,91.00000000,16299098,16299098,1782864350981097,False,True
10593286,0.06400000,91.00000000,16299099,16299099,1782864350981188,False,True
10593287,0.06400000,91.00000000,16299100,16299100,1782864350981229,False,True
10593288,0.06400000,339.50000000,16299101,16299101,1782864363603223,False,True
10593289,0.06400000,339.70000000,16299102,16299103,1782864363609010,False,True
10593290,0.06400000,339.70000000,16299104,16299105,1782864363615873,False,True
10593291,0.06400000,12185.70000000,16299106,16299110,1782864381670011,False,True
10593292,0.06400000,115.00000000,16299111,16299111,1782864381676526,False,True
10593293,0.06400000,115.00000000,16299112,16299112,1782864381676557,False,True
10593294,0.06400000,115.00000000,16299113,16299113,1782864381676609,False,True
10593295,0.06400000,115.00000000,16299114,16299114,1782864381676687,False,True
10593296,0.06400000,115.00000000,16299115,16299115,1782864381676810,False,True
10593297,0.06400000,115.00000000,16299116,16299116,1782864381676814,False,True
10593298,0.06400000,115.00000000,16299117,16299117,1782864381677141,False,True
10593299,0.06400000,80.00000000,16299118,16299118,1782864381821285,False,True
10593300,0.06400000,80.00000000,16299119,16299119,1782864381881393,False,True
10593301,0.06400000,80.00000000,16299120,16299120,1782864381881553,False,True
10593302,0.06400000,80.00000000,16299121,16299121,1782864381881561,False,True
10593303,0.06400000,80.00000000,16299122,16299122,1782864381881736,False,True
10593304,0.06400000,80.00000000,16299123,16299123,1782864381881860,False,True
10593305,0.06400000,80.00000000,16299124,16299124,1782864381881936,False,True
10593306,0.06400000,80.00000000,16299125,16299125,1782864386596486,False,True
10593307,0.06400000,80.00000000,16299126,16299126,1782864386596638,False,True
10593308,0.06400000,80.00000000,16299127,16299127,1782864386596681,False,True
10593309,0.06400000,80.00000000,16299128,16299128,1782864386596725,False,True
10593310,0.06400000,80.00000000,16299129,16299129,1782864386596737,False,True
10593311,0.06400000,80.00000000,16299130,16299130,1782864386596812,False,True
10593312,0.06400000,80.00000000,16299131,16299131,1782864386596886,False,True
10593313,0.06400000,80.00000000,16299132,16299132,1782864386596940,False,True
10593314,0.06400000,80.00000000,16299133,16299133,1782864386597152,False,True
10593315,0.06400000,80.00000000,16299134,16299134,1782864388975840,False,True
10593316,0.06400000,80.00000000,16299135,16299135,1782864388975955,False,True
10593317,0.06400000,80.00000000,16299136,16299136,1782864388976037,False,True
10593318,0.06400000,80.00000000,16299137,16299137,1782864388976053,False,True
10593319,0.06400000,80.00000000,16299138,16299138,1782864388976169,False,True
10593320,0.06400000,80.00000000,16299139,16299139,1782864388976200,False,True
10593321,0.06400000,80.00000000,16299140,16299140,1782864388976295,False,True
10593322,0.06400000,80.00000000,16299141,16299141,1782864388976323,False,True
10593323,0.06400000,80.00000000,16299142,16299142,1782864389211151,False,True
10593324,0.06400000,80.00000000,16299143,16299143,1782864389211170,False,True
10593325,0.06400000,80.00000000,16299144,16299144,1782864389211223,False,True
10593326,0.06400000,80.00000000,16299145,16299145,1782864389211237,False,True
10593327,0.06400000,80.00000000,16299146,16299146,1782864389211314,False,True
10593328,0.06400000,80.00000000,16299147,16299147,1782864389211531,False,True
10593329,0.06400000,80.00000000,16299148,16299148,1782864389212134,False,True
10593330,0.06400000,80.00000000,16299149,16299149,1782864389212387,False,True
10593331,0.06400000,437.30000000,16299150,16299150,1782864389212661,False,True
10593332,0.06410000,80.00000000,16299151,16299151,1782864429088909,False,True
10593333,0.06410000,80.00000000,16299152,16299152,1782864429934470,False,True
10593334,0.06410000,525.00000000,16299153,16299153,1782864430224288,False,True
10593335,0.06410000,128.00000000,16299154,16299155,1782864434600190,False,True
10593336,0.06410000,115.00000000,16299156,16299156,1782864435151675,False,True
10593337,0.06410000,104.00000000,16299157,16299157,1782864435555056,False,True
10593338,0.06410000,120.00000000,16299158,16299158,1782864436135745,False,True
10593339,0.06410000,120.00000000,16299159,16299159,1782864436135851,False,True
10593340,0.06410000,120.00000000,16299160,16299160,1782864436136016,False,True
10593341,0.06410000,120.00000000,16299161,16299161,1782864436136105,False,True
10593342,0.06410000,120.00000000,16299162,16299162,1782864436136187,False,True
10593343,0.06410000,120.00000000,16299163,16299163,1782864436136902,False,True
10593344,0.06410000,80.00000000,16299164,16299164,1782864436333987,False,True
10593345,0.06410000,80.00000000,16299165,16299165,1782864436334083,False,True
10593346,0.06410000,80.00000000,16299166,16299166,1782864436334222,False,True
10593347,0.06410000,80.00000000,16299167,16299167,1782864436334256,False,True
10593348,0.06410000,80.00000000,16299168,16299168,1782864436334309,False,True
10593349,0.06410000,80.00000000,16299169,16299169,1782864436334355,False,True
10593350,0.06410000,80.00000000,16299170,16299170,1782864441030980,False,True
10593351,0.06410000,80.00000000,16299171,16299171,1782864441031016,False,True
10593352,0.06410000,80.00000000,16299172,16299172,1782864441031094,False,True
10593353,0.06410000,80.00000000,16299173,16299173,1782864441031100,False,True
10593354,0.06410000,80.00000000,16299174,16299174,1782864441031321,False,True
10593355,0.06410000,80.00000000,16299175,16299175,1782864441031429,False,True
10593356,0.06410000,80.00000000,16299176,16299176,1782864441243515,False,True
10593357,0.06410000,80.00000000,16299177,16299177,1782864441243699,False,True
10593358,0.06410000,80.00000000,16299178,16299178,1782864441243704,False,True
10593359,0.06410000,80.00000000,16299179,16299179,1782864441243747,False,True
10593360,0.06410000,80.00000000,16299180,16299180,1782864441243792,False,True
10593361,0.06410000,80.00000000,16299181,16299181,1782864441243913,False,True
10593362,0.06410000,81.00000000,16299182,16299182,1782864444336738,False,True
10593363,0.06410000,80.00000000,16299183,16299183,1782864444674994,False,True
10593364,0.06410000,80.00000000,16299184,16299184,1782864444693317,False,True
10593365,0.06410000,80.00000000,16299185,16299185,1782864444693804,False,True
10593366,0.06410000,80.00000000,16299186,16299186,1782864444693830,False,True
10593367,0.06410000,80.00000000,16299187,16299187,1782864444693880,False,True
10593368,0.06410000,80.00000000,16299188,16299188,1782864444693943,False,True
10593369,0.06410000,80.00000000,16299189,16299189,1782864444694334,False,True
10593370,0.06410000,80.00000000,16299190,16299190,1782864444894822,False,True
10593371,0.06410000,82.00000000,16299191,16299191,1782864447728654,False,True
10593372,0.06410000,2073.00000000,16299192,16299192,1782864449259682,False,True
10593373,0.06410000,2598.10000000,16299193,16299194,1782864449260077,False,True
10593374,0.06410000,80.00000000,16299195,16299195,1782864545376983,False,True
10593375,0.06410000,103.00000000,16299196,16299196,1782864545539718,False,True
10593376,0.06410000,103.00000000,16299197,16299197,1782864545539810,False,True
10593377,0.06410000,103.00000000,16299198,16299198,1782864545539945,False,True
10593378,0.06410000,103.00000000,16299199,16299200,1782864545540033,False,True
10593379,0.06410000,103.00000000,16299201,16299201,1782864545540135,False,True
10593380,0.06410000,97.00000000,16299202,16299202,1782864545631497,False,True
10593381,0.06410000,88.00000000,16299203,16299203,1782864545831590,False,True
10593382,0.06410000,80.00000000,16299204,16299204,1782864546083764,False,True
10593383,0.06410000,80.00000000,16299205,16299205,1782864546307975,False,True
10593384,0.06410000,80.00000000,16299206,16299206,1782864547642944,False,True
10593385,0.06410000,80.00000000,16299207,16299208,1782864548182534,False,True
10593386,0.06400000,144.30000000,16299209,16299209,1782864553522522,True,True
10593387,0.06410000,254.00000000,16299210,16299210,1782864554095838,False,True
10593388,0.06410000,254.00000000,16299211,16299213,1782864554095855,False,True
10593389,0.06410000,254.00000000,16299214,16299214,1782864554095897,False,True
10593390,0.06410000,254.00000000,16299215,16299215,1782864554096018,False,True
10593391,0.06410000,254.00000000,16299216,16299216,1782864554096144,False,True
10593392,0.06410000,254.00000000,16299217,16299217,1782864554096283,False,True
10593393,0.06410000,244.00000000,16299218,16299218,1782864568203595,False,True
10593394,0.06410000,256.00000000,16299219,16299220,1782864568486113,False,True
10593395,0.06410000,232.00000000,16299221,16299221,1782864657270826,False,True
10593396,0.06410000,155.00000000,16299222,16299223,1782864657435051,False,True
10593397,0.06410000,155.00000000,16299224,16299225,1782864657435276,False,True
10593398,0.06410000,93.00000000,16299226,16299226,1782864657714307,False,True
10593399,0.06410000,93.00000000,16299227,16299227,1782864657714399,False,True
10593400,0.06410000,93.00000000,16299228,16299228,1782864657714442,False,True
10593401,0.06410000,93.00000000,16299229,16299229,1782864657714590,False,True
10593402,0.06410000,93.00000000,16299230,16299230,1782864657732650,False,True
10593403,0.06410000,80.00000000,16299231,16299231,1782864657966883,False,True
10593404,0.06410000,80.00000000,16299232,16299232,1782864657966888,False,True
10593405,0.06410000,80.00000000,16299233,16299233,1782864657967269,False,True
10593406,0.06410000,80.00000000,16299234,16299234,1782864657967445,False,True
10593407,0.06410000,80.00000000,16299235,16299235,1782864657967731,False,True
10593408,0.06410000,80.00000000,16299236,16299236,1782864657983316,False,True
10593409,0.06410000,678.80000000,16299237,16299237,1782864663601354,False,True
10593410,0.06410000,339.40000000,16299238,16299238,1782864663602395,False,True
10593411,0.06410000,163.00000000,16299239,16299239,1782864664756803,False,True
10593412,0.06410000,163.00000000,16299240,16299240,1782864664756915,False,True
10593413,0.06410000,163.00000000,16299241,16299242,1782864664756948,False,True
10593414,0.06410000,163.00000000,16299243,16299243,1782864664757029,False,True
10593415,0.06410000,163.00000000,16299244,16299244,1782864664757036,False,True
10593416,0.06410000,80.00000000,16299245,16299245,1782864664764536,False,True
10593417,0.06410000,163.00000000,16299246,16299246,1782864664774428,False,True
10593418,0.06410000,80.00000000,16299247,16299247,1782864665307008,False,True
10593419,0.06410000,80.00000000,16299248,16299248,1782864665307054,False,True
10593420,0.06410000,80.00000000,16299249,16299249,1782864665307082,False,True
10593421,0.06410000,80.00000000,16299250,16299250,1782864665307177,False,True
10593422,0.06410000,80.00000000,16299251,16299251,1782864665307204,False,True
10593423,0.06410000,80.00000000,16299252,16299252,1782864665307418,False,True
10593424,0.06410000,80.00000000,16299253,16299253,1782864665334194,False,True
10593425,0.06410000,80.00000000,16299254,16299254,1782864665741875,False,True
10593426,0.06410000,80.00000000,16299255,16299255,1782864665742031,False,True
10593427,0.06410000,80.00000000,16299256,16299256,1782864665742098,False,True
10593428,0.06410000,80.00000000,16299257,16299257,1782864665742226,False,True
10593429,0.06410000,80.00000000,16299258,16299258,1782864665742262,False,True
10593430,0.06410000,80.00000000,16299259,16299259,1782864665742278,False,True
10593431,0.06410000,80.00000000,16299260,16299260,1782864665759986,False,True
10593432,0.06410000,340.50000000,16299261,16299261,1782864665809963,False,True
10593433,0.06410000,80.00000000,16299262,16299262,1782864665947630,False,True
10593434,0.06410000,80.00000000,16299263,16299263,1782864665947837,False,True
10593435,0.06410000,80.00000000,16299264,16299264,1782864665947843,False,True
10593436,0.06410000,80.00000000,16299265,16299265,1782864665948011,False,True
10593437,0.06410000,80.00000000,16299266,16299266,1782864665948041,False,True
10593438,0.06410000,80.00000000,16299267,16299267,1782864665948061,False,True
10593439,0.06410000,80.00000000,16299268,16299268,1782864665966980,False,True
10593440,0.06410000,80.00000000,16299269,16299269,1782864699213794,False,True
10593441,0.06410000,80.00000000,16299270,16299270,1782864699213866,False,True
10593442,0.06410000,80.00000000,16299271,16299271,1782864699213870,False,True
10593443,0.06410000,80.00000000,16299272,16299272,1782864699214014,False,True
10593444,0.06410000,80.00000000,16299273,16299273,1782864699214078,False,True
10593445,0.06410000,80.00000000,16299274,16299274,1782864699214248,False,True
10593446,0.06410000,80.00000000,16299275,16299275,1782864699228136,False,True
10593447,0.06410000,80.00000000,16299276,16299276,1782864700763083,False,True
10593448,0.06420000,80.00000000,16299277,16299277,1782864745603871,False,True
10593449,0.06420000,80.00000000,16299278,16299278,1782864745603946,False,True
10593450,0.06420000,80.00000000,16299279,16299279,1782864745604006,False,True
10593451,0.06420000,80.00000000,16299280,16299280,1782864745604012,False,True
10593452,0.06420000,80.00000000,16299281,16299281,1782864745631836,False,True
10593453,0.06420000,80.00000000,16299282,16299282,1782864745811524,False,True
10593454,0.06420000,80.00000000,16299283,16299284,1782864745811600,False,True
10593455,0.06420000,80.00000000,16299285,16299285,1782864745811976,False,True
10593456,0.06410000,197.00000000,16299286,16299286,1782864779090943,True,True
10593457,0.06410000,338.70000000,16299287,16299287,1782864783603264,False,True
10593458,0.06410000,679.10000000,16299288,16299288,1782864783633202,False,True
10593459,0.06410000,80.00000000,16299289,16299289,1782864784284081,False,True
10593460,0.06410000,80.00000000,16299290,16299290,1782864784284202,False,True
10593461,0.06410000,80.00000000,16299291,16299291,1782864784284866,False,True
10593462,0.06410000,80.00000000,16299292,16299292,1782864784785298,False,True
10593463,0.06410000,80.00000000,16299293,16299293,1782864784785390,False,True
10593464,0.06410000,80.00000000,16299294,16299294,1782864784785517,False,True
10593465,0.06400000,1585.70000000,16299295,16299296,1782864794613324,True,True
10593466,0.06410000,420.40000000,16299297,16299297,1782864796956575,False,True
10593467,0.06410000,84.00000000,16299298,16299298,1782864798899601,False,True
10593468,0.06420000,102.00000000,16299299,16299299,1782864812481611,False,True
10593469,0.06420000,80.00000000,16299300,16299300,1782864815001766,False,True
10593470,0.06420000,92.00000000,16299301,16299301,1782864817139542,False,True
10593471,0.06420000,83.00000000,16299302,16299302,1782864817339699,False,True
10593472,0.06420000,80.00000000,16299303,16299303,1782864817567844,False,True
10593473,0.06420000,80.00000000,16299304,16299304,1782864818086577,False,True
10593474,0.06420000,80.00000000,16299305,16299305,1782864818512135,False,True
10593475,0.06420000,80.00000000,16299306,16299306,1782864823086116,False,True
10593476,0.06420000,83.00000000,16299307,16299307,1782864823377608,False,True
10593477,0.06420000,80.00000000,16299308,16299308,1782864825086127,False,True
10593478,0.06420000,80.00000000,16299309,16299309,1782864826082865,False,True
10593479,0.06420000,80.00000000,16299310,16299310,1782864827086225,False,True
10593480,0.06420000,80.00000000,16299311,16299311,1782864827327701,False,True
10593481,0.06420000,80.00000000,16299312,16299312,1782864828089137,False,True
10593482,0.06420000,80.00000000,16299313,16299313,1782864828431466,False,True
10593483,0.06420000,80.00000000,16299314,16299315,1782864828959853,False,True
10593484,0.06420000,80.00000000,16299316,16299316,1782864829759662,False,True
10593485,0.06420000,80.00000000,16299317,16299318,1782864831928965,False,True
10593486,0.06420000,80.00000000,16299319,16299319,1782864832181566,False,True
10593487,0.06420000,80.00000000,16299320,16299320,1782864832383605,False,True
10593488,0.06420000,104.00000000,16299321,16299322,1782864832500914,False,True
10593489,0.06420000,104.00000000,16299323,16299323,1782864832500919,False,True
10593490,0.06420000,104.00000000,16299324,16299324,1782864832501138,False,True
10593491,0.06420000,80.00000000,16299325,16299325,1782864832583564,False,True
10593492,0.06420000,80.00000000,16299326,16299326,1782864832805602,False,True
10593493,0.06420000,80.00000000,16299327,16299327,1782864832805655,False,True
10593494,0.06420000,80.00000000,16299328,16299328,1782864832805750,False,True
10593495,0.06420000,80.00000000,16299329,16299329,1782864832805969,False,True
10593496,0.06420000,80.00000000,16299330,16299330,1782864835385894,False,True
10593497,0.06420000,96.00000000,16299331,16299331,1782864835485895,False,True
10593498,0.06420000,82.00000000,16299332,16299332,1782864836293912,False,True
10593499,0.06420000,82.00000000,16299333,16299333,1782864836293988,False,True
10593500,0.06420000,82.00000000,16299334,16299334,1782864836294046,False,True
10593501,0.06420000,82.00000000,16299335,16299335,1782864836294106,False,True
10593502,0.06420000,81.00000000,16299336,16299336,1782864836685630,False,True
10593503,0.06420000,81.00000000,16299337,16299337,1782864836685763,False,True
10593504,0.06420000,81.00000000,16299338,16299338,1782864836685802,False,True
10593505,0.06420000,81.00000000,16299339,16299339,1782864836685936,False,True
10593506,0.06420000,80.00000000,16299340,16299340,1782864837098985,False,True
10593507,0.06420000,80.00000000,16299341,16299341,1782864837100017,False,True
10593508,0.06420000,80.00000000,16299342,16299342,1782864837100103,False,True
10593509,0.06420000,80.00000000,16299343,16299343,1782864837100216,False,True
10593510,0.06420000,195.00000000,16299344,16299344,1782864840160241,False,True
10593511,0.06420000,195.00000000,16299345,16299345,1782864840160437,False,True
10593512,0.06420000,195.00000000,16299346,16299346,1782864840160518,False,True
10593513,0.06420000,195.00000000,16299347,16299347,1782864840160592,False,True
10593514,0.06420000,149.00000000,16299348,16299348,1782864840365469,False,True
10593515,0.06420000,149.00000000,16299349,16299349,1782864840365548,False,True
10593516,0.06420000,149.00000000,16299350,16299350,1782864840365675,False,True
10593517,0.06420000,149.00000000,16299351,16299351,1782864840365939,False,True
10593518,0.06420000,90.00000000,16299352,16299352,1782864840634746,False,True
10593519,0.06420000,90.00000000,16299353,16299353,1782864840634753,False,True
10593520,0.06420000,90.00000000,16299354,16299354,1782864840634772,False,True
10593521,0.06420000,80.00000000,16299355,16299355,1782864840653032,False,True
10593522,0.06420000,80.00000000,16299356,16299356,1782864840947889,False,True
10593523,0.06420000,80.00000000,16299357,16299357,1782864840948037,False,True
10593524,0.06420000,80.00000000,16299358,16299358,1782864840948195,False,True
10593525,0.06420000,80.00000000,16299359,16299359,1782864840948426,False,True
10593526,0.06420000,204.00000000,16299360,16299360,1782864841173564,False,True
10593527,0.06420000,204.00000000,16299361,16299361,1782864841173627,False,True
10593528,0.06420000,204.00000000,16299362,16299362,1782864841173978,False,True
10593529,0.06420000,204.00000000,16299363,16299363,1782864841174273,False,True
10593530,0.06420000,123.00000000,16299364,16299364,1782864841461609,False,True
10593531,0.06420000,123.00000000,16299365,16299365,1782864841461684,False,True
10593532,0.06420000,123.00000000,16299366,16299366,1782864841461826,False,True
10593533,0.06420000,123.00000000,16299367,16299367,1782864841462094,False,True
10593534,0.06420000,97.00000000,16299368,16299368,1782864841683669,False,True
10593535,0.06420000,97.00000000,16299369,16299369,1782864841683672,False,True
10593536,0.06420000,97.00000000,16299370,16299370,1782864841683765,False,True
10593537,0.06420000,97.00000000,16299371,16299371,1782864841683799,False,True
10593538,0.06420000,114.00000000,16299372,16299372,1782864842260934,False,True
10593539,0.06420000,114.00000000,16299373,16299373,1782864842261345,False,True
10593540,0.06420000,114.00000000,16299374,16299374,1782864842261815,False,True
10593541,0.06420000,114.00000000,16299375,16299375,1782864842262205,False,True
10593542,0.06420000,80.00000000,16299376,16299376,1782864842611590,False,True
10593543,0.06420000,80.00000000,16299377,16299377,1782864842611709,False,True
10593544,0.06420000,80.00000000,16299378,16299378,1782864842611713,False,True
10593545,0.06420000,80.00000000,16299379,16299379,1782864842641102,False,True
10593546,0.06420000,80.00000000,16299380,16299380,1782864845562289,False,True
10593547,0.06420000,80.00000000,16299381,16299381,1782864845562384,False,True
10593548,0.06420000,80.00000000,16299382,16299382,1782864845562396,False,True
10593549,0.06420000,80.00000000,16299383,16299383,1782864845562428,False,True
10593550,0.06410000,2999.50000000,16299384,16299385,1782864861940077,True,True
10593551,0.06420000,80.00000000,16299386,16299386,1782864870203377,False,True
10593552,0.06420000,80.00000000,16299387,16299387,1782864870203413,False,True
10593553,0.06420000,80.00000000,16299388,16299388,1782864870203566,False,True
10593554,0.06420000,80.00000000,16299389,16299389,1782864870203613,False,True
10593555,0.06420000,80.00000000,16299390,16299390,1782864870203673,False,True
10593556,0.06420000,80.00000000,16299391,16299391,1782864870203689,False,True
10593557,0.06420000,80.00000000,16299392,16299392,1782864870204088,False,True
10593558,0.06420000,90.00000000,16299393,16299394,1782864870405428,False,True
10593559,0.06420000,90.00000000,16299395,16299395,1782864870405585,False,True
10593560,0.06420000,90.00000000,16299396,16299396,1782864870405611,False,True
10593561,0.06420000,90.00000000,16299397,16299397,1782864870405761,False,True
10593562,0.06420000,90.00000000,16299398,16299398,1782864870405805,False,True
10593563,0.06420000,87.00000000,16299399,16299399,1782864870560850,False,True
10593564,0.06420000,87.00000000,16299400,16299400,1782864870561041,False,True
10593565,0.06420000,80.00000000,16299401,16299401,1782864870664023,False,True
10593566,0.06420000,80.00000000,16299402,16299402,1782864870664058,False,True
10593567,0.06420000,80.00000000,16299403,16299403,1782864870664102,False,True
10593568,0.06420000,80.00000000,16299404,16299404,1782864870664167,False,True
10593569,0.06420000,80.00000000,16299405,16299405,1782864870664354,False,True
10593570,0.06420000,80.00000000,16299406,16299406,1782864870994431,False,True
10593571,0.06420000,80.00000000,16299407,16299407,1782864870994472,False,True
10593572,0.06420000,80.00000000,16299408,16299408,1782864870994503,False,True
10593573,0.06420000,36.60000000,16299409,16299409,1782864870994519,False,True
10593574,0.06430000,43.40000000,16299410,16299410,1782864870994519,False,True
10593575,0.06430000,80.00000000,16299411,16299411,1782864870994653,False,True
10593576,0.06430000,80.00000000,16299412,16299412,1782864870994721,False,True
10593577,0.06430000,80.00000000,16299413,16299413,1782864870994794,False,True
10593578,0.06420000,1028.00000000,16299414,16299414,1782864871040425,True,True
10593579,0.06420000,1028.00000000,16299415,16299415,1782864871040436,True,True
10593580,0.06420000,17.00000000,16299416,16299416,1782864871040473,True,True
10593581,0.06420000,2073.00000000,16299417,16299417,1782864871041592,True,True
10593582,0.06420000,2073.00000000,16299418,16299418,1782864871041808,True,True
10593583,0.06420000,2074.20000000,16299419,16299420,1782864871041903,True,True
10593584,0.06420000,1870.70000000,16299421,16299421,1782864871042388,True,True
10593585,0.06420000,82.00000000,16299422,16299422,1782864871199440,False,True
10593586,0.06420000,82.00000000,16299423,16299423,1782864871199507,False,True
10593587,0.06420000,82.00000000,16299424,16299424,1782864871199559,False,True
10593588,0.06420000,82.00000000,16299425,16299425,1782864871199625,False,True
10593589,0.06420000,82.00000000,16299426,16299426,1782864871199807,False,True
10593590,0.06420000,82.00000000,16299427,16299427,1782864871199819,False,True
10593591,0.06420000,82.00000000,16299428,16299428,1782864871199826,False,True
10593592,0.06420000,448.00000000,16299429,16299429,1782864873377710,False,True
10593593,0.06420000,448.00000000,16299430,16299430,1782864873377745,False,True
10593594,0.06420000,448.00000000,16299431,16299431,1782864873377884,False,True
10593595,0.06420000,448.00000000,16299432,16299433,1782864873377994,False,True
10593596,0.06420000,448.00000000,16299434,16299435,1782864873378026,False,True
10593597,0.06420000,448.00000000,16299436,16299436,1782864873378075,False,True
10593598,0.06420000,257.00000000,16299437,16299437,1782864873675437,False,True
10593599,0.06420000,257.00000000,16299438,16299438,1782864873675514,False,True
10593600,0.06420000,257.00000000,16299439,16299439,1782864873675518,False,True
10593601,0.06420000,257.00000000,16299440,16299440,1782864873675529,False,True
10593602,0.06420000,257.00000000,16299441,16299441,1782864873675544,False,True
10593603,0.06420000,257.00000000,16299442,16299443,1782864873676247,False,True
10593604,0.06420000,231.00000000,16299444,16299444,1782864873881469,False,True
10593605,0.06420000,231.00000000,16299445,16299446,1782864873881474,False,True
10593606,0.06420000,231.00000000,16299447,16299448,1782864873881490,False,True
10593607,0.06420000,231.00000000,16299449,16299449,1782864873881542,False,True
10593608,0.06420000,231.00000000,16299450,16299451,1782864873881584,False,True
10593609,0.06420000,231.00000000,16299452,16299453,1782864873882022,False,True
10593610,0.06420000,251.00000000,16299454,16299454,1782864874184777,False,True
10593611,0.06420000,251.00000000,16299455,16299456,1782864874184836,False,True
10593612,0.06420000,251.00000000,16299457,16299457,1782864874184887,False,True
10593613,0.06420000,251.00000000,16299458,16299459,1782864874184893,False,True
10593614,0.06420000,251.00000000,16299460,16299460,1782864874184940,False,True
10593615,0.06420000,251.00000000,16299461,16299461,1782864874185009,False,True
10593616,0.06420000,251.00000000,16299462,16299462,1782864874185461,False,True
10593617,0.06420000,315.10000000,16299463,16299463,1782864877785741,False,True
10593618,0.06420000,1028.00000000,16299464,16299464,1782864877788260,True,True
10593619,0.06420000,1028.00000000,16299465,16299465,1782864877788324,True,True
10593620,0.06420000,1028.00000000,16299466,16299467,1782864877788514,True,True
10593621,0.06420000,369.00000000,16299468,16299468,1782864877789551,True,True
10593622,0.06420000,80.00000000,16299469,16299469,1782864877854371,False,True
10593623,0.06420000,80.00000000,16299470,16299470,1782864877854642,False,True
10593624,0.06420000,80.00000000,16299471,16299471,1782864877855051,False,True
10593625,0.06420000,80.00000000,16299472,16299472,1782864878164144,False,True
10593626,0.06420000,80.00000000,16299473,16299473,1782864878176192,False,True
10593627,0.06420000,80.00000000,16299474,16299474,1782864878177514,False,True
10593628,0.06420000,3322.00000000,16299475,16299477,1782864884581746,False,True
10593629,0.06420000,104.00000000,16299478,16299478,1782864884602880,False,True
10593630,0.06420000,104.00000000,16299479,16299479,1782864884602926,False,True
10593631,0.06420000,104.00000000,16299480,16299480,1782864884603011,False,True
10593632,0.06420000,104.00000000,16299481,16299481,1782864884603040,False,True
10593633,0.06420000,104.00000000,16299482,16299482,1782864884603123,False,True
10593634,0.06420000,518.00000000,16299483,16299483,1782864889366229,False,True
10593635,0.06420000,518.00000000,16299484,16299484,1782864889366250,False,True
10593636,0.06420000,518.00000000,16299485,16299486,1782864889366508,False,True
10593637,0.06420000,518.00000000,16299487,16299487,1782864889366541,False,True
10593638,0.06420000,518.00000000,16299488,16299488,1782864889366814,False,True
10593639,0.06420000,259.00000000,16299489,16299489,1782864890077946,False,True
10593640,0.06420000,259.00000000,16299490,16299490,1782864890078029,False,True
10593641,0.06420000,259.00000000,16299491,16299491,1782864890078064,False,True
10593642,0.06420000,259.00000000,16299492,16299493,1782864890078070,False,True
10593643,0.06420000,259.00000000,16299494,16299494,1782864890078629,False,True
10593644,0.06420000,130.00000000,16299495,16299495,1782864890534816,False,True
10593645,0.06420000,130.00000000,16299496,16299497,1782864890535025,False,True
10593646,0.06420000,130.00000000,16299498,16299498,1782864890535082,False,True
10593647,0.06420000,130.00000000,16299499,16299500,1782864890535171,False,True
10593648,0.06420000,130.00000000,16299501,16299501,1782864890535301,False,True
10593649,0.06420000,653.40000000,16299502,16299502,1782864890931816,False,True
10593650,0.06430000,80.00000000,16299503,16299503,1782864890932563,False,True
10593651,0.06430000,80.00000000,16299504,16299504,1782864890932576,False,True
10593652,0.06430000,80.00000000,16299505,16299505,1782864890932665,False,True
10593653,0.06430000,80.00000000,16299506,16299506,1782864890932692,False,True
10593654,0.06430000,80.00000000,16299507,16299507,1782864890932798,False,True
10593655,0.06420000,1028.00000000,16299508,16299508,1782864890934783,True,True
10593656,0.06420000,1028.00000000,16299509,16299509,1782864890934999,True,True
10593657,0.06420000,1028.00000000,16299510,16299511,1782864890935009,True,True
10593658,0.06420000,369.00000000,16299512,16299512,1782864890935837,True,True
10593659,0.06420000,80.00000000,16299513,16299513,1782864893951916,False,True
10593660,0.06420000,80.00000000,16299514,16299514,1782864893977803,False,True
10593661,0.06420000,80.00000000,16299515,16299515,1782864893977859,False,True
10593662,0.06420000,80.00000000,16299516,16299516,1782864893978482,False,True
10593663,0.06420000,195.00000000,16299517,16299517,1782864900159796,False,True
10593664,0.06420000,195.00000000,16299518,16299518,1782864900159965,False,True
10593665,0.06420000,195.00000000,16299519,16299519,1782864900159971,False,True
10593666,0.06420000,195.00000000,16299520,16299520,1782864900160280,False,True
10593667,0.06420000,195.00000000,16299521,16299521,1782864900160966,False,True
10593668,0.06420000,138.00000000,16299522,16299522,1782864900795676,False,True
10593669,0.06420000,138.00000000,16299523,16299523,1782864900795917,False,True
10593670,0.06420000,138.00000000,16299524,16299525,1782864900795933,False,True
10593671,0.06420000,138.00000000,16299526,16299526,1782864900795964,False,True
10593672,0.06420000,138.00000000,16299527,16299527,1782864900796113,False,True
10593673,0.06420000,80.00000000,16299528,16299528,1782864901110348,False,True
10593674,0.06420000,80.00000000,16299529,16299529,1782864901110511,False,True
10593675,0.06420000,80.00000000,16299530,16299530,1782864901110525,False,True
10593676,0.06420000,80.00000000,16299531,16299531,1782864901110553,False,True
10593677,0.06420000,80.00000000,16299532,16299532,1782864901110586,False,True
10593678,0.06420000,290.00000000,16299533,16299533,1782864908238957,False,True
10593679,0.06420000,290.00000000,16299534,16299534,1782864908239037,False,True
10593680,0.06420000,290.00000000,16299535,16299535,1782864908239074,False,True
10593681,0.06420000,290.00000000,16299536,16299536,1782864908239121,False,True
10593682,0.06420000,290.00000000,16299537,16299537,1782864908239173,False,True
10593683,0.06420000,145.00000000,16299538,16299538,1782864908446867,False,True
10593684,0.06420000,145.00000000,16299539,16299539,1782864908447115,False,True
10593685,0.06420000,145.00000000,16299540,16299540,1782864908447255,False,True
10593686,0.06420000,145.00000000,16299541,16299541,1782864908447411,False,True
10593687,0.06420000,145.00000000,16299542,16299542,1782864908447455,False,True
10593688,0.06420000,80.00000000,16299543,16299543,1782864908649503,False,True
10593689,0.06420000,80.00000000,16299544,16299544,1782864908649652,False,True
10593690,0.06420000,80.00000000,16299545,16299545,1782864908649852,False,True
10593691,0.06420000,80.00000000,16299546,16299546,1782864908649962,False,True
10593692,0.06420000,80.00000000,16299547,16299547,1782864908650014,False,True
10593693,0.06420000,129.00000000,16299548,16299548,1782864911472883,False,True
10593694,0.06420000,129.00000000,16299549,16299550,1782864911472889,False,True
10593695,0.06420000,129.00000000,16299551,16299551,1782864911472896,False,True
10593696,0.06420000,129.00000000,16299552,16299552,1782864911472949,False,True
10593697,0.06420000,129.00000000,16299553,16299553,1782864911473380,False,True
10593698,0.06420000,80.00000000,16299554,16299554,1782864911714907,False,True
10593699,0.06420000,80.00000000,16299555,16299555,1782864911714936,False,True
10593700,0.06420000,80.00000000,16299556,16299556,1782864911715172,False,True
10593701,0.06420000,80.00000000,16299557,16299557,1782864911715202,False,True
10593702,0.06420000,80.00000000,16299558,16299558,1782864911715458,False,True
10593703,0.06420000,80.00000000,16299559,16299559,1782864911958389,False,True
10593704,0.06420000,80.00000000,16299560,16299560,1782864911958612,False,True
10593705,0.06420000,80.00000000,16299561,16299561,1782864911958813,False,True
10593706,0.06420000,80.00000000,16299562,16299562,1782864911958824,False,True
10593707,0.06420000,80.00000000,16299563,16299563,1782864911959253,False,True
10593708,0.06420000,89.00000000,16299564,16299564,1782864914591075,False,True
10593709,0.06420000,89.00000000,16299565,16299565,1782864914591199,False,True
10593710,0.06420000,80.00000000,16299566,16299566,1782864914603012,False,True
10593711,0.06420000,80.00000000,16299567,16299567,1782864914819425,False,True
10593712,0.06420000,80.00000000,16299568,16299568,1782864914819693,False,True
10593713,0.06420000,80.00000000,16299569,16299569,1782864914819725,False,True
10593714,0.06420000,80.00000000,16299570,16299570,1782864914819763,False,True
10593715,0.06420000,80.00000000,16299571,16299571,1782864914819871,False,True
10593716,0.06420000,80.00000000,16299572,16299572,1782864914819902,False,True
10593717,0.06420000,80.00000000,16299573,16299573,1782864915195868,False,True
10593718,0.06420000,80.00000000,16299574,16299575,1782864915195874,False,True
10593719,0.06420000,80.00000000,16299576,16299576,1782864915195890,False,True
10593720,0.06420000,80.00000000,16299577,16299577,1782864915196214,False,True
10593721,0.06420000,80.00000000,16299578,16299578,1782864915196282,False,True
10593722,0.06420000,80.00000000,16299579,16299579,1782864915196536,False,True
10593723,0.06420000,80.00000000,16299580,16299580,1782864919575141,False,True
10593724,0.06420000,80.00000000,16299581,16299581,1782864919575180,False,True
10593725,0.06420000,80.00000000,16299582,16299582,1782864919575283,False,True
10593726,0.06420000,80.00000000,16299583,16299583,1782864919575320,False,True
10593727,0.06420000,80.00000000,16299584,16299584,1782864919575984,False,True
10593728,0.06420000,80.00000000,16299585,16299585,1782864921012055,False,True
10593729,0.06420000,80.00000000,16299586,16299586,1782864921012086,False,True
10593730,0.06420000,80.00000000,16299587,16299587,1782864921012240,False,True
10593731,0.06420000,80.00000000,16299588,16299588,1782864921012313,False,True
10593732,0.06420000,80.00000000,16299589,16299589,1782864921012409,False,True
10593733,0.06420000,212.00000000,16299590,16299590,1782864923172553,False,True
10593734,0.06420000,169.00000000,16299591,16299591,1782864938671754,False,True
10593735,0.06420000,169.00000000,16299592,16299592,1782864938671876,False,True
10593736,0.06420000,169.00000000,16299593,16299593,1782864938671922,False,True
10593737,0.06420000,169.00000000,16299594,16299594,1782864938671977,False,True
10593738,0.06420000,169.00000000,16299595,16299595,1782864938672158,False,True
10593739,0.06420000,127.00000000,16299596,16299596,1782864939156199,False,True
10593740,0.06420000,127.00000000,16299597,16299597,1782864939156226,False,True
10593741,0.06420000,127.00000000,16299598,16299598,1782864939156250,False,True
10593742,0.06420000,127.00000000,16299599,16299599,1782864939156255,False,True
10593743,0.06420000,127.00000000,16299600,16299600,1782864939156310,False,True
10593744,0.06410000,1000.00000000,16299601,16299604,1782864981670259,True,True
10593745,0.06410000,989.90000000,16299605,16299608,1782864986932157,True,True
10593746,0.06410000,7428.30000000,16299609,16299633,1782865005263487,True,True
10593747,0.06410000,2101.50000000,16299634,16299635,1782865005263775,True,True
10593748,0.06410000,126.00000000,16299636,16299636,1782865006174905,False,True
10593749,0.06410000,126.00000000,16299637,16299637,1782865006174996,False,True
10593750,0.06410000,84.00000000,16299638,16299638,1782865006215027,False,True
10593751,0.06410000,80.00000000,16299639,16299639,1782865006373891,False,True
10593752,0.06410000,80.00000000,16299640,16299640,1782865006374436,False,True
10593753,0.06410000,80.00000000,16299641,16299641,1782865006475633,False,True
10593754,0.06410000,153.00000000,16299642,16299642,1782865015799765,False,True
10593755,0.06410000,153.00000000,16299643,16299643,1782865015799961,False,True
10593756,0.06410000,153.00000000,16299644,16299644,1782865015799973,False,True
10593757,0.06410000,231.00000000,16299645,16299645,1782865016015868,False,True
10593758,0.06410000,231.00000000,16299646,16299646,1782865016015980,False,True
10593759,0.06410000,231.00000000,16299647,16299647,1782865016016057,False,True
10593760,0.06410000,175.00000000,16299648,16299648,1782865016255558,False,True
10593761,0.06410000,175.00000000,16299649,16299649,1782865016255714,False,True
10593762,0.06410000,175.00000000,16299650,16299650,1782865016255763,False,True
10593763,0.06410000,109.00000000,16299651,16299651,1782865016502532,False,True
10593764,0.06410000,109.00000000,16299652,16299652,1782865016502802,False,True
10593765,0.06410000,109.00000000,16299653,16299653,1782865016503041,False,True
10593766,0.06410000,80.00000000,16299654,16299654,1782865016743730,False,True
10593767,0.06410000,80.00000000,16299655,16299655,1782865016743753,False,True
10593768,0.06410000,80.00000000,16299656,16299656,1782865016744267,False,True
10593769,0.06410000,81.00000000,16299657,16299657,1782865016873081,False,True
10593770,0.06410000,80.00000000,16299658,16299658,1782865016945653,False,True
10593771,0.06410000,80.00000000,16299659,16299659,1782865016945774,False,True
10593772,0.06410000,80.00000000,16299660,16299660,1782865016946032,False,True
10593773,0.06410000,81.00000000,16299661,16299661,1782865022588742,False,True
10593774,0.06410000,81.00000000,16299662,16299662,1782865022588804,False,True
10593775,0.06410000,81.00000000,16299663,16299663,1782865022588809,False,True
10593776,0.06410000,692.00000000,16299664,16299664,1782865022789576,False,True
10593777,0.06410000,692.00000000,16299665,16299665,1782865022789760,False,True
10593778,0.06410000,692.00000000,16299666,16299666,1782865022789780,False,True
10593779,0.06410000,484.00000000,16299667,16299667,1782865023039644,False,True
10593780,0.06410000,484.00000000,16299668,16299668,1782865023039915,False,True
10593781,0.06410000,484.00000000,16299669,16299669,1782865023040022,False,True
10593782,0.06410000,89.00000000,16299670,16299670,1782865023243528,False,True
10593783,0.06410000,89.00000000,16299671,16299671,1782865023243714,False,True
10593784,0.06410000,89.00000000,16299672,16299672,1782865023243733,False,True
10593785,0.06410000,80.00000000,16299673,16299673,1782865023457580,False,True
10593786,0.06410000,80.00000000,16299674,16299674,1782865023457718,False,True
10593787,0.06410000,80.00000000,16299675,16299675,1782865023457788,False,True
10593788,0.06410000,80.00000000,16299676,16299676,1782865023682683,False,True
10593789,0.06410000,80.00000000,16299677,16299677,1782865023682734,False,True
10593790,0.06410000,80.00000000,16299678,16299678,1782865023682853,False,True
10593791,0.06410000,264.00000000,16299679,16299679,1782865023902171,False,True
10593792,0.06410000,264.00000000,16299680,16299680,1782865023902208,False,True
10593793,0.06410000,264.00000000,16299681,16299682,1782865023902229,False,True
10593794,0.06410000,255.00000000,16299683,16299683,1782865024180576,False,True
10593795,0.06410000,255.00000000,16299684,16299685,1782865024180643,False,True
10593796,0.06410000,255.00000000,16299686,16299686,1782865024180687,False,True
10593797,0.06410000,235.00000000,16299687,16299687,1782865024380045,False,True
10593798,0.06410000,235.00000000,16299688,16299688,1782865024380211,False,True
10593799,0.06410000,235.00000000,16299689,16299689,1782865024380562,False,True
10593800,0.06410000,2355.30000000,16299690,16299696,1782865024581545,False,True
10593801,0.06420000,235.00000000,16299697,16299697,1782865024582204,False,True
10593802,0.06420000,235.00000000,16299698,16299698,1782865024582276,False,True
10593803,0.06420000,235.00000000,16299699,16299699,1782865024582329,False,True
10593804,0.06410000,87.00000000,16299700,16299700,1782865081524842,False,True
10593805,0.06410000,87.00000000,16299701,16299701,1782865081524907,False,True
10593806,0.06410000,87.00000000,16299702,16299702,1782865081525152,False,True
10593807,0.06410000,87.00000000,16299703,16299703,1782865081525186,False,True
10593808,0.06410000,1002.00000000,16299704,16299707,1782865081876058,False,True
10593809,0.06410000,0.30000000,16299708,16299708,1782865081876249,False,True
10593810,0.06420000,80.00000000,16299709,16299709,1782865081877671,False,True
10593811,0.06420000,80.00000000,16299710,16299710,1782865081877873,False,True
10593812,0.06420000,80.00000000,16299711,16299711,1782865081878141,False,True
10593813,0.06420000,80.00000000,16299712,16299712,1782865081878243,False,True
10593814,0.06420000,80.00000000,16299713,16299713,1782865096485911,False,True
10593815,0.06420000,80.00000000,16299714,16299714,1782865096486093,False,True
10593816,0.06420000,84.00000000,16299715,16299715,1782865096981528,False,True
10593817,0.06420000,84.00000000,16299716,16299716,1782865096981599,False,True
10593818,0.06420000,80.00000000,16299717,16299717,1782865097219837,False,True
10593819,0.06420000,80.00000000,16299718,16299718,1782865097431562,False,True
10593820,0.06420000,130.00000000,16299719,16299720,1782865210042836,False,True
10593821,0.06420000,130.00000000,16299721,16299721,1782865210042992,False,True
10593822,0.06420000,130.00000000,16299722,16299722,1782865210043007,False,True
10593823,0.06420000,130.00000000,16299723,16299723,1782865210043236,False,True
10593824,0.06420000,130.00000000,16299724,16299724,1782865210043333,False,True
10593825,0.06420000,80.00000000,16299725,16299725,1782865210270868,False,True
10593826,0.06420000,80.00000000,16299726,16299726,1782865210270985,False,True
10593827,0.06420000,80.00000000,16299727,16299727,1782865210271187,False,True
10593828,0.06420000,80.00000000,16299728,16299728,1782865210271277,False,True
10593829,0.06420000,80.00000000,16299729,16299729,1782865210271349,False,True
10593830,0.06420000,80.00000000,16299730,16299730,1782865210471470,False,True
10593831,0.06420000,80.00000000,16299731,16299731,1782865210471676,False,True
10593832,0.06420000,80.00000000,16299732,16299732,1782865210471733,False,True
10593833,0.06420000,80.00000000,16299733,16299733,1782865210471770,False,True
10593834,0.06420000,80.00000000,16299734,16299734,1782865210471847,False,True
10593835,0.06420000,80.00000000,16299735,16299735,1782865210681520,False,True
10593836,0.06420000,80.00000000,16299736,16299736,1782865210681584,False,True
10593837,0.06420000,80.00000000,16299737,16299737,1782865210681759,False,True
10593838,0.06420000,80.00000000,16299738,16299738,1782865210681774,False,True
10593839,0.06420000,80.00000000,16299739,16299739,1782865210681827,False,True
10593840,0.06420000,80.00000000,16299740,16299740,1782865210902887,False,True
10593841,0.06420000,80.00000000,16299741,16299741,1782865210903069,False,True
10593842,0.06420000,80.00000000,16299742,16299742,1782865210903138,False,True
10593843,0.06420000,80.00000000,16299743,16299743,1782865210903178,False,True
10593844,0.06420000,80.00000000,16299744,16299744,1782865210904236,False,True
10593845,0.06420000,80.00000000,16299745,16299745,1782865211127478,False,True
10593846,0.06420000,80.00000000,16299746,16299746,1782865211127627,False,True
10593847,0.06420000,80.00000000,16299747,16299747,1782865211127646,False,True
10593848,0.06420000,80.00000000,16299748,16299748,1782865211127688,False,True
10593849,0.06420000,80.00000000,16299749,16299749,1782865211127854,False,True
10593850,0.06420000,3322.00000000,16299750,16299750,1782865211376321,False,True
10593851,0.06420000,80.00000000,16299751,16299751,1782865211377836,False,True
10593852,0.06420000,80.00000000,16299752,16299752,1782865211377928,False,True
10593853,0.06420000,80.00000000,16299753,16299753,1782865211378019,False,True
10593854,0.06420000,80.00000000,16299754,16299754,1782865211378224,False,True
10593855,0.06420000,80.00000000,16299755,16299755,1782865211378382,False,True
10593856,0.06420000,287.50000000,16299756,16299756,1782865211387043,False,True
10593857,0.06420000,226.00000000,16299757,16299757,1782865211705452,False,True
10593858,0.06420000,226.00000000,16299758,16299758,1782865211705872,False,True
10593859,0.06420000,226.00000000,16299759,16299759,1782865211705895,False,True
10593860,0.06420000,226.00000000,16299760,16299760,1782865211705976,False,True
10593861,0.06420000,226.00000000,16299761,16299762,1782865211706221,False,True
10593862,0.06420000,145.00000000,16299763,16299763,1782865211981566,False,True
10593863,0.06420000,145.00000000,16299764,16299765,1782865211981713,False,True
10593864,0.06420000,145.00000000,16299766,16299766,1782865211981818,False,True
10593865,0.06420000,145.00000000,16299767,16299767,1782865211981840,False,True
10593866,0.06420000,145.00000000,16299768,16299768,1782865211981890,False,True
10593867,0.06420000,196.00000000,16299769,16299769,1782865214309055,False,True
10593868,0.06420000,196.00000000,16299770,16299770,1782865214309120,False,True
10593869,0.06420000,196.00000000,16299771,16299771,1782865214309131,False,True
10593870,0.06420000,196.00000000,16299772,16299772,1782865214309283,False,True
10593871,0.06420000,196.00000000,16299773,16299773,1782865214309404,False,True
10593872,0.06420000,322.10000000,16299774,16299774,1782865215804791,False,True
10593873,0.06420000,872.20000000,16299775,16299775,1782865215805807,True,True
10593874,0.06420000,872.20000000,16299776,16299776,1782865215806121,True,True
10593875,0.06420000,872.20000000,16299777,16299778,1782865215806222,True,True
10593876,0.06420000,1750.90000000,16299779,16299779,1782865215807211,True,True
10593877,0.06420000,1750.90000000,16299780,16299780,1782865215807305,True,True
10593878,0.06420000,2323.90000000,16299781,16299781,1782865215807714,True,True
10593879,0.06420000,1751.90000000,16299782,16299783,1782865215807789,True,True
10593880,0.06420000,2807.00000000,16299784,16299790,1782865215807981,True,True
10593881,0.06420000,2683.90000000,16299791,16299797,1782865215808609,True,True
10593882,0.06420000,60.10000000,16299798,16299798,1782865215808970,True,True
10593883,0.06420000,80.00000000,16299799,16299799,1782865220003712,False,True
10593884,0.06420000,80.00000000,16299800,16299800,1782865220003743,False,True
10593885,0.06420000,80.00000000,16299801,16299801,1782865220003792,False,True
10593886,0.06420000,80.00000000,16299802,16299802,1782865220003866,False,True
10593887,0.06420000,80.00000000,16299803,16299803,1782865220003973,False,True
10593888,0.06420000,82.00000000,16299804,16299805,1782865222813430,False,True
10593889,0.06420000,82.00000000,16299806,16299806,1782865222813589,False,True
10593890,0.06420000,82.00000000,16299807,16299807,1782865222813670,False,True
10593891,0.06420000,82.00000000,16299808,16299808,1782865222813676,False,True
10593892,0.06420000,82.00000000,16299809,16299809,1782865222813804,False,True
10593893,0.06420000,82.00000000,16299810,16299810,1782865222814188,False,True
10593894,0.06420000,104.00000000,16299811,16299811,1782865223019673,False,True
10593895,0.06420000,104.00000000,16299812,16299812,1782865223019718,False,True
10593896,0.06420000,104.00000000,16299813,16299813,1782865223020054,False,True
10593897,0.06420000,80.00000000,16299814,16299815,1782865223090984,False,True
10593898,0.06420000,80.00000000,16299816,16299816,1782865223091965,False,True
10593899,0.06420000,94.00000000,16299817,16299818,1782865223513978,False,True
10593900,0.06420000,94.00000000,16299819,16299819,1782865223514033,False,True
10593901,0.06420000,94.00000000,16299820,16299820,1782865223514094,False,True
10593902,0.06420000,94.00000000,16299821,16299821,1782865223514344,False,True
10593903,0.06420000,94.00000000,16299822,16299822,1782865223514674,False,True
10593904,0.06420000,89.00000000,16299823,16299823,1782865226949082,False,True
10593905,0.06420000,89.00000000,16299824,16299824,1782865226949085,False,True
10593906,0.06420000,89.00000000,16299825,16299825,1782865226949156,False,True
10593907,0.06420000,89.00000000,16299826,16299827,1782865226949559,False,True
10593908,0.06420000,89.00000000,16299828,16299828,1782865226949568,False,True
10593909,0.06420000,89.00000000,16299829,16299829,1782865226949855,False,True
10593910,0.06420000,268.00000000,16299830,16299830,1782865229652715,False,True
10593911,0.06420000,0.10000000,16299831,16299831,1782865229654179,False,True
10593912,0.06420000,1401.80000000,16299832,16299832,1782865229655317,True,True
10593913,0.06420000,1401.80000000,16299833,16299833,1782865229655376,True,True
10593914,0.06420000,2429.90000000,16299834,16299836,1782865229655612,True,True
10593915,0.06420000,1027.10000000,16299837,16299837,1782865229656517,True,True
10593916,0.06420000,82.00000000,16299838,16299838,1782865229699027,False,True
10593917,0.06420000,82.00000000,16299839,16299839,1782865229699140,False,True
10593918,0.06420000,82.00000000,16299840,16299840,1782865229699246,False,True
10593919,0.06420000,82.00000000,16299841,16299841,1782865229699393,False,True
10593920,0.06420000,80.00000000,16299842,16299842,1782865229767156,False,True
10593921,0.06420000,80.00000000,16299843,16299843,1782865229767555,False,True
10593922,0.06420000,80.00000000,16299844,16299844,1782865229922597,False,True
10593923,0.06420000,80.00000000,16299845,16299845,1782865229922665,False,True
10593924,0.06420000,80.00000000,16299846,16299846,1782865229922897,False,True
10593925,0.06420000,80.00000000,16299847,16299847,1782865229922973,False,True
10593926,0.06420000,3322.00000000,16299848,16299849,1782865231181391,False,True
10593927,0.06420000,178.00000000,16299850,16299850,1782865231184247,False,True
10593928,0.06420000,80.00000000,16299851,16299851,1782865231197466,False,True
10593929,0.06420000,80.00000000,16299852,16299852,1782865231197671,False,True
10593930,0.06420000,80.00000000,16299853,16299853,1782865231197709,False,True
10593931,0.06420000,80.00000000,16299854,16299854,1782865231197902,False,True
10593932,0.06420000,80.00000000,16299855,16299855,1782865231197927,False,True
10593933,0.06420000,80.00000000,16299856,16299856,1782865231197983,False,True
10593934,0.06420000,80.00000000,16299857,16299857,1782865231198060,False,True
10593935,0.06420000,576.00000000,16299858,16299858,1782865231273353,False,True
10593936,0.06420000,778.00000000,16299859,16299859,1782865231382191,False,True
10593937,0.06420000,6644.00000000,16299860,16299863,1782865237465464,False,True
10593938,0.06420000,1307.50000000,16299864,16299865,1782865237465790,False,True
10593939,0.06420000,80.00000000,16299866,16299866,1782865237481797,False,True
10593940,0.06420000,80.00000000,16299867,16299867,1782865237481870,False,True
10593941,0.06420000,80.00000000,16299868,16299868,1782865237481890,False,True
10593942,0.06420000,80.00000000,16299869,16299869,1782865237481981,False,True
10593943,0.06420000,80.00000000,16299870,16299870,1782865237482213,False,True
10593944,0.06420000,80.00000000,16299871,16299871,1782865237482235,False,True
10593945,0.06420000,80.00000000,16299872,16299872,1782865237482818,False,True
10593946,0.06420000,116.00000000,16299873,16299873,1782865237631741,False,True
10593947,0.06420000,0.10000000,16299874,16299874,1782865239334040,False,True
10593948,0.06420000,716.50000000,16299875,16299875,1782865239335259,True,True
10593949,0.06420000,716.50000000,16299876,16299876,1782865239335265,True,True
10593950,0.06420000,0.40000000,16299877,16299877,1782865239335371,True,True
10593951,0.06420000,1380.00000000,16299878,16299878,1782865239336627,True,True
10593952,0.06420000,730.00000000,16299879,16299880,1782865239431385,False,True
10593953,0.06420000,730.00000000,16299881,16299881,1782865239431497,False,True
10593954,0.06420000,730.00000000,16299882,16299883,1782865239431703,False,True
10593955,0.06420000,730.00000000,16299884,16299884,1782865239431709,False,True
10593956,0.06420000,730.00000000,16299885,16299886,1782865239431783,False,True
10593957,0.06420000,730.00000000,16299887,16299888,1782865239432404,False,True
10593958,0.06420000,778.00000000,16299889,16299890,1782865239481360,False,True
10593959,0.06420000,428.00000000,16299891,16299892,1782865239617633,False,True
10593960,0.06420000,250.00000000,16299893,16299895,1782865239654944,False,True
10593961,0.06420000,250.00000000,16299896,16299896,1782865239655063,False,True
10593962,0.06420000,250.00000000,16299897,16299897,1782865239655179,False,True
10593963,0.06420000,250.00000000,16299898,16299898,1782865239655183,False,True
10593964,0.06420000,250.00000000,16299899,16299899,1782865239655266,False,True
10593965,0.06420000,250.00000000,16299900,16299900,1782865239655303,False,True
10593966,0.06420000,242.00000000,16299901,16299901,1782865240027790,False,True
10593967,0.06420000,242.00000000,16299902,16299903,1782865240027796,False,True
10593968,0.06420000,242.00000000,16299904,16299904,1782865240027922,False,True
10593969,0.06420000,242.00000000,16299905,16299905,1782865240027962,False,True
10593970,0.06420000,242.00000000,16299906,16299906,1782865240027995,False,True
10593971,0.06420000,242.00000000,16299907,16299907,1782865240028492,False,True
10593972,0.06420000,245.00000000,16299908,16299908,1782865240821933,False,True
10593973,0.06420000,245.00000000,16299909,16299910,1782865240822007,False,True
10593974,0.06420000,245.00000000,16299911,16299911,1782865240822031,False,True
10593975,0.06420000,245.00000000,16299912,16299912,1782865240822243,False,True
10593976,0.06420000,245.00000000,16299913,16299913,1782865240822484,False,True
10593977,0.06420000,355.80000000,16299914,16299914,1782865243655445,False,True
10593978,0.06420000,685.30000000,16299915,16299915,1782865243657862,True,True
10593979,0.06420000,685.30000000,16299916,16299916,1782865243657968,True,True
10593980,0.06420000,685.30000000,16299917,16299918,1782865243658131,True,True
10593981,0.06420000,1380.00000000,16299919,16299919,1782865243659205,True,True
10593982,0.06420000,17.10000000,16299920,16299920,1782865243659316,True,True
10593983,0.06420000,210.00000000,16299921,16299921,1782865243675442,False,True
10593984,0.06420000,210.00000000,16299922,16299922,1782865243675749,False,True
10593985,0.06420000,210.00000000,16299923,16299923,1782865243675810,False,True
10593986,0.06420000,210.00000000,16299924,16299924,1782865243675915,False,True
10593987,0.06420000,210.00000000,16299925,16299925,1782865243675982,False,True
10593988,0.06420000,1054.50000000,16299926,16299928,1782865243745825,False,True
10593989,0.06420000,210.90000000,16299929,16299929,1782865243787628,False,True
10593990,0.06430000,100.10000000,16299930,16299930,1782865243787628,False,True
10593991,0.06430000,311.00000000,16299931,16299931,1782865243787797,False,True
10593992,0.06430000,311.00000000,16299932,16299932,1782865243787801,False,True
10593993,0.06430000,311.00000000,16299933,16299933,1782865243787915,False,True
10593994,0.06430000,311.00000000,16299934,16299934,1782865243787974,False,True
10593995,0.06430000,311.00000000,16299935,16299935,1782865243788019,False,True
10593996,0.06430000,311.00000000,16299936,16299936,1782865243788225,False,True
10593997,0.06430000,311.00000000,16299937,16299937,1782865243788921,False,True
10593998,0.06430000,311.00000000,16299938,16299938,1782865243788931,False,True
10593999,0.06430000,311.00000000,16299939,16299939,1782865243789118,False,True
10594000,0.06430000,311.00000000,16299940,16299940,1782865243789152,False,True
10594001,0.06430000,311.00000000,16299941,16299941,1782865243789194,False,True
10594002,0.06430000,311.00000000,16299942,16299942,1782865243789328,False,True
10594003,0.06430000,311.00000000,16299943,16299943,1782865243789544,False,True
10594004,0.06430000,311.00000000,16299944,16299945,1782865243811178,False,True
10594005,0.06430000,311.00000000,16299946,16299947,1782865243815906,False,True
10594006,0.06430000,189.00000000,16299948,16299948,1782865243881732,False,True
10594007,0.06430000,189.00000000,16299949,16299949,1782865243881770,False,True
10594008,0.06430000,189.00000000,16299950,16299950,1782865243881861,False,True
10594009,0.06430000,189.00000000,16299951,16299951,1782865243881865,False,True
10594010,0.06430000,189.00000000,16299952,16299952,1782865243881877,False,True
10594011,0.06430000,1195.00000000,16299953,16299953,1782865244019394,False,True
10594012,0.06430000,80.00000000,16299954,16299954,1782865244091538,False,True
10594013,0.06430000,80.00000000,16299955,16299955,1782865244091592,False,True
10594014,0.06430000,80.00000000,16299956,16299956,1782865244091701,False,True
10594015,0.06430000,80.00000000,16299957,16299957,1782865244091960,False,True
10594016,0.06430000,80.00000000,16299958,16299958,1782865244092005,False,True
10594017,0.06430000,778.00000000,16299959,16299959,1782865244196354,False,True
10594018,0.06430000,143.00000000,16299960,16299960,1782865244301320,False,True
10594019,0.06430000,143.00000000,16299961,16299961,1782865244301508,False,True
10594020,0.06430000,143.00000000,16299962,16299962,1782865244301681,False,True
10594021,0.06430000,143.00000000,16299963,16299963,1782865244301781,False,True
10594022,0.06430000,86.00000000,16299964,16299964,1782865244539482,False,True
10594023,0.06430000,86.00000000,16299965,16299965,1782865244539630,False,True
10594024,0.06430000,86.00000000,16299966,16299966,1782865244539707,False,True
10594025,0.06430000,86.00000000,16299967,16299967,1782865244539719,False,True
10594026,0.06430000,86.00000000,16299968,16299968,1782865244539851,False,True
10594027,0.06430000,1195.00000000,16299969,16299969,1782865244574941,False,True
10594028,0.06430000,685.20000000,16299970,16299970,1782865244664509,False,True
10594029,0.06430000,685.20000000,16299971,16299972,1782865244665993,False,True
10594030,0.06430000,685.20000000,16299973,16299973,1782865244668016,False,True
10594031,0.06430000,85.00000000,16299974,16299974,1782865244759406,False,True
10594032,0.06430000,85.00000000,16299975,16299975,1782865244759454,False,True
10594033,0.06430000,85.00000000,16299976,16299976,1782865244759523,False,True
10594034,0.06430000,85.00000000,16299977,16299977,1782865244759543,False,True
10594035,0.06430000,85.00000000,16299978,16299978,1782865244759994,False,True
10594036,0.06430000,778.00000000,16299979,16299980,1782865244834894,False,True
10594037,0.06430000,123.00000000,16299981,16299982,1782865245033750,False,True
10594038,0.06430000,123.00000000,16299983,16299983,1782865245033971,False,True
10594039,0.06430000,123.00000000,16299984,16299984,1782865245034005,False,True
10594040,0.06430000,123.00000000,16299985,16299986,1782865245034149,False,True
10594041,0.06430000,123.00000000,16299987,16299987,1782865245034287,False,True
10594042,0.06430000,249.00000000,16299988,16299988,1782865245116685,False,True
10594043,0.06430000,80.00000000,16299989,16299990,1782865245232798,False,True
10594044,0.06430000,80.00000000,16299991,16299991,1782865245233015,False,True
10594045,0.06430000,80.00000000,16299992,16299992,1782865245233129,False,True
10594046,0.06430000,80.00000000,16299993,16299993,1782865245233181,False,True
10594047,0.06430000,80.00000000,16299994,16299994,1782865245233186,False,True
10594048,0.06430000,414.00000000,16299995,16299995,1782865245835093,False,True
10594049,0.06430000,80.00000000,16299996,16299996,1782865245852424,False,True
10594050,0.06430000,80.00000000,16299997,16299998,1782865245852575,False,True
10594051,0.06430000,80.00000000,16299999,16299999,1782865245852895,False,True
10594052,0.06430000,80.00000000,16300000,16300000,1782865245853037,False,True
10594053,0.06430000,778.00000000,16300001,16300002,1782865246015506,False,True
10594054,0.06430000,255.00000000,16300003,16300003,1782865246063025,False,True
10594055,0.06430000,229.20000000,16300004,16300004,1782865246063074,False,True
10594056,0.06440000,25.80000000,16300005,16300005,1782865246063074,False,True
10594057,0.06440000,255.00000000,16300006,16300006,1782865246063309,False,True
10594058,0.06440000,255.00000000,16300007,16300007,1782865246063457,False,True
10594059,0.06430000,2426.30000000,16300008,16300008,1782865278759861,False,True
10594060,0.06420000,576.00000000,16300009,16300009,1782865292424935,True,True
10594061,0.06420000,87.80000000,16300010,16300010,1782865292428132,True,True
10594062,0.06420000,476.70000000,16300011,16300012,1782865292429533,True,True
10594063,0.06420000,936.00000000,16300013,16300015,1782865299553634,True,True
10594064,0.06420000,339.20000000,16300016,16300016,1782865323598488,False,True
10594065,0.06410000,410.60000000,16300017,16300018,1782865365069904,True,True
10594066,0.06410000,339.40000000,16300019,16300019,1782865443610718,False,True
10594067,0.06400000,1651.80000000,16300020,16300025,1782865460469832,True,True
10594068,0.06390000,4790.00000000,16300026,16300036,1782865467190489,True,True
10594069,0.06390000,1070.20000000,16300037,16300037,1782865470182405,False,True
10594070,0.06400000,2216.30000000,16300038,16300041,1782865500856707,False,True
10594071,0.06400000,185.00000000,16300042,16300042,1782865500868193,False,True
10594072,0.06400000,185.00000000,16300043,16300043,1782865500868713,False,True
10594073,0.06400000,185.00000000,16300044,16300044,1782865500868869,False,True
10594074,0.06400000,185.00000000,16300045,16300045,1782865500868931,False,True
10594075,0.06400000,185.00000000,16300046,16300046,1782865500869160,False,True
10594076,0.06400000,185.00000000,16300047,16300047,1782865500885342,False,True
10594077,0.06400000,1195.00000000,16300048,16300048,1782865500997013,False,True
10594078,0.06400000,85.00000000,16300049,16300049,1782865501130183,False,True
10594079,0.06400000,85.00000000,16300050,16300050,1782865501130254,False,True
10594080,0.06400000,85.00000000,16300051,16300051,1782865501130343,False,True
10594081,0.06400000,85.00000000,16300052,16300052,1782865501130646,False,True
10594082,0.06400000,85.00000000,16300053,16300053,1782865501130793,False,True
10594083,0.06400000,85.00000000,16300054,16300054,1782865501146411,False,True
10594084,0.06400000,417.00000000,16300055,16300055,1782865501216556,False,True
10594085,0.06400000,82.00000000,16300056,16300056,1782865501360063,False,True
10594086,0.06400000,82.00000000,16300057,16300057,1782865501360297,False,True
10594087,0.06400000,82.00000000,16300058,16300058,1782865501360342,False,True
10594088,0.06400000,82.00000000,16300059,16300059,1782865501360466,False,True
10594089,0.06400000,82.00000000,16300060,16300060,1782865501360527,False,True
10594090,0.06400000,82.00000000,16300061,16300061,1782865501372965,False,True
10594091,0.06400000,80.00000000,16300062,16300062,1782865501572075,False,True
10594092,0.06400000,80.00000000,16300063,16300063,1782865501572095,False,True
10594093,0.06400000,80.00000000,16300064,16300064,1782865501572167,False,True
10594094,0.06400000,80.00000000,16300065,16300065,1782865501572330,False,True
10594095,0.06400000,80.00000000,16300066,16300066,1782865501572408,False,True
10594096,0.06400000,80.00000000,16300067,16300067,1782865501591270,False,True
10594097,0.06400000,80.00000000,16300068,16300068,1782865501853565,False,True
10594098,0.06400000,80.00000000,16300069,16300069,1782865501853607,False,True
10594099,0.06400000,80.00000000,16300070,16300070,1782865501853695,False,True
10594100,0.06400000,80.00000000,16300071,16300071,1782865501853805,False,True
10594101,0.06400000,80.00000000,16300072,16300072,1782865501853872,False,True
10594102,0.06400000,80.00000000,16300073,16300073,1782865501874607,False,True
10594103,0.06400000,80.00000000,16300074,16300074,1782865502467619,False,True
10594104,0.06400000,80.00000000,16300075,16300075,1782865502467680,False,True
10594105,0.06400000,80.00000000,16300076,16300076,1782865502467724,False,True
10594106,0.06400000,80.00000000,16300077,16300077,1782865502467860,False,True
10594107,0.06400000,80.00000000,16300078,16300078,1782865502467960,False,True
10594108,0.06400000,80.00000000,16300079,16300079,1782865502486100,False,True
10594109,0.06400000,80.00000000,16300080,16300080,1782865502687591,False,True
10594110,0.06400000,80.00000000,16300081,16300081,1782865502687634,False,True
10594111,0.06400000,80.00000000,16300082,16300082,1782865502687676,False,True
10594112,0.06400000,80.00000000,16300083,16300083,1782865502687795,False,True
10594113,0.06400000,80.00000000,16300084,16300084,1782865502687868,False,True
10594114,0.06400000,80.00000000,16300085,16300085,1782865502705110,False,True
10594115,0.06400000,80.00000000,16300086,16300086,1782865502939562,False,True
10594116,0.06400000,80.00000000,16300087,16300087,1782865502939566,False,True
10594117,0.06400000,80.00000000,16300088,16300088,1782865502939813,False,True
10594118,0.06400000,80.00000000,16300089,16300089,1782865502939819,False,True
10594119,0.06400000,80.00000000,16300090,16300090,1782865502939864,False,True
10594120,0.06400000,80.00000000,16300091,16300091,1782865502956715,False,True
10594121,0.06400000,524.70000000,16300092,16300092,1782865521690571,False,True
10594122,0.06400000,12173.50000000,16300093,16300107,1782865538734856,True,True
10594123,0.06400000,2917.20000000,16300108,16300117,1782865539913079,True,True
10594124,0.06400000,5220.80000000,16300118,16300134,1782865539934258,True,True
10594125,0.06390000,3000.50000000,16300135,16300142,1782865545524767,True,True
10594126,0.06390000,778.00000000,16300143,16300145,1782865546172203,True,True
10594127,0.06390000,1142.40000000,16300146,16300150,1782865552719069,True,True
10594128,0.06390000,10524.00000000,16300151,16300178,1782865618301237,True,True
10594129,0.06390000,80.00000000,16300179,16300179,1782865624358577,False,True
10594130,0.06390000,80.00000000,16300180,16300180,1782865624358609,False,True
10594131,0.06390000,80.00000000,16300181,16300181,1782865624358719,False,True
10594132,0.06390000,80.00000000,16300182,16300182,1782865624359049,False,True
10594133,0.06390000,80.00000000,16300183,16300183,1782865624359136,False,True
10594134,0.06390000,80.00000000,16300184,16300184,1782865624371871,False,True
10594135,0.06390000,442.90000000,16300185,16300185,1782865626528961,False,True
10594136,0.06390000,88.50000000,16300186,16300186,1782865626570257,False,True
10594137,0.06400000,90.00000000,16300187,16300188,1782865670274679,False,True
10594138,0.06400000,90.00000000,16300189,16300189,1782865670274772,False,True
10594139,0.06400000,90.00000000,16300190,16300190,1782865670274849,False,True
10594140,0.06400000,90.00000000,16300191,16300191,1782865670275082,False,True
10594141,0.06400000,90.00000000,16300192,16300192,1782865670275162,False,True
10594142,0.06400000,90.00000000,16300193,16300193,1782865670292291,False,True
10594143,0.06400000,778.00000000,16300194,16300194,1782865670361675,False,True
10594144,0.06400000,330.00000000,16300195,16300195,1782865671759664,False,True
10594145,0.06400000,330.00000000,16300196,16300196,1782865671760007,False,True
10594146,0.06400000,330.00000000,16300197,16300197,1782865671760142,False,True
10594147,0.06400000,330.00000000,16300198,16300198,1782865671760848,False,True
10594148,0.06400000,330.00000000,16300199,16300199,1782865671761052,False,True
10594149,0.06400000,330.00000000,16300200,16300200,1782865671774715,False,True
10594150,0.06400000,184.00000000,16300201,16300201,1782865672009640,False,True
10594151,0.06400000,184.00000000,16300202,16300202,1782865672009757,False,True
10594152,0.06400000,184.00000000,16300203,16300203,1782865672009785,False,True
10594153,0.06400000,184.00000000,16300204,16300204,1782865672010201,False,True
10594154,0.06400000,184.00000000,16300205,16300205,1782865672010622,False,True
10594155,0.06400000,184.00000000,16300206,16300206,1782865672030867,False,True
10594156,0.06400000,80.00000000,16300207,16300207,1782865673561751,False,True
10594157,0.06400000,80.00000000,16300208,16300208,1782865673561830,False,True
10594158,0.06400000,80.00000000,16300209,16300209,1782865673561917,False,True
10594159,0.06400000,80.00000000,16300210,16300210,1782865673561995,False,True
10594160,0.06400000,80.00000000,16300211,16300211,1782865673562049,False,True
10594161,0.06400000,80.00000000,16300212,16300212,1782865673574171,False,True
10594162,0.06400000,80.00000000,16300213,16300213,1782865673863747,False,True
10594163,0.06400000,80.00000000,16300214,16300214,1782865673863852,False,True
10594164,0.06400000,80.00000000,16300215,16300215,1782865673863921,False,True
10594165,0.06400000,80.00000000,16300216,16300216,1782865673863940,False,True
10594166,0.06400000,80.00000000,16300217,16300217,1782865673864078,False,True
10594167,0.06400000,80.00000000,16300218,16300218,1782865673880061,False,True
10594168,0.06400000,141.00000000,16300219,16300219,1782865691406747,False,True
10594169,0.06400000,141.00000000,16300220,16300220,1782865691406894,False,True
10594170,0.06400000,141.00000000,16300221,16300221,1782865691406971,False,True
10594171,0.06400000,141.00000000,16300222,16300222,1782865691407109,False,True
10594172,0.06400000,141.00000000,16300223,16300223,1782865691407167,False,True
10594173,0.06400000,141.00000000,16300224,16300224,1782865691423936,False,True
10594174,0.06400000,80.00000000,16300225,16300225,1782865695733652,False,True
10594175,0.06400000,80.00000000,16300226,16300226,1782865695733692,False,True
10594176,0.06400000,80.00000000,16300227,16300227,1782865695749951,False,True
10594177,0.06400000,80.00000000,16300228,16300228,1782865695945506,False,True
10594178,0.06400000,80.00000000,16300229,16300229,1782865695945573,False,True
10594179,0.06400000,80.00000000,16300230,16300230,1782865695945579,False,True
10594180,0.06400000,80.00000000,16300231,16300231,1782865695945701,False,True
10594181,0.06400000,80.00000000,16300232,16300232,1782865695945710,False,True
10594182,0.06400000,80.00000000,16300233,16300233,1782865695962203,False,True
10594183,0.06400000,82.00000000,16300234,16300234,1782865696181433,False,True
10594184,0.06400000,82.00000000,16300235,16300235,1782865696181522,False,True
10594185,0.06400000,82.00000000,16300236,16300236,1782865696181603,False,True
10594186,0.06400000,82.00000000,16300237,16300237,1782865696181663,False,True
10594187,0.06400000,82.00000000,16300238,16300238,1782865696203730,False,True
10594188,0.06400000,82.00000000,16300239,16300239,1782865696252441,False,True
10594189,0.06400000,80.00000000,16300240,16300240,1782865696404866,False,True
10594190,0.06400000,80.00000000,16300241,16300241,1782865696404921,False,True
10594191,0.06400000,80.00000000,16300242,16300242,1782865696404957,False,True
10594192,0.06400000,80.00000000,16300243,16300243,1782865696405293,False,True
10594193,0.06400000,80.00000000,16300244,16300244,1782865696422003,False,True
10594194,0.06400000,115.00000000,16300245,16300245,1782865697645871,False,True
10594195,0.06400000,115.00000000,16300246,16300246,1782865697645994,False,True
10594196,0.06400000,115.00000000,16300247,16300247,1782865697646134,False,True
10594197,0.06400000,115.00000000,16300248,16300248,1782865697646261,False,True
10594198,0.06400000,115.00000000,16300249,16300249,1782865697646355,False,True
10594199,0.06400000,115.00000000,16300250,16300250,1782865697661013,False,True
10594200,0.06400000,87.00000000,16300251,16300251,1782865701406411,False,True
10594201,0.06400000,87.00000000,16300252,16300253,1782865701406478,False,True
10594202,0.06400000,87.00000000,16300254,16300254,1782865701406648,False,True
10594203,0.06400000,87.00000000,16300255,16300255,1782865701406769,False,True
10594204,0.06400000,87.00000000,16300256,16300256,1782865701432749,False,True
10594205,0.06400000,80.00000000,16300257,16300258,1782865707559644,False,True
10594206,0.06400000,80.00000000,16300259,16300259,1782865707560092,False,True
10594207,0.06400000,80.00000000,16300260,16300260,1782865707560097,False,True
10594208,0.06400000,80.00000000,16300261,16300262,1782865707560297,False,True
10594209,0.06400000,80.00000000,16300263,16300263,1782865707572962,False,True
10594210,0.06400000,466.30000000,16300264,16300265,1782865716127921,False,True
10594211,0.06400000,80.00000000,16300266,16300266,1782865716151957,False,True
10594212,0.06400000,80.00000000,16300267,16300268,1782865716152065,False,True
10594213,0.06400000,80.00000000,16300269,16300269,1782865716152317,False,True
10594214,0.06400000,80.00000000,16300270,16300270,1782865716152423,False,True
10594215,0.06400000,80.00000000,16300271,16300271,1782865716169438,False,True
10594216,0.06400000,33.20000000,16300272,16300272,1782865716170441,False,True
10594217,0.06410000,103.00000000,16300273,16300273,1782865723573854,False,True
10594218,0.06410000,103.00000000,16300274,16300274,1782865723573944,False,True
10594219,0.06410000,103.00000000,16300275,16300275,1782865723574005,False,True
10594220,0.06410000,103.00000000,16300276,16300276,1782865723574095,False,True
10594221,0.06410000,103.00000000,16300277,16300277,1782865723588926,False,True
10594222,0.06410000,778.00000000,16300278,16300279,1782865723737599,False,True
10594223,0.06410000,151.00000000,16300280,16300280,1782865723781631,False,True
10594224,0.06410000,151.00000000,16300281,16300281,1782865723781673,False,True
10594225,0.06410000,151.00000000,16300282,16300282,1782865723781712,False,True
10594226,0.06410000,151.00000000,16300283,16300283,1782865723781954,False,True
10594227,0.06410000,151.00000000,16300284,16300284,1782865723795831,False,True
10594228,0.06410000,778.00000000,16300285,16300285,1782865723915837,False,True
10594229,0.06410000,80.00000000,16300286,16300286,1782865723977370,False,True
10594230,0.06410000,80.00000000,16300287,16300287,1782865723977693,False,True
10594231,0.06410000,80.00000000,16300288,16300288,1782865723977737,False,True
10594232,0.06410000,80.00000000,16300289,16300289,1782865723977775,False,True
10594233,0.06410000,80.00000000,16300290,16300290,1782865723990319,False,True
10594234,0.06410000,80.00000000,16300291,16300291,1782865724338792,False,True
10594235,0.06410000,93.00000000,16300292,16300292,1782865724373235,False,True
10594236,0.06410000,84.00000000,16300293,16300293,1782865724377973,False,True
10594237,0.06410000,84.00000000,16300294,16300294,1782865724378165,False,True
10594238,0.06410000,84.00000000,16300295,16300295,1782865724378244,False,True
10594239,0.06400000,1797.70000000,16300296,16300296,1782865724475422,True,True
10594240,0.06410000,80.00000000,16300297,16300297,1782865724573534,False,True
10594241,0.06410000,778.00000000,16300298,16300298,1782865724677002,False,True
10594242,0.06410000,80.00000000,16300299,16300299,1782865724695872,False,True
10594243,0.06410000,80.00000000,16300300,16300300,1782865724696268,False,True
10594244,0.06410000,80.00000000,16300301,16300301,1782865724696621,False,True
10594245,0.06410000,778.00000000,16300302,16300302,1782865724951202,False,True
10594246,0.06410000,80.00000000,16300303,16300303,1782865724954128,False,True
10594247,0.06410000,80.00000000,16300304,16300304,1782865724954176,False,True
10594248,0.06410000,80.00000000,16300305,16300305,1782865724954249,False,True
10594249,0.06410000,80.00000000,16300306,16300306,1782865724967746,False,True
10594250,0.06410000,80.00000000,16300307,16300307,1782865725145743,False,True
10594251,0.06410000,80.00000000,16300308,16300308,1782865725303467,False,True
10594252,0.06410000,80.00000000,16300309,16300309,1782865725303669,False,True
10594253,0.06410000,80.00000000,16300310,16300310,1782865725303791,False,True
10594254,0.06410000,80.00000000,16300311,16300311,1782865725320637,False,True
10594255,0.06410000,80.00000000,16300312,16300312,1782865725885115,False,True
10594256,0.06410000,80.00000000,16300313,16300313,1782865725885193,False,True
10594257,0.06410000,80.00000000,16300314,16300314,1782865725885240,False,True
10594258,0.06410000,80.00000000,16300315,16300315,1782865725885547,False,True
10594259,0.06410000,80.00000000,16300316,16300316,1782865725902616,False,True
10594260,0.06410000,80.00000000,16300317,16300317,1782865728283968,False,True
10594261,0.06410000,80.00000000,16300318,16300318,1782865728284068,False,True
10594262,0.06410000,80.00000000,16300319,16300319,1782865728284115,False,True
10594263,0.06410000,80.00000000,16300320,16300320,1782865728284216,False,True
10594264,0.06410000,80.00000000,16300321,16300321,1782865728297065,False,True
10594265,0.06410000,80.00000000,16300322,16300322,1782865728539679,False,True
10594266,0.06410000,80.00000000,16300323,16300323,1782865728539721,False,True
10594267,0.06410000,80.00000000,16300324,16300324,1782865728539873,False,True
10594268,0.06410000,80.00000000,16300325,16300325,1782865728539948,False,True
10594269,0.06410000,80.00000000,16300326,16300326,1782865728552683,False,True
10594270,0.06410000,80.00000000,16300327,16300327,1782865729670845,False,True
10594271,0.06410000,80.00000000,16300328,16300328,1782865729670925,False,True
10594272,0.06410000,80.00000000,16300329,16300329,1782865729673157,False,True
10594273,0.06410000,80.00000000,16300330,16300330,1782865729673317,False,True
10594274,0.06410000,80.00000000,16300331,16300331,1782865729688293,False,True
10594275,0.06410000,172.00000000,16300332,16300332,1782865730297988,False,True
10594276,0.06410000,172.00000000,16300333,16300333,1782865730298151,False,True
10594277,0.06410000,172.00000000,16300334,16300334,1782865730298440,False,True
